@String(PAMI = {IEEE Trans. Pattern Anal. Mach. Intell.})
@String(IJCV = {Int. J. Comput. Vis.})
@String(CVPR= {IEEE Conf. Comput. Vis. Pattern Recog.})
@String(ICCV= {Int. Conf. Comput. Vis.})
@String(ECCV= {Eur. Conf. Comput. Vis.})
@String(NIPS= {Adv. Neural Inform. Process. Syst.})
@String(ICPR = {Int. Conf. Pattern Recog.})
@String(BMVC= {Brit. Mach. Vis. Conf.})
@String(TOG= {ACM Trans. Graph.})
@String(TIP  = {IEEE Trans. Image Process.})
@String(TVCG  = {IEEE Trans. Vis. Comput. Graph.})
@String(TMM  = {IEEE Trans. Multimedia})
@String(ACMMM= {ACM Int. Conf. Multimedia})
@String(ICME = {Int. Conf. Multimedia and Expo})
@String(ICASSP=	{ICASSP})
@String(ICIP = {IEEE Int. Conf. Image Process.})
@String(ACCV  = {ACCV})
@String(ICLR = {Int. Conf. Learn. Represent.})
@String(IJCAI = {IJCAI})
@String(PR   = {Pattern Recognition})
@String(AAAI = {AAAI})
@String(CVPRW= {IEEE Conf. Comput. Vis. Pattern Recog. Worksh.})
@String(CSVT = {IEEE Trans. Circuit Syst. Video Technol.})

@String(SPL	= {IEEE Sign. Process. Letters})
@String(VR   = {Vis. Res.})
@String(JOV	 = {J. Vis.})
@String(TVC  = {The Vis. Comput.})
@String(JCST  = {J. Comput. Sci. Tech.})
@String(CGF  = {Comput. Graph. Forum})
@String(CVM = {Computational Visual Media})


@String(PAMI  = {IEEE TPAMI})
@String(IJCV  = {IJCV})
@String(CVPR  = {CVPR})
@String(ICCV  = {ICCV})
@String(ECCV  = {ECCV})
@String(NIPS  = {NeurIPS})
@String(ICPR  = {ICPR})
@String(BMVC  =	{BMVC})
@String(TOG   = {ACM TOG})
@String(TIP   = {IEEE TIP})
@String(TVCG  = {IEEE TVCG})
@String(TCSVT = {IEEE TCSVT})
@String(TMM   =	{IEEE TMM})
@String(ACMMM = {ACM MM})
@String(ICME  =	{ICME})
@String(ICASSP=	{ICASSP})
@String(ICIP  = {ICIP})
@String(ACCV  = {ACCV})
@String(ICLR  = {ICLR})
@String(IJCAI = {IJCAI})
@String(PR = {PR})
@String(AAAI = {AAAI})
@String(CVPRW= {CVPRW})
@String(CSVT = {IEEE TCSVT})

@article{gpt4,
  title={{GPT-4 technical report}},
  author={Achiam, Josh and Adler, Steven and Agarwal, Sandhini and Ahmad, Lama and Akkaya, Ilge and Aleman, Florencia Leoni and Almeida, Diogo and Altenschmidt, Janko and Altman, Sam and Anadkat, Shyamal and others},
  journal={arXiv preprint arXiv:2303.08774},
  year={2023}
}

@article{deepseekr1,
  title={{DeepSeek-R1: Incentivizing Reasoning Capability in LLMs via Reinforcement Learning}},
  author={Guo, Daya and Yang, Dejian and Zhang, Haowei and Song, Junxiao and Zhang, Ruoyu and Xu, Runxin and Zhu, Qihao and Ma, Shirong and Wang, Peiyi and Bi, Xiao and others},
  journal={arXiv preprint arXiv:2501.12948},
  year={2025}
}

@article{math500,
  title={{AceMath: Advancing Frontier Math Reasoning with Post-Training and Reward Modeling}},
  author={Liu, Zihan and Chen, Yang and Shoeybi, Mohammad and Catanzaro, Bryan and Ping, Wei},
  journal={arXiv preprint arXiv:2412.15084},
  year={2024}
}

@inproceedings{Transformer,
  title={Attention is all you need},
  author={Waswani, A and Shazeer, N and Parmar, N and Uszkoreit, J and Jones, L and Gomez, A and Kaiser, L and Polosukhin, I},
  booktitle={Advances in Neural Information Processing Systems},
  year={2017}
}

@article{gpqa,
  title={Gpqa: A graduate-level google-proof q\&a benchmark},
  author={Rein, David and Hou, Betty Li and Stickland, Asa Cooper and Petty, Jackson and Pang, Richard Yuanzhe and Dirani, Julien and Michael, Julian and Bowman, Samuel R},
  journal={arXiv preprint arXiv:2311.12022},
  year={2023}
}

@article{deepseekv3,
  title={{Deepseek-V3 technical report}},
  author={Liu, Aixin and Feng, Bei and Xue, Bing and Wang, Bingxuan and Wu, Bochao and Lu, Chengda and Zhao, Chenggang and Deng, Chengqi and Zhang, Chenyu and Ruan, Chong and others},
  journal={arXiv preprint arXiv:2412.19437},
  year={2024}
}

@article{gbm,
  title={{Gaussian Building Mesh (GBM): Extract a Building's 3D Mesh with Google Earth and Gaussian Splatting}},
  author={Gao, Kyle and Li, Liangzhi and He, Hongjie and Lu, Dening and Xu, Linlin and Li, Jonathan},
  journal={arXiv preprint arXiv:2501.00625},
  year={2024}
}
@article{2009pvms,
  title={Accurate, dense, and robust multiview stereopsis},
  author={Furukawa, Yasutaka and Ponce, Jean},
  journal={IEEE transactions on pattern analysis and machine intelligence},
  volume={32},
  number={8},
  pages={1362--1376},
  year={2009},
  publisher={IEEE}
}

@article{2004ssim,
  title={Image quality assessment: from error visibility to structural similarity},
  author={Wang, Zhou and Bovik, Alan C and Sheikh, Hamid R and Simoncelli, Eero P},
  journal={IEEE transactions on image processing},
  volume={13},
  number={4},
  pages={600--612},
  year={2004},
  publisher={IEEE}
}

@inproceedings{2023controlnet,
  title={Adding conditional control to text-to-image diffusion models},
  author={Zhang, Lvmin and Rao, Anyi and Agrawala, Maneesh},
  booktitle={Proceedings of the IEEE/CVF International Conference on Computer Vision},
  pages={3836--3847},
  year={2023}
}

@inproceedings{2016COLMAP,
  title={Structure-from-motion revisited},
  author={Schonberger, Johannes L and Frahm, Jan-Michael},
  booktitle={Proceedings of the IEEE conference on computer vision and pattern recognition},
  pages={4104--4113},
  year={2016}
}
@article{2023gaussian_splatting,
  title={{3d gaussian splatting for real-time radiance field rendering}},
  author={Kerbl, Bernhard and Kopanas, Georgios and Leimk{\"u}hler, Thomas and Drettakis, George},
  journal={ACM Transactions on Graphics},
  volume={42},
  number={4},
  pages={1--14},
  year={2023},
  publisher={ACM}
}
@inproceedings{2024gs2mesh,
  title={{GS}2{M}esh: Surface Reconstruction from {G}aussian Splatting via Novel Stereo Views},
  author={Yaniv Wolf and Amit Bracha and Ron Kimmel},
  booktitle={European Conference on Computer Vision},
  pages={207--224},
  year={2025},
  organization={Springer}
}
@inproceedings{2024sugar,
  title={Sugar: Surface-aligned gaussian splatting for efficient 3d mesh reconstruction and high-quality mesh rendering},
  author={Gu{\'e}don, Antoine and Lepetit, Vincent},
  booktitle={Proceedings of the IEEE/CVF Conference on Computer Vision and Pattern Recognition},
  pages={5354--5363},
  year={2024}
}

@inproceedings{20242dgs,
  title={2d gaussian splatting for geometrically accurate radiance fields},
  author={Huang, Binbin and Yu, Zehao and Chen, Anpei and Geiger, Andreas and Gao, Shenghua},
  booktitle={ACM SIGGRAPH 2024 Conference Papers},
  pages={1--11},
  year={2024}
}
@article{2024GOF,
  title={Gaussian opacity fields: Efficient and compact surface reconstruction in unbounded scenes},
  author={Yu, Zehao and Sattler, Torsten and Geiger, Andreas},
  journal={arXiv preprint arXiv:2404.10772},
  year={2024}
}

@inproceedings{2016dtu,
  title={A large-scale 3D object recognition dataset},
  author={S{\o}lund, Thomas and Buch, Anders Glent and Kr{\"u}ger, Norbert and Aan{\ae}s, Henrik},
  booktitle={2016 Fourth International Conference on 3D Vision (3DV)},
  pages={73--82},
  year={2016},
  organization={IEEE}
}

@inproceedings{1996tsdf,
  title={A volumetric method for building complex models from range images},
  author={Curless, Brian and Levoy, Marc},
  booktitle={Proceedings of the 23rd annual conference on Computer graphics and interactive techniques},
  pages={303--312},
  year={1996}
}

@inproceedings{2023DLNR,
  title={High-frequency stereo matching network},
  author={Zhao, Haoliang and Zhou, Huizhou and Zhang, Yongjun and Chen, Jie and Yang, Yitong and Zhao, Yong},
  booktitle={Proceedings of the IEEE/CVF conference on computer vision and pattern recognition},
  pages={1327--1336},
  year={2023}
}

@article{2002middlefury,
  title={A taxonomy and evaluation of dense two-frame stereo correspondence algorithms},
  author={Scharstein, Daniel and Szeliski, Richard},
  journal={International journal of computer vision},
  volume={47},
  pages={7--42},
  year={2002},
  publisher={Springer}
}

@incollection{1998marchingcubes,
  title={Marching cubes: A high resolution 3D surface construction algorithm},
  author={Lorensen, William E and Cline, Harvey E},
  booktitle={Seminal graphics: pioneering efforts that shaped the field},
  pages={347--353},
  year={1998}
}

@article{2024sam2,
  title={{Sam 2: Segment anything in images and videos}},
  author={Ravi, Nikhila and Gabeur, Valentin and Hu, Yuan-Ting and Hu, Ronghang and Ryali, Chaitanya and Ma, Tengyu and Khedr, Haitham and R{\"a}dle, Roman and Rolland, Chloe and Gustafson, Laura and others},
  journal={arXiv preprint arXiv:2408.00714},
  year={2024}
}

@inproceedings{2023sam,
  title={Segment anything},
  author={Kirillov, Alexander and Mintun, Eric and Ravi, Nikhila and Mao, Hanzi and Rolland, Chloe and Gustafson, Laura and Xiao, Tete and Whitehead, Spencer and Berg, Alexander C and Lo, Wan-Yen and others},
  booktitle={Proceedings of the IEEE/CVF International Conference on Computer Vision},
  pages={4015--4026},
  year={2023}
}



@inproceedings{
2021vit,
title={An Image is Worth 16x16 Words: Transformers for Image Recognition at Scale},
author={Alexey Dosovitskiy and Lucas Beyer and Alexander Kolesnikov and Dirk Weissenborn and Xiaohua Zhai and Thomas Unterthiner and Mostafa Dehghani and Matthias Minderer and Georg Heigold and Sylvain Gelly and Jakob Uszkoreit and Neil Houlsby},
booktitle={International Conference on Learning Representations},
year={2021},
url={https://openreview.net/forum?id=YicbFdNTTy}
}

@article{canny,
  title={A computational approach to edge detection},
  author={Canny, John},
  journal={IEEE Transactions on pattern analysis and machine intelligence},
  number={6},
  pages={679--698},
  year={1986},
  publisher={Ieee}
}
@article{2018open3d,
  title={Open3D: A modern library for 3D data processing},
  author={Zhou, Qian-Yi and Park, Jaesik and Koltun, Vladlen},
  journal={arXiv preprint arXiv:1801.09847},
  year={2018}
}
@article{1972rdp,
  title={An iterative procedure for the polygonal approximation of plane curves},
  author={Ramer, Urs},
  journal={Computer graphics and image processing},
  volume={1},
  number={3},
  pages={244--256},
  year={1972},
  publisher={Elsevier}
}

@inproceedings{SAM,
  title={Segment anything},
  author={Kirillov, Alexander and Mintun, Eric and Ravi, Nikhila and Mao, Hanzi and Rolland, Chloe and Gustafson, Laura and Xiao, Tete and Whitehead, Spencer and Berg, Alexander C and Lo, Wan-Yen and others},
  booktitle={Proceedings of the IEEE/CVF International Conference on Computer Vision},
  pages={4015--4026},
  year={2023}
}

@article{SAM2,
  title={Sam 2: Segment anything in images and videos},
  author={Ravi, Nikhila and Gabeur, Valentin and Hu, Yuan-Ting and Hu, Ronghang and Ryali, Chaitanya and Ma, Tengyu and Khedr, Haitham and R{\"a}dle, Roman and Rolland, Chloe and Gustafson, Laura and others},
  journal={arXiv preprint arXiv:2408.00714},
  year={2024}
}

@article{2dgsp,
  author = {Ye, Chongjie and Contributors},
  title = {2d-gaussian-splatting-great-again},
  year = {2024},
  publisher = {GitHub},
  journal = {GitHub repository},
  url = {https://github.com/hugoycj/2d-gaussian-splatting-great-again/tree/main},
  commit = {323ad80a632b64922952af1a4b1fa6b5f4282261}
}


@manual{envi,
  title        = {ENVI Software Suite},
  author       = {Harris Geospatial Solutions},
  year         = {2024},
  note         = {Boulder, CO, USA. Available: \url{https://www.l3harrisgeospatial.com/Software-Technology/ENVI}}
}

@manual{arcgis,
  title        = {ArcGIS Software Suite},
  author       = {Esri},
  year         = {2024},
  note         = {Redlands, CA, USA. Available: \url{https://www.esri.com/arcgis}}
}

@phdthesis{opensfm,
  title={Opensfm: A collaborative structure-from-motion system},
  author={Adorjan, Matthias},
  year={2016},
  school={Wien}
}


@article{bundler,
  title={Bundler: Structure from motion (sfm) for unordered image collections},
  author={Snavely, Noah},
  URL={http://phototour. cs. washington. edu/bundler/},
  year={2008}
}

@manual{realitycapture,
  title        = {RealityCapture Software},
  author       = {Capturing Reality},
  year         = {2024},
  note         = {Bratislava, Slovakia. Available: \url{https://www.capturingreality.com}},
}

@article{instantngp,
  title={Instant neural graphics primitives with a multiresolution hash encoding},
  author={M{\"u}ller, Thomas and Evans, Alex and Schied, Christoph and Keller, Alexander},
  journal={ACM transactions on graphics},
  volume={41},
  number={4},
  pages={1--15},
  year={2022},
  publisher={ACM New York, NY, USA}
}

@article{nerf,
  title={Nerf: Representing scenes as neural radiance fields for view synthesis},
  author={Mildenhall, Ben and Srinivasan, Pratul P and Tancik, Matthew and Barron, Jonathan T and Ramamoorthi, Ravi and Ng, Ren},
  journal={Communications of the ACM},
  volume={65},
  number={1},
  pages={99--106},
  year={2021},
  publisher={ACM New York, NY, USA}
}

@inproceedings{mipnerf,
  title={Mip-nerf: A multiscale representation for anti-aliasing neural radiance fields},
  author={Barron, Jonathan T and Mildenhall, Ben and Tancik, Matthew and Hedman, Peter and Martin-Brualla, Ricardo and Srinivasan, Pratul P},
  booktitle={Proceedings of the IEEE/CVF Conference on Computer Vision and Pattern Recognition},
  pages={5855--5864},
  year={2021}
}

@inproceedings{bungeenerf,
  title={Bungeenerf: Progressive neural radiance field for extreme multi-scale scene rendering},
  author={Xiangli, Yuanbo and Xu, Linning and Pan, Xingang and Zhao, Nanxuan and Rao, Anyi and Theobalt, Christian and Dai, Bo and Lin, Dahua},
  booktitle={Proceedings of the European conference on computer vision},
  pages={106--122},
  year={2022}
}

@inproceedings{blocknerf,
  title={Block-nerf: Scalable large scene neural view synthesis},
  author={Tancik, Matthew and Casser, Vincent and Yan, Xinchen and Pradhan, Sabeek and Mildenhall, Ben and Srinivasan, Pratul P and Barron, Jonathan T and Kretzschmar, Henrik},
  booktitle={Proceedings of the IEEE/CVF Conference on Computer Vision and Pattern Recognition},
  pages={8248--8258},
  year={2022}
}
@inproceedings{urbanrf,
  title={Urban radiance fields},
  author={Rematas, Konstantinos and Liu, Andrew and Srinivasan, Pratul P and Barron, Jonathan T and Tagliasacchi, Andrea and Funkhouser, Thomas and Ferrari, Vittorio},
  booktitle={Proceedings of the IEEE/CVF Conference on Computer Vision and Pattern Recognition},
  pages={12932--12942},
  year={2022}
}
@inproceedings{shadownerf,
  title={Shadow neural radiance fields for multi-view satellite photogrammetry},
  author={Derksen, Dawa and Izzo, Dario},
  booktitle={Proceedings of the IEEE/CVF Conference on Computer Vision and Pattern Recognition},
  pages={1152--1161},
  year={2021}
}
@inproceedings{satnerf,
  title={Sat-nerf: Learning multi-view satellite photogrammetry with transient objects and shadow modeling using rpc cameras},
  author={Mar{\'\i}, Roger and Facciolo, Gabriele and Ehret, Thibaud},
  booktitle={Proceedings of the IEEE/CVF Conference on Computer Vision and Pattern Recognition},
  pages={1311--1321},
  year={2022}
}
@inproceedings{mipnerf360,
  title={Mip-nerf 360: Unbounded anti-aliased neural radiance fields},
  author={Barron, Jonathan T and Mildenhall, Ben and Verbin, Dor and Srinivasan, Pratul P and Hedman, Peter},
  booktitle={Proceedings of the IEEE/CVF conference on computer vision and pattern recognition},
  pages={5470--5479},
  year={2022}
}

@inproceedings{unisurf,
  title={Unisurf: Unifying neural implicit surfaces and radiance fields for multi-view reconstruction},
  author={Oechsle, Michael and Peng, Songyou and Geiger, Andreas},
  booktitle={Proceedings of the IEEE/CVF International Conference on Computer Vision},
  pages={5589--5599},
  year={2021}
}

@article{neus,
  title={Neus: Learning neural implicit surfaces by volume rendering for multi-view reconstruction},
  author={Wang, Peng and Liu, Lingjie and Liu, Yuan and Theobalt, Christian and Komura, Taku and Wang, Wenping},
  journal={arXiv preprint arXiv:2106.10689},
  year={2021}
}

@inproceedings{neus2,
  title={Neus2: Fast learning of neural implicit surfaces for multi-view reconstruction},
  author={Wang, Yiming and Han, Qin and Habermann, Marc and Daniilidis, Kostas and Theobalt, Christian and Liu, Lingjie},
  booktitle={Proceedings of the IEEE/CVF International Conference on Computer Vision},
  pages={3295--3306},
  year={2023}
}

@article{3dgssurvey,
  title={A survey on 3d gaussian splatting},
  author={Chen, Guikun and Wang, Wenguan},
  journal={arXiv preprint arXiv:2401.03890},
  year={2024}
}

@article{gaosurvey,
  title={Nerf: Neural radiance field in 3d vision, a comprehensive review},
  author={Gao, Kyle and Gao, Yina and He, Hongjie and Lu, Dening and Xu, Linlin and Li, Jonathan},
  journal={arXiv preprint arXiv:2210.00379},
  year={2022}
}

@inproceedings{3dgsurban,
  title={Hugs: Holistic urban 3d scene understanding via gaussian splatting},
  author={Zhou, Hongyu and Shao, Jiahao and Xu, Lu and Bai, Dongfeng and Qiu, Weichao and Liu, Bingbing and Wang, Yue and Geiger, Andreas and Liao, Yiyi},
  booktitle={Proceedings of the IEEE/CVF Conference on Computer Vision and Pattern Recognition},
  pages={21336--21345},
  year={2024}
}

@inproceedings{3dgsurban2,
  title={Ho-gaussian: Hybrid optimization of 3d gaussian splatting for urban scenes},
  author={Li, Zhuopeng and Zhang, Yilin and Wu, Chenming and Zhu, Jianke and Zhang, Liangjun},
  booktitle={European Conference on Computer Vision},
  pages={19--36},
  year={2025},
  organization={Springer}
}

@inproceedings{3dgsremote,
  title={Pseudo-Viewpoint Regularized 3D Gaussian Splatting For Remote Sensing Few-Shot Novel View Synthesis},
  author={Wang, Yijing and Tang, Xu and Ma, Jingjing and Zhang, Xiangrong and Zhu, Cheng and Liu, Fang and Jiao, Licheng},
  booktitle={IGARSS 2024-2024 IEEE International Geoscience and Remote Sensing Symposium},
  pages={8660--8663},
  year={2024},
  organization={IEEE}
}

@article{3dgsremote2,
  title={Large-Scale 3D Terrain Reconstruction Using 3D Gaussian Splatting for Visualization and Simulation},
  author={Chen, Meida and Lal, Devashish and Yu, Zifan and Xu, Jiuyi and Feng, Andrew and You, Suya and Nurunnabi, Abdul and Shi, Yangming},
  journal={The International Archives of the Photogrammetry, Remote Sensing and Spatial Information Sciences},
  volume={48},
  pages={49--54},
  year={2024},
  publisher={Copernicus Publications G{\"o}ttingen, Germany}
}

@article{3dgsremote3,
  title={Photorealistic 3D Urban Scene Reconstruction and Point Cloud Extraction using Google Earth Imagery and Gaussian Splatting},
  author={Gao, Kyle and Lu, Dening and He, Hongjie and Xu, Linlin and Li, Jonathan},
  journal={arXiv preprint arXiv:2405.11021},
  year={2024}
}

@inproceedings{groundingdino,
  title={Grounding dino: Marrying dino with grounded pre-training for open-set object detection},
  author={Liu, Shilong and Zeng, Zhaoyang and Ren, Tianhe and Li, Feng and Zhang, Hao and Yang, Jie and Jiang, Qing and Li, Chunyuan and Yang, Jianwei and Su, Hang and others},
  booktitle={European Conference on Computer Vision},
  pages={38--55},
  year={2025},
  organization={Springer}
}

@article{groundedsam,
  title={Grounded sam: Assembling open-world models for diverse visual tasks},
  author={Ren, Tianhe and Liu, Shilong and Zeng, Ailing and Lin, Jing and Li, Kunchang and Cao, He and Chen, Jiayu and Huang, Xinyu and Chen, Yukang and Yan, Feng and others},
  journal={arXiv preprint arXiv:2401.14159},
  year={2024}
}

@book{psnr,
  title={Digital pictures: representation, compression, and standards},
  author={Netravali, Arun N},
  year={2013},
  publisher={Springer}
}

@inproceedings{lpips,
  title={The unreasonable effectiveness of deep features as a perceptual metric},
  author={Zhang, Richard and Isola, Phillip and Efros, Alexei A and Shechtman, Eli and Wang, Oliver},
  booktitle={Proceedings of the IEEE/CVF Conference on Computer Vision and Pattern Recognition},
  pages={586--595},
  year={2018}
}

@inproceedings{3dssim,
  title={3D-SSIM for video quality assessment},
  author={Zeng, Kai and Wang, Zhou},
  booktitle={2012 19th IEEE international conference on image processing},
  pages={621--624},
  year={2012},
  organization={IEEE}
}

@inproceedings{absgs,
  title={Absgs: Recovering fine details in 3d gaussian splatting},
  author={Ye, Zongxin and Li, Wenyu and Liu, Sidun and Qiao, Peng and Dou, Yong},
  booktitle={Proceedings of the 32nd ACM International Conference on Multimedia},
  pages={1053--1061},
  year={2024}
}
@article{pixelgs,
  title={Pixel-gs: Density control with pixel-aware gradient for 3d gaussian splatting},
  author={Zhang, Zheng and Hu, Wenbo and Lao, Yixing and He, Tong and Zhao, Hengshuang},
  journal={arXiv preprint arXiv:2403.15530},
  year={2024}
}

@article{trimgs,
  title={Trim 3D Gaussian Splatting for Accurate Geometry Representation},
  author={Fan, Lue and Yang, Yuxue and Li, Minxing and Li, Hongsheng and Zhang, Zhaoxiang},
  journal={arXiv preprint arXiv:2406.07499},
  year={2024}
}

@article{atomgs,
  title={AtomGS: Atomizing Gaussian Splatting for High-Fidelity Radiance Field},
  author={Liu, Rong and Xu, Rui and Hu, Yue and Chen, Meida and Feng, Andrew},
  journal={arXiv preprint arXiv:2405.12369},
  year={2024}
}

@inproceedings{gaussianpro,
  title={Gaussianpro: 3d gaussian splatting with progressive propagation},
  author={Cheng, Kai and Long, Xiaoxiao and Yang, Kaizhi and Yao, Yao and Yin, Wei and Ma, Yuexin and Wang, Wenping and Chen, Xuejin},
  booktitle={International Conference on Machine Learning},
  year={2024}
}

@inproceedings{tamings,
  title={Taming 3dgs: High-quality radiance fields with limited resources},
  author={Mallick, Saswat Subhajyoti and Goel, Rahul and Kerbl, Bernhard and Steinberger, Markus and Carrasco, Francisco Vicente and De La Torre, Fernando},
  booktitle={SIGGRAPH Asia 2024 Conference Papers},
  pages={1--11},
  year={2024}
}

@misc{google_earth_studio,
  author = {{Alphabet Inc.}},
  title = {Google Earth Studio},
  url = {https://www.google.com/earth/studio/},
  version = {1.7},
  year = {2015-2024},
}

@article{gao_3dgs,
  title={Photorealistic 3D Urban Scene Reconstruction and Point Cloud Extraction using Google Earth Imagery and Gaussian Splatting},
  author={Gao, Kyle and Lu, Dening and He, Hongjie and Xu, Linlin and Li, Jonathan},
  journal={arXiv preprint arXiv:2405.11021},
  year={2024}
}

@inproceedings{maps1,
  title={Google maps API implementation on IOT platform for tracking an object using GPS},
  author={Luthfi, Achmad Mustofa and Karna, Nyoman and Mayasari, Ratna},
  booktitle={2019 IEEE Asia Pacific Conference on Wireless and Mobile (APWiMob)},
  pages={126--131},
  year={2019},
  organization={IEEE}
}

@article{maps2,
  title={Support local: Google Maps’ local guides platform, spatial power and constructions of “the local”},
  author={Bhandari, Aparajita and Noone, Rebecca},
  journal={Communication, Culture \& Critique},
  volume={16},
  number={3},
  pages={198--207},
  year={2023},
  publisher={Oxford University Press}
}

@article{maps3,
  title={3 Stars on Yelp, 4 stars on google maps: a cross-platform examination of restaurant ratings},
  author={Li, Hanlin and Hecht, Brent},
  journal={Proceedings of the ACM on Human-Computer Interaction},
  volume={4},
  number={CSCW3},
  pages={1--25},
  year={2021},
  publisher={ACM New York, NY, USA}
}

@inproceedings{maps4,
  title={A city modeling and simulation platform based on google map api},
  author={Fuquan, Peng and Jian, Su and Wenyong, Weng and Zebing, Wang},
  booktitle={Proceedings of the 2011, International Conference on Informatics, Cybernetics, and Computer Engineering (ICCE2011) November 19--20, 2011, Melbourne, Australia: Volume 2: Information Systems and Computer Engineering},
  pages={513--520},
  year={2012},
  organization={Springer}
}

@article{maps5,
  title={An integrated spatial search engine for maps and aerial photographs on a google maps API platform},
  author={Ganor, Tamar},
  journal={Journal of Map \& Geography Libraries},
  volume={13},
  number={2},
  pages={175--197},
  year={2017},
  publisher={Taylor \& Francis}
}

@inproceedings{clip,
  title={Learning transferable visual models from natural language supervision},
  author={Radford, Alec and Kim, Jong Wook and Hallacy, Chris and Ramesh, Aditya and Goh, Gabriel and Agarwal, Sandhini and Sastry, Girish and Askell, Amanda and Mishkin, Pamela and Clark, Jack and others},
  booktitle={International conference on machine learning},
  pages={8748--8763},
  year={2021},
  organization={PMLR}
}