@article{bochkovskiy2020yolov4,
  title={Yolov4: Optimal speed and accuracy of object detection},
  author={Bochkovskiy, Alexey and Wang, Chien-Yao and Liao, Hong-Yuan Mark},
  journal={arXiv preprint arXiv:2004.10934},
  year={2020}
}

@inproceedings{carion2020detr,
  title={End-to-end object detection with transformers},
  author={Carion, Nicolas and Massa, Francisco and Synnaeve, Gabriel and Usunier, Nicolas and Kirillov, Alexander and Zagoruyko, Sergey},
  booktitle={European conference on computer vision},
  pages={213--229},
  year={2020},
  organization={Springer}
}

@article{chen2023yolo,
  title={Yolo-ms: rethinking multi-scale representation learning for real-time object detection},
  author={Chen, Yuming and Yuan, Xinbin and Wu, Ruiqi and Wang, Jiabao and Hou, Qibin and Cheng, Ming-Ming},
  journal={arXiv preprint arXiv:2308.05480},
  year={2023}
}

@article{chu2021twins,
  title={Twins: Revisiting the design of spatial attention in vision transformers},
  author={Chu, Xiangxiang and Tian, Zhi and Wang, Yuqing and Zhang, Bo and Ren, Haibing and Wei, Xiaolin and Xia, Huaxia and Shen, Chunhua},
  journal={Advances in Neural Information Processing Systems},
  volume={34},
  pages={9355--9366},
  year={2021}
}

@article{dao2022flashattention,
  title={Flashattention: Fast and memory-efficient exact attention with io-awareness},
  author={Dao, Tri and Fu, Dan and Ermon, Stefano and Rudra, Atri and R{\'e}, Christopher},
  journal={Advances in Neural Information Processing Systems},
  volume={35},
  pages={16344--16359},
  year={2022}
}

@article{dao2023flashattentionv2,
  title={Flashattention-2: Faster attention with better parallelism and work partitioning},
  author={Dao, Tri},
  journal={arXiv preprint arXiv:2307.08691},
  year={2023}
}

@inproceedings{dong2022cswin,
  title={Cswin transformer: A general vision transformer backbone with cross-shaped windows},
  author={Dong, Xiaoyi and Bao, Jianmin and Chen, Dongdong and Zhang, Weiming and Yu, Nenghai and Yuan, Lu and Chen, Dong and Guo, Baining},
  booktitle={Proceedings of the IEEE/CVF Conference on Computer Vision and Pattern Recognition},
  pages={12124--12134},
  year={2022}
}

@article{ho2019axial,
  title={Axial attention in multidimensional transformers},
  author={Ho, Jonathan and Kalchbrenner, Nal and Weissenborn, Dirk and Salimans, Tim},
  journal={arXiv preprint arXiv:1912.12180},
  year={2019}
}

@inproceedings{huang2019ccnet,
  title={Ccnet: Criss-cross attention for semantic segmentation},
  author={Huang, Zilong and Wang, Xinggang and Huang, Lichao and Huang, Chang and Wei, Yunchao and Liu, Wenyu},
  booktitle={Proceedings of the IEEE/CVF international conference on computer vision},
  pages={603--612},
  year={2019}
}

@article{jocher2020yolov5,
  title={yolov5},
  author={Jocher, Glenn and Nishimura, K and Mineeva, T and Vilari{\~n}o, RJAM},
  journal={https://github.com/ultralytics/yolov5/tree},
  volume={2},
  year={2020}
}

@article{jocher2024yolov11,
  title={yolov11},
  author={Jocher, Glenn},
  journal={https://github.com/ultralytics},
  year={2024}
}

@inproceedings{katharopoulos2020transformers_attn,
  title={Transformers are rnns: Fast autoregressive transformers with linear attention},
  author={Katharopoulos, Angelos and Vyas, Apoorv and Pappas, Nikolaos and Fleuret, Fran{\c{c}}ois},
  booktitle={International conference on machine learning},
  pages={5156--5165},
  year={2020},
  organization={PMLR}
}

@inproceedings{li2022dn_detr,
  title={Dn-detr: Accelerate detr training by introducing query denoising},
  author={Li, Feng and Zhang, Hao and Liu, Shilong and Guo, Jian and Ni, Lionel M and Zhang, Lei},
  booktitle={Proceedings of the IEEE/CVF conference on computer vision and pattern recognition},
  pages={13619--13627},
  year={2022}
}

@article{li2023yolov6,
  title={Yolov6 v3. 0: A full-scale reloading},
  author={Li, Chuyi and Li, Lulu and Geng, Yifei and Jiang, Hongliang and Cheng, Meng and Zhang, Bo and Ke, Zaidan and Xu, Xiaoming and Chu, Xiangxiang},
  journal={arXiv preprint arXiv:2301.05586},
  year={2023}
}

@inproceedings{liu2021swin,
  title={Swin transformer: Hierarchical vision transformer using shifted windows},
  author={Liu, Ze and Lin, Yutong and Cao, Yue and Hu, Han and Wei, Yixuan and Zhang, Zheng and Lin, Stephen and Guo, Baining},
  booktitle={Proceedings of the IEEE/CVF international conference on computer vision},
  pages={10012--10022},
  year={2021}
}

@article{liu2022dab_detr,
  title={Dab-detr: Dynamic anchor boxes are better queries for detr},
  author={Liu, Shilong and Li, Feng and Zhang, Hao and Yang, Xiao and Qi, Xianbiao and Su, Hang and Zhu, Jun and Zhang, Lei},
  journal={arXiv preprint arXiv:2201.12329},
  year={2022}
}

@inproceedings{liu2024vmamba,
  title={Vmamba: Visual state space model},
  author={Liu, Yue and Tian, Yunjie and Zhao, Yuzhong and Yu, Hongtian and Xie, Lingxi and Wang, Yaowei and Ye, Qixiang and Jiao, Jianbin and Liu, Yunfan},
  booktitle={The Thirty-eighth Annual Conference on Neural Information Processing Systems},
  year={2024}
}

@article{lv2024rt_detrv2,
  title={Rt-detrv2: Improved baseline with bag-of-freebies for real-time detection transformer},
  author={Lv, Wenyu and Zhao, Yian and Chang, Qinyao and Huang, Kui and Wang, Guanzhong and Liu, Yi},
  journal={arXiv preprint arXiv:2407.17140},
  year={2024}
}

@inproceedings{meng2021conditional_detr,
  title={Conditional detr for fast training convergence},
  author={Meng, Depu and Chen, Xiaokang and Fan, Zejia and Zeng, Gang and Li, Houqiang and Yuan, Yuhui and Sun, Lei and Wang, Jingdong},
  booktitle={Proceedings of the IEEE/CVF international conference on computer vision},
  pages={3651--3660},
  year={2021}
}

@inproceedings{pvt,
  title={Pyramid vision transformer: A versatile backbone for dense prediction without convolutions},
  author={Wang, Wenhai and Xie, Enze and Li, Xiang and Fan, Deng-Ping and Song, Kaitao and Liang, Ding and Lu, Tong and Luo, Ping and Shao, Ling},
  booktitle={Proceedings of the IEEE/CVF international conference on computer vision},
  pages={568--578},
  year={2021}
}

@inproceedings{redmon2016yolov1,
  title={You only look once: Unified, real-time object detection},
  author={Redmon, J},
  booktitle={Proceedings of the IEEE conference on computer vision and pattern recognition},
  year={2016}
}

@inproceedings{redmon2017yolo9000,
  title={YOLO9000: better, faster, stronger},
  author={Redmon, Joseph and Farhadi, Ali},
  booktitle={Proceedings of the IEEE conference on computer vision and pattern recognition},
  pages={7263--7271},
  year={2017}
}

@article{redmon2018yolov3,
  title={Yolov3: An incremental improvement},
  author={Redmon, Joseph},
  journal={arXiv preprint arXiv:1804.02767},
  year={2018}
}

@inproceedings{shen2021linear_attn,
  title={Efficient attention: Attention with linear complexities},
  author={Shen, Zhuoran and Zhang, Mingyuan and Zhao, Haiyu and Yi, Shuai and Li, Hongsheng},
  booktitle={Proceedings of the IEEE/CVF winter conference on applications of computer vision},
  pages={3531--3539},
  year={2021}
}

@article{tian2024fast,
  title={Fast-iTPN: Integrally pre-trained transformer pyramid network with token migration},
  author={Tian, Yunjie and Xie, Lingxi and Qiu, Jihao and Jiao, Jianbin and Wang, Yaowei and Tian, Qi and Ye, Qixiang},
  journal={IEEE Transactions on Pattern Analysis and Machine Intelligence},
  year={2024},
  publisher={IEEE}
}

@inproceedings{wang2020cspnet,
  title={CSPNet: A new backbone that can enhance learning capability of CNN},
  author={Wang, Chien-Yao and Liao, Hong-Yuan Mark and Wu, Yueh-Hua and Chen, Ping-Yang and Hsieh, Jun-Wei and Yeh, I-Hau},
  booktitle={Proceedings of the IEEE/CVF conference on computer vision and pattern recognition workshops},
  pages={390--391},
  year={2020}
}

@article{wang2020linformer_attn,
  title={Linformer: Self-attention with linear complexity},
  author={Wang, Sinong and Li, Belinda Z and Khabsa, Madian and Fang, Han and Ma, Hao},
  journal={arXiv preprint arXiv:2006.04768},
  year={2020}
}

@article{wang2022designing_elan,
  title={Designing network design strategies through gradient path analysis},
  author={Wang, Chien-Yao and Liao, Hong-Yuan Mark and Yeh, I-Hau},
  journal={arXiv preprint arXiv:2211.04800},
  year={2022}
}

@inproceedings{wang2023yolov7,
  title={YOLOv7: Trainable bag-of-freebies sets new state-of-the-art for real-time object detectors},
  author={Wang, Chien-Yao and Bochkovskiy, Alexey and Liao, Hong-Yuan Mark},
  booktitle={Proceedings of the IEEE/CVF conference on computer vision and pattern recognition},
  pages={7464--7475},
  year={2023}
}

@article{wang2024gold,
  title={Gold-YOLO: Efficient object detector via gather-and-distribute mechanism},
  author={Wang, Chengcheng and He, Wei and Nie, Ying and Guo, Jianyuan and Liu, Chuanjian and Wang, Yunhe and Han, Kai},
  journal={Advances in Neural Information Processing Systems},
  volume={36},
  year={2024}
}

@article{wang2024yolov10,
  title={Yolov10: Real-time end-to-end object detection},
  author={Wang, Ao and Chen, Hui and Liu, Lihao and Chen, Kai and Lin, Zijia and Han, Jungong and Ding, Guiguang},
  journal={arXiv preprint arXiv:2405.14458},
  year={2024}
}

@article{wang2024yolov9,
  title={Yolov9: Learning what you want to learn using programmable gradient information},
  author={Wang, Chien-Yao and Yeh, I-Hau and Liao, Hong-Yuan Mark},
  journal={arXiv preprint arXiv:2402.13616},
  year={2024}
}

@article{xie2025sana,
  title={SANA 1.5: Efficient Scaling of Training-Time and Inference-Time Compute in Linear Diffusion Transformer},
  author={Xie, Enze and Chen, Junsong and Zhao, Yuyang and Yu, Jincheng and Zhu, Ligeng and Lin, Yujun and Zhang, Zhekai and Li, Muyang and Chen, Junyu and Cai, Han and others},
  journal={arXiv preprint arXiv:2501.18427},
  year={2025}
}

@article{yolov8,
  title={Yolov8},
  author={Jocher Glenn},
  journal={https://github.com/ultralytics/ultralytics/tree/main},
  year={2023}
}

@article{yu2021glance,
  title={Glance-and-gaze vision transformer},
  author={Yu, Qihang and Xia, Yingda and Bai, Yutong and Lu, Yongyi and Yuille, Alan L and Shen, Wei},
  journal={Advances in Neural Information Processing Systems},
  volume={34},
  pages={12992--13003},
  year={2021}
}

@inproceedings{zhao2024rtdetrs,
  title={Detrs beat yolos on real-time object detection},
  author={Zhao, Yian and Lv, Wenyu and Xu, Shangliang and Wei, Jinman and Wang, Guanzhong and Dang, Qingqing and Liu, Yi and Chen, Jie},
  booktitle={Proceedings of the IEEE/CVF Conference on Computer Vision and Pattern Recognition},
  pages={16965--16974},
  year={2024}
}

@article{zhu2020deformable_detr,
  title={Deformable detr: Deformable transformers for end-to-end object detection},
  author={Zhu, Xizhou and Su, Weijie and Lu, Lewei and Li, Bin and Wang, Xiaogang and Dai, Jifeng},
  journal={arXiv preprint arXiv:2010.04159},
  year={2020}
}

@article{zhu2024vision_mamba,
  title={Vision mamba: Efficient visual representation learning with bidirectional state space model},
  author={Zhu, Lianghui and Liao, Bencheng and Zhang, Qian and Wang, Xinlong and Liu, Wenyu and Wang, Xinggang},
  journal={arXiv preprint arXiv:2401.09417},
  year={2024}
}

