@article{abd2015comprehensive,
author = {Abd Algfoor, Zeyad and Sunar, Mohd Shahrizal and Kolivand, Hoshang},
year = {2015},
month = {04},
pages = {1-11},
title = {A Comprehensive Study on Pathfinding Techniques for Robotics and Video Games},
volume = {2015},
journal = {International Journal of Computer Games Technology},
doi = {10.1155/2015/736138}
}

@article{ahn2022can,
  title={Do as i can, not as i say: Grounding language in robotic affordances},
  author={Ahn, Michael and Brohan, Anthony and Brown, Noah and Chebotar, Yevgen and Cortes, Omar and David, Byron and Finn, Chelsea and Fu, Chuyuan and Gopalakrishnan, Keerthana and Hausman, Karol and others},
  journal={arXiv preprint arXiv:2204.01691},
  year={2022}
}

@inproceedings{chen2019learning,
  title={Learning to Plan in High Dimensions via Neural Exploration-Exploitation Trees},
  author={Chen, Binghong and Dai, Bo and Lin, Qinjie and Ye, Guo and Liu, Han and Song, Le},
  booktitle=iclr,
  year={2020}
}

@inproceedings{dai2024think,
  title={Think, act, and ask: Open-world interactive personalized robot navigation},
  author={Dai, Yinpei and Peng, Run and Li, Sikai and Chai, Joyce},
  booktitle=icra,
  pages={3296--3303},
  year={2024},
}

@article{gonzalez2015review,
  title={A review of motion planning techniques for automated vehicles},
  author={Gonz{\'a}lez, David and P{\'e}rez, Joshu{\'e} and Milan{\'e}s, Vicente and Nashashibi, Fawzi},
  journal={IEEE Transactions on Intelligent Transportation Systems},
  volume={17},
  number={4},
  pages={1135--1145},
  year={2015},
}

@article{hart1968formal,
  title={A formal basis for the heuristic determination of minimum cost paths},
  author={Hart, Peter E and Nilsson, Nils J and Raphael, Bertram},
  journal={IEEE Transactions on Systems Science and Cybernetics},
  volume={4},
  number={2},
  pages={100--107},
  year={1968},
}

@ARTICLE{hu2024deploying,
  author={Hu, Zichao and Lucchetti, Francesca and Schlesinger, Claire and Saxena, Yash and Freeman, Anders and Modak, Sadanand and Guha, Arjun and Biswas, Joydeep},
  journal=ral,
  title={Deploying and Evaluating LLMs to Program Service Mobile Robots},
  year={2024},
  volume={9},
  pages={2853-2860},
  doi={10.1109/LRA.2024.3360020},
}

@inproceedings{ichter2018learning,
  title={Learning sampling distributions for robot motion planning},
  author={Ichter, Brian and Harrison, James and Pavone, Marco},
  booktitle=icra,
  pages={7087--7094},
  year={2018},
}

@INPROCEEDINGS{ichter2020learned,
  author={B. {Ichter} and E. {Schmerling} and T. -W. E. {Lee} and A. {Faust}},
  booktitle=icra,
  title={Learned Critical Probabilistic Roadmaps for Robotic Motion Planning}, 
  year={2020},
  pages={9535-9541},
  }

@inproceedings{joublin2024copal,
  title={CoPAL: corrective planning of robot actions with large language models},
  author={Joublin, Frank and Ceravola, Antonello and Smirnov, Pavel and Ocker, Felix and Deigmoeller, Joerg and Belardinelli, Anna and Wang, Chao and Hasler, Stephan and Tanneberg, Daniel and Gienger, Michael},
  booktitle=icra,
  pages={8664--8670},
  year={2024}
}

@article{karaman2011sampling,
  title={Sampling-based algorithms for optimal motion planning},
  author={Karaman, Sertac and Frazzoli, Emilio},
  journal= ijrr,
  volume={30},
  number={7},
  pages={846--894},
  year={2011},
}

@ARTICLE{kavraki1996probabilistic,
  author={Kavraki, L.E. and Svestka, P. and Latombe, J.-C. and Overmars, M.H.},
  journal={IEEE Transactions on Robotics and Automation}, 
  title={Probabilistic roadmaps for path planning in high-dimensional configuration spaces}, 
  year={1996},
  volume={12},
  number={4},
  pages={566-580},
  keywords={Path planning;Robots;Orbital robotics;Motion planning;Joining processes;Computer science;Layout;Workstations;Laboratories},
  doi={10.1109/70.508439}}

@article{koubaa2023rosgpt,
  title={ROSGPT: Next-Generation Human-Robot Interaction with ChatGPT and ROS},
  author={Koubaa, Anis},
  journal={Preprints.org},
  year={2023},
  volume={2023},
  pages={2023040827},
  doi={10.20944/preprints202304.0827.v2}
}

@article{lavalle1998rapidly,
  title={Rapidly-exploring random trees: a new tool for path planning},
  author={Steven M. LaValle},
  journal={The annual research report},
  year={1998},
}

@article{liu2023llmp,
  title={Llm+ p: Empowering large language models with optimal planning proficiency},
  author={Liu, Bo and Jiang, Yuqian and Zhang, Xiaohan and Liu, Qiang and Zhang, Shiqi and Biswas, Joydeep and Stone, Peter},
  journal={arXiv preprint arXiv:2304.11477},
  year={2023}
}

@article{shirasaka2023selfrecovery,
  title={Self-Recovery Prompting: Promptable General Purpose Service Robot System with Foundation Models and Self-Recovery},
  author={Shirasaka, Mimo and Matsushima, Tatsuya and Tsunashima, Soshi and Ikeda, Yuya and Horo, Aoi and Ikoma, So and Tsuji, Chikaha and Wada, Hikaru and Omija, Tsunekazu and Komukai, Dai},
  journal={arXiv preprint arXiv:2309.14425},
  year={2023}
}

@article{skreta2024replan,
  title={Replan: Robotic replanning with perception and language models},
  author={Skreta, Marta and Zhou, Zihan and Yuan, Jia Lin and Darvish, Kourosh and Aspuru-Guzik, Al{\'a}n and Garg, Animesh},
  journal={arXiv preprint arXiv:2401.04157},
  year={2024}
}

@article{xiao2023llm,
  title={Llm a*: Human in the loop large language models enabled a* search for robotics},
  author={Xiao, Hengjia and Wang, Peng},
  journal={arXiv preprint arXiv:2312.01797},
  year={2023}
}

@article{zeng2023large,
  title={Large language models for robotics: A survey},
  author={Zeng, Fanlong and Gan, Wensheng and Wang, Yongheng and Liu, Ning and Yu, Philip S},
  journal={arXiv preprint arXiv:2311.07226},
  year={2023}
}

