@string{aaai={Proceedngs of the AAAI Conference on Artificial Intelligence (AAAI)}}
@string{ijcai={Proceedings of the  International Joint Conference on Artificial Intelligence (IJCAI)}}
@string{aamas={Proceedings of the International Joint Conference on Autonomous Agents \& Multiagent Systems (AAMAS)}}
@string{icaps={Proceedings of the International Conference on Automated Planning and Scheduling (ICAPS)}}
@string{iclr={Proceedings of the International Conference on Learning and Representation (ICLR)}}
@string{neurips={Proceedings of the Annual Conference on Neural Information Processing Systems (NeurIPS)}}
@string{cvpr={Proceedings of the IEEE Conference on Computer Vision and Pattern Recognition (CVPR)}}
@string{eccv={Proceedings of the European Conference on Computer Vision (ECCV)}}
@string{iccv={Proceeding of the International Conference on Computer Vision (ICCV)}}
@string{icml={Proceedings of the International Conference on Machine Learning (ICML)}}
@string{iros={Proceedings of the IEEE/RSJ International Conference on Intelligent Robots and Systems (IROS)}}
@string{icra={Proceedings of the IEEE International Conference on Robotics and Automation (ICRA)}}
@string{socs={Proceedings of the International Symposium on Combinatorial Search (SoCS)} }
@string{corl={Proceedings of the Conference on Robot Learning (CoRL)}}
@string{tro={IEEE Transactions on Robotics (T-RO)}}
@string{jair={Journal of Artificial Intelligence Research (JAIR)}}
@string{jai={Artificial Intelligence (AIJ)}}
@string{ral={IEEE Robotics and Automation Letters (RA-L)}}
@string{ijrr={International Journal of Robotics Research (IJRR)}}
@string{ase={IEEE Transactions on Automation Science and Engineering (T-ASE)}}
@string{jair={Journal of Artificial Intelligence Research (JAIR}}
@string{ram={IEEE Robotics \& Automation Magazine (RAM)}}
@string{kdd={Proceedings of the ACM SIGKDD Conference on Knowledge Discovery \& Data Mining (KDD)}}
@string{imwut={Proceedings of the ACM on Interactive, Mobile, Wearable and Ubiquitous Technologies (IMWUT)}}
@string{tpami={IEEE Transactions on Pattern Analysis and Machine Intelligence (TPAMI)}}
@string{wacv={Proceedings of the IEEE Winter Conference on Applications of Computer Vision (WACV)}}
@string{icpr={Proceedings of the International Conference on Pattern Recognition (ICPR)}}


@inproceedings{janner2022planning,
  title = {Planning with Diffusion for Flexible Behavior Synthesis},
  author = {Michael Janner and Yilun Du and Joshua Tenenbaum and Sergey Levine},
  booktitle = {International Conference on Machine Learning},
  year = {2022},
}


@inproceedings{chung2016hierarchical,
  title={Hierarchical multiscale recurrent neural networks},
  author={Chung, Junyoung and Ahn, Sungjin and Bengio, Yoshua},
  booktitle=iclr,
  year={2017}
}


@inproceedings{bhardwaj2017learning,
  title={Learning heuristic search via imitation},
  author={Bhardwaj, Mohak and Choudhury, Sanjiban and Scherer, Sebastian},
  booktitle=corl,
  year={2017}
}


@ARTICLE{kavraki1996probabilistic,
  author={Kavraki, L.E. and Svestka, P. and Latombe, J.-C. and Overmars, M.H.},
  journal={IEEE Transactions on Robotics and Automation}, 
  title={Probabilistic roadmaps for path planning in high-dimensional configuration spaces}, 
  year={1996},
  volume={12},
  number={4},
  pages={566-580},
  keywords={Path planning;Robots;Orbital robotics;Motion planning;Joining processes;Computer science;Layout;Workstations;Laboratories},
  doi={10.1109/70.508439}}

@article{sharon2015conflict,
  title={Conflict-based search for optimal multi-agent pathfinding},
  author={Sharon, Guni and Stern, Roni and Felner, Ariel and Sturtevant, Nathan R},
  journal={Artificial Intelligence},
  volume={219},
  pages={40--66},
  year={2015},
}

@inproceedings{ronneberger2015u,
  title={U-net: Convolutional networks for biomedical image segmentation},
  author={Ronneberger, Olaf and Fischer, Philipp and Brox, Thomas},
  booktitle={International Conference on Medical Image Computing and Computer-Assisted Intervention (MICCAI)},
  pages={234--241},
  year={2015},
}

@inproceedings{tamar2016value,
  title={Value iteration networks},
  author={Tamar, Aviv and Wu, Yi and Thomas, Garrett and Levine, Sergey and Abbeel, Pieter},
  booktitle=nips,
  pages={2154--2162},
  year={2016}
}

@ARTICLE{Gonzalez2016,
  author={D. {González} and J. {Pérez} and V. {Milanés} and F. {Nashashibi}},
  journal={IEEE Transactions on Intelligent Transportation Systems},
  title={A Review of Motion Planning Techniques for Automated Vehicles}, 
  year={2016},
  volume={17},
  number={4},
  pages={1135-1145},
 }
 
 @inproceedings{robicquet2016learning,
  title={Learning social etiquette: Human trajectory understanding in crowded scenes},
  author={Robicquet, Alexandre and Sadeghian, Amir and Alahi, Alexandre and Savarese, Silvio},
  booktitle=eccv,
  pages={549--565},
  year={2016},
}

@inproceedings{simonyan2014very,
  title={Very deep convolutional networks for large-scale image recognition},
  author={Simonyan, Karen and Zisserman, Andrew},
  booktitle=iclr,
  year={2015}
}

@inproceedings{vlastelica2019differentiation,
  title={Differentiation of blackbox combinatorial solvers},
  author={Vlastelica, Marin and Paulus, Anselm and Musil, V{\'\i}t and Martius, Georg and Rol{\'\i}nek, Michal},
  booktitle=iclr,
  year={2020}
}

@inproceedings{lee2018gated,
  title={Gated path planning networks},
  author={Lee, Lisa and Parisotto, Emilio and Chaplot, Devendra Singh and Xing, Eric and Salakhutdinov, Ruslan},
  booktitle=icml,
  year={2018}
}

@article{kanezaki2017goselo,
  title={Goselo: Goal-directed obstacle and self-location map for robot navigation using reactive neural networks},
  author={Kanezaki, Asako and Nitta, Jirou and Sasaki, Yoko},
  journal=ral,
  volume={3},
  number={2},
  pages={696--703},
  year={2017},
}

@inproceedings{faust2018prm,
  title={{PRM-RL}: Long-range robotic navigation tasks by combining reinforcement learning and sampling-based planning},
  author={Faust, Aleksandra and Oslund, Kenneth and Ramirez, Oscar and Francis, Anthony and Tapia, Lydia and Fiser, Marek and Davidson, James},
  booktitle=icra,
  pages={5113--5120},
  year={2018},
}

@article{rana2019residual,
  title={Residual reactive navigation: Combining classical and learned navigation strategies for deployment in unknown environments},
  author={Rana, Krishan and Talbot, Ben and Milford, Michael and S{\"u}nderhauf, Niko},
  journal={arXiv preprint arXiv:1909.10972},
  year={2019}
}

@inproceedings{qureshi2019motion,
  title={Motion planning networks},
  author={Qureshi, Ahmed H and Simeonov, Anthony and Bency, Mayur J and Yip, Michael C},
  booktitle=icra,
  pages={2118--2124},
  year={2019},
}

@inproceedings{bency2019neural,
  title={Neural path planning: Fixed time, near-optimal path generation via oracle imitation},
  author={Bency, Mayur J and Qureshi, Ahmed H and Yip, Michael C},
  booktitle=iros,
  pages={3965--3972},
  year={2019}
}

@inproceedings{nasiriany2019planning,
  title={Planning with goal-conditioned policies},
  author={Nasiriany, Soroush and Pong, Vitchyr and Lin, Steven and Levine, Sergey},
  booktitle={Advances in Neural Information Processing Systems},
  pages={14843--14854},
  year={2019}
}

@inproceedings{zeng2019end,
  title={End-to-end interpretable neural motion planner},
  author={Zeng, Wenyuan and Luo, Wenjie and Suo, Simon and Sadat, Abbas and Yang, Bin and Casas, Sergio and Urtasun, Raquel},
  booktitle={Proceedings of the IEEE Conference on Computer Vision and Pattern Recognition},
  pages={8660--8669},
  year={2019}
}

@inproceedings{sadat2020perceive,
  title={Perceive, predict, and plan: Safe motion planning through interpretable semantic representations},
  author={Sadat, Abbas and Casas, Sergio and Ren, Mengye and Wu, Xinyu and Dhawan, Pranaab and Urtasun, Raquel},
  booktitle=eccv,
  year={2020}
}

@article{courbariaux2016binarized,
  title={Binarized neural networks: Training deep neural networks with weights and activations constrained to+ 1 or-1},
  author={Courbariaux, Matthieu and Hubara, Itay and Soudry, Daniel and El-Yaniv, Ran and Bengio, Yoshua},
  journal={arXiv preprint arXiv:1602.02830},
  year={2016}
}

@inproceedings{hubara2016binarized,
  title={Binarized neural networks},
  author={Hubara, Itay and Courbariaux, Matthieu and Soudry, Daniel and El-Yaniv, Ran and Bengio, Yoshua},
  booktitle=nips,
  pages={4107--4115},
  year={2016}
}

@article{paden2016survey,
  title={A survey of motion planning and control techniques for self-driving urban vehicles},
  author={Paden, Brian and {\v{C}}{\'a}p, Michal and Yong, Sze Zheng and Yershov, Dmitry and Frazzoli, Emilio},
  journal={IEEE Transactions on Intelligent Vehicles},
  volume={1},
  number={1},
  pages={33--55},
  year={2016},
}

@article{galceran2013survey,
  title={A survey on coverage path planning for robotics},
  author={Galceran, Enric and Carreras, Marc},
  journal={Robotics and Autonomous Systems},
  volume={61},
  number={12},
  pages={1258--1276},
  year={2013},
}


@article{smith2012dual,
  title={Dual arm manipulation - A survey},
  author={Smith, Christian and Karayiannidis, Yiannis and Nalpantidis, Lazaros and Gratal, Xavi and Qi, Peng and Dimarogonas, Dimos V and Kragic, Danica},
  journal={Robotics and Autonomous Systems},
  volume={60},
  number={10},
  pages={1340--1353},
  year={2012},
}

@article{zeng2015survey,
  title={A survey on path planning for persistent autonomy of autonomous underwater vehicles},
  author={Zeng, Zheng and Lian, Lian and Sammut, Karl and He, Fangpo and Tang, Youhong and Lammas, Andrew},
  journal={Ocean Engineering},
  volume={110},
  pages={303--313},
  year={2015},
}

@inproceedings{pol2015review,
  title={A review on indoor human aware autonomous mobile robot navigation through a dynamic environment survey of different path planning algorithm and methods},
  author={Pol, Rahul Shivaji and Murugan, M},
  booktitle={Proceedings of the International Conference on Industrial Instrumentation and Control (ICIC)},
  pages={1339--1344},
  year={2015},
}

@article{lateef2019survey,
  title={Survey on semantic segmentation using deep learning techniques},
  author={Lateef, Fahad and Ruichek, Yassine},
  journal={Neurocomputing},
  volume={338},
  pages={321--348},
  year={2019},
}

@inproceedings{fu2017learning,
  title={Learning robust rewards with adversarial inverse reinforcement learning},
  author={Fu, Justin and Luo, Katie and Levine, Sergey},
  booktitle=iclr,
  year={2018}
}

@inproceedings{yu2019meta,
  title={Meta-inverse reinforcement learning with probabilistic context variables},
  author={Yu, Lantao and Yu, Tianhe and Finn, Chelsea and Ermon, Stefano},
  booktitle=nips,
  pages={11772--11783},
  year={2019}
}

@article{mantha2020evaluation,
  title={Evaluation of preference-and constraint-sensitive path planning for assisted navigation in indoor building environments},
  author={Mantha, Bharadwaj RK and Menassa, Carol C and Kamat, Vineet R and D’Souza, Clive R},
  journal={Journal of Computing in Civil Engineering},
  volume={34},
  number={1},
  pages={04019050},
  year={2020},
}

@article{yang2020plan2vec,
  title={Plan2Vec: Unsupervised representation learning by latent plans},
  author={Yang, Ge and Zhang, Amy and Morcos, Ari S and Pineau, Joelle and Abbeel, Pieter and Calandra, Roberto},
  journal={arXiv preprint arXiv:2005.03648},
  year={2020}
}

@article{xiao2019representation,
  title={Representation learning for classical planning from partially observed traces},
  author={Xiao, Zhanhao and Wan, Hai and Zhuo, Hankui Hankz and Lin, Jinxia and Liu, Yanan},
  journal={arXiv preprint arXiv:1907.08352},
  year={2019}
}

@inproceedings{ha2018adaptive,
  title={Adaptive path-integral autoencoders: Representation learning and planning for dynamical systems},
  author={Ha, Jung-Su and Park, Young-Jin and Chae, Hyeok-Joo and Park, Soon-Seo and Choi, Han-Lim},
  booktitle=nips,
  pages={8927--8938},
  year={2018}
}

@article{srinivas2018universal,
  title={Universal planning networks},
  author={Srinivas, Aravind and Jabri, Allan and Abbeel, Pieter and Levine, Sergey and Finn, Chelsea},
  journal={arXiv preprint arXiv:1804.00645},
  year={2018}
}

@article{yu2019unsupervised,
  title={Unsupervised visuomotor control through distributional planning networks},
  author={Yu, Tianhe and Shevchuk, Gleb and Sadigh, Dorsa and Finn, Chelsea},
  journal={arXiv preprint arXiv:1902.05542},
  year={2019}
}

@inproceedings{zhang2018composable,
  title={Composable planning with attributes},
  author={Zhang, Amy and Sukhbaatar, Sainbayar and Lerer, Adam and Szlam, Arthur and Fergus, Rob},
  booktitle={International Conference on Machine Learning},
  pages={5842--5851},
  year={2018}
}


@article{sturtevant2012benchmarks,
  title={Benchmarks for grid-based pathfinding},
  author={Sturtevant, N.},
  journal={IEEE Transactions on Computational Intelligence and AI in Game},
  volume={4},
  number={2},
  pages={144 -- 148},
  year={2012},
}

@inproceedings{karkus2017qmdp,
  title={{QMDP-N}et: Deep learning for planning under partial observability},
  author={Karkus, Peter and Hsu, David and Lee, Wee Sun},
  booktitle=nips,
  pages={4694--4704},
  year={2017}
}

@article{gupta2017unifying,
  title={Unifying map and landmark based representations for visual navigation},
  author={Gupta, Saurabh and Fouhey, David and Levine, Sergey and Malik, Jitendra},
  journal={arXiv preprint arXiv:1712.08125},
  year={2017}
}

@inproceedings{gupta2017cognitive,
  title={Cognitive mapping and planning for visual navigation},
  author={Gupta, Saurabh and Davidson, James and Levine, Sergey and Sukthankar, Rahul and Malik, Jitendra},
  booktitle=cvpr,
  pages={2616--2625},
  year={2017}
}

@article{kim2016socially,
  title={Socially adaptive path planning in human environments using inverse reinforcement learning},
  author={Kim, Beomjoon and Pineau, Joelle},
  journal={International Journal of Social Robotics},
  volume={8},
  number={1},
  pages={51--66},
  year={2016},
}

@inproceedings{perez2018learning,
  title={Learning human-aware path planning with fully convolutional networks},
  author={P{\'e}rez-Higueras, No{\'e} and Caballero, Fernando and Merino, Luis},
  booktitle=icra,
  pages={1--5},
  year={2018},
}

@inproceedings{cuturi2019differentiable,
  title={Differentiable ranking and sorting using optimal transport},
  author={Cuturi, Marco and Teboul, Olivier and Vert, Jean-Philippe},
  booktitle=nips,
  pages={6861--6871},
  year={2019}
}

@inproceedings{grover2019stochastic,
  title={Stochastic optimization of sorting networks via continuous relaxations},
  author={Grover, Aditya and Wang, Eric and Zweig, Aaron and Ermon, Stefano},
  booktitle=iclr,
  year={2019}
}

@inproceedings{mensch2018differentiable,
  title={Differentiable dynamic programming for structured prediction and attention},
  author={Mensch, Arthur and Blondel, Mathieu},
  booktitle=icml,
  year={2018}
}

@inproceedings{zeng2019dmm,
  title={Dmm-net: Differentiable mask-matching network for video object segmentation},
  author={Zeng, Xiaohui and Liao, Renjie and Gu, Li and Xiong, Yuwen and Fidler, Sanja and Urtasun, Raquel},
  booktitle=iccv,
  pages={3929--3938},
  year={2019}
}

@inproceedings{plotz2018neural,
  title={Neural nearest neighbors networks},
  author={Pl{\"o}tz, Tobias and Roth, Stefan},
  booktitle=nips,
  pages={1087--1098},
  year={2018}
}

@article{georgiev2020neural,
  title={Neural bipartite matching},
  author={Georgiev, Dobrik and Li{\'o}, Pietro},
  journal={arXiv preprint arXiv:2005.11304},
  year={2020}
}

@inproceedings{jang2016categorical,
  title={Categorical reparameterization with gumbel-softmax},
  author={Jang, Eric and Gu, Shixiang and Poole, Ben},
  booktitle=iclr,
  year={2017}
}

@article{bengio2013estimating,
  title={Estimating or propagating gradients through stochastic neurons for conditional computation},
  author={Bengio, Yoshua and L{\'e}onard, Nicholas and Courville, Aaron},
  journal={arXiv preprint arXiv:1308.3432},
  year={2013}
}

@inproceedings{zanfir2018deep,
  title={Deep learning of graph matching},
  author={Zanfir, Andrei and Sminchisescu, Cristian},
  booktitle=cvpr,
  pages={2684--2693},
  year={2018}
}

@inproceedings{brachmann2017dsac,
  title={{DSAC} - Differentiable {RANSAC} for camera localization},
  author={Brachmann, Eric and Krull, Alexander and Nowozin, Sebastian and Shotton, Jamie and Michel, Frank and Gumhold, Stefan and Rother, Carsten},
  booktitle=cvpr,
  pages={6684--6692},
  year={2017}
}

@article{kato2020differentiable,
  title={Differentiable rendering: A survey},
  author={Kato, Hiroharu and Beker, Deniz and Morariu, Mihai and Ando, Takahiro and Matsuoka, Toru and Kehl, Wadim and Gaidon, Adrien},
  journal={arXiv preprint arXiv:2006.12057},
  year={2020}
}

@inproceedings{nigam2018ensemble,
  title={Ensemble knowledge transfer for semantic segmentation},
  author={Nigam, Ishan and Huang, Chen and Ramanan, Deva},
  booktitle=wacv,
  pages={1499--1508},
  year={2018},
}

@inproceedings{NEURIPS2019_9015,
title = {PyTorch: An Imperative Style, High-Performance Deep Learning Library},
author = {Paszke, Adam and Gross, Sam and Massa, Francisco and Lerer, Adam and Bradbury, James and Chanan, Gregory and Killeen, Trevor and Lin, Zeming and Gimelshein, Natalia and Antiga, Luca and Desmaison, Alban and Kopf, Andreas and Yang, Edward and DeVito, Zachary and Raison, Martin and Tejani, Alykhan and Chilamkurthy, Sasank and Steiner, Benoit and Fang, Lu and Bai, Junjie and Chintala, Soumith},
booktitle = nips,
pages = {8024--8035},
year = {2019},
}

@misc{Yakubovskiy:2019,
  Author = {Pavel Yakubovskiy},
  Title = {Segmentation Models Pytorch},
  Year = {2020},
  Publisher = {GitHub},
  Journal = {GitHub repository},
  Howpublished = {\url{https://github.com/qubvel/segmentation_models.pytorch}}
}

@article{Tange2011a,
  title = {GNU Parallel - The Command-Line Power Tool},
  author = {O. Tange},
  address = {Frederiksberg, Denmark},
  journal = {The USENIX Magazine},
  month = {Feb},
  number = {1},
  volume = {36},
  url = {http://www.gnu.org/s/parallel},
  year = {2011},
  pages = {42-47},
}

@article{aine2016multi,
  title={Multi-heuristic {A*}},
  author={Aine, Sandip and Swaminathan, Siddharth and Narayanan, Venkatraman and Hwang, Victor and Likhachev, Maxim},
  journal=ijrr,
  volume={35},
  number={1-3},
  pages={224--243},
  year={2016},
}

@inproceedings{maggiori2017dataset,
  title={Can semantic labeling methods generalize to any city? The Inria aerial image labeling benchmark},
  author={Maggiori, Emmanuel and Tarabalka, Yuliya and Charpiat, Guillaume and Alliez, Pierre},
  booktitle={Proceedings of the IEEE International Geoscience and Remote Sensing Symposium (IGARSS)},
  year={2017},
}

@article{yuan2013systematic,
  title={Systematic benchmarking of aerial image segmentation},
  author={Yuan, Jiangye and Gleason, Shaun S and Cheriyadat, Anil M},
  journal={IEEE Geoscience and Remote Sensing Letters},
  volume={10},
  number={6},
  pages={1527--1531},
  year={2013},
}

@inproceedings{guerreiro2019airport,
  title={Airport accessibility and navigation assistance for people with visual impairments},
  author={Guerreiro, Jo{\~a}o and Ahmetovic, Dragan and Sato, Daisuke and Kitani, Kris and Asakawa, Chieko},
  booktitle={Proceedings of the CHI Conference on Human Factors in Computing Systems (CHI)},
  pages={1--14},
  year={2019}
}

@article{liu2018path,
  title={A path planning approach for crowd evacuation in buildings based on improved artificial bee colony algorithm},
  author={Liu, Hong and Xu, Bin and Lu, Dianjie and Zhang, Guijuan},
  journal={Applied Soft Computing},
  volume={68},
  pages={360--376},
  year={2018},
}

@inproceedings{salzmann2020trajectron++,
  title={Trajectron++: Multi-agent generative trajectory forecasting with heterogeneous data for control},
  author={Salzmann, Tim and Ivanovic, Boris and Chakravarty, Punarjay and Pavone, Marco},
  booktitle=eccv,
  year={2020}
}

@inproceedings{gupta2018social,
  title={Social gan: Socially acceptable trajectories with generative adversarial networks},
  author={Gupta, Agrim and Johnson, Justin and Fei-Fei, Li and Savarese, Silvio and Alahi, Alexandre},
  booktitle=cvpr,
  pages={2255--2264},
  year={2018}
}

@misc{pqdict,
  Title = {Priority Queue Dictionary (pqdict)},
  Publisher = {GitHub},
  Journal = {GitHub repository},
  Howpublished = {\url{https://github.com/nvictus/priority-queue-dictionary}}
}


@inproceedings{chen2019learning,
  title={Learning to Plan in High Dimensions via Neural Exploration-Exploitation Trees},
  author={Chen, Binghong and Dai, Bo and Lin, Qinjie and Ye, Guo and Liu, Han and Song, Le},
  booktitle=iclr,
  year={2020}
}

@article{hart1968formal,
  title={A formal basis for the heuristic determination of minimum cost paths},
  author={Hart, Peter E and Nilsson, Nils J and Raphael, Bertram},
  journal={IEEE Transactions on Systems Science and Cybernetics},
  volume={4},
  number={2},
  pages={100--107},
  year={1968},
}

@article{abd2015comprehensive,
author = {Abd Algfoor, Zeyad and Sunar, Mohd Shahrizal and Kolivand, Hoshang},
year = {2015},
month = {04},
pages = {1-11},
title = {A Comprehensive Study on Pathfinding Techniques for Robotics and Video Games},
volume = {2015},
journal = {International Journal of Computer Games Technology},
doi = {10.1155/2015/736138}
}

@article{gonzalez2015review,
  title={A review of motion planning techniques for automated vehicles},
  author={Gonz{\'a}lez, David and P{\'e}rez, Joshu{\'e} and Milan{\'e}s, Vicente and Nashashibi, Fawzi},
  journal={IEEE Transactions on Intelligent Transportation Systems},
  volume={17},
  number={4},
  pages={1135--1145},
  year={2015},
}


@inproceedings{takahashi2019learning,
  title={Learning Heuristic Functions for Mobile Robot Path Planning Using Deep Neural Networks},
  author={Takahashi, Takeshi and Sun, He and Tian, Dong and Wang, Yebin},
  booktitle=icaps,
  pages={764--772},
  year={2019}
}

@article{choudhury2018data,
  title={Data-driven planning via imitation learning},
  author={Choudhury, Sanjiban and Bhardwaj, Mohak and Arora, Sankalp and Kapoor, Ashish and Ranade, Gireeja and Scherer, Sebastian and Dey, Debadeepta},
  journal=ijrr,
  volume={37},
  number={13-14},
  pages={1632--1672},
  year={2018},
}

@article{ichter2019robot,
  title={Robot motion planning in learned latent spaces},
  author={Ichter, Brian and Pavone, Marco},
  journal=ral,
  volume={4},
  number={3},
  pages={2407--2414},
  year={2019},
}

@inproceedings{ichter2018learning,
  title={Learning sampling distributions for robot motion planning},
  author={Ichter, Brian and Harrison, James and Pavone, Marco},
  booktitle=icra,
  pages={7087--7094},
  year={2018},
}

@INPROCEEDINGS{ichter2020learned,
  author={B. {Ichter} and E. {Schmerling} and T. -W. E. {Lee} and A. {Faust}},
  booktitle=icra,
  title={Learned Critical Probabilistic Roadmaps for Robotic Motion Planning}, 
  year={2020},
  pages={9535-9541},
  }
  

@article{lavalle1998rapidly,
  title={Rapidly-exploring random trees: a new tool for path planning},
  author={Steven M. LaValle},
  journal={The annual research report},
  year={1998},
}


@article{kingston2018sampling,
  title={Sampling-based methods for motion planning with constraints},
  author={Kingston, Zachary and Moll, Mark and Kavraki, Lydia E},
  journal={Annual review of control, robotics, and autonomous systems},
  volume={1},
  pages={159--185},
  year={2018},
}

@inproceedings{yamada2020motion,
  title={Motion Planner Augmented Reinforcement Learning for Robot Manipulation in Obstructed Environments},
  author={Yamada, Jun and Lee, Youngwoon and Salhotra, Gautam and Pertsch, Karl and Pflueger, Max and Sukhatme, Gaurav S and Lim, Joseph J and Englert, Peter},
  booktitle=corl,
  year={2020}
}

@misc{patel1997heuristics,
  author = {Amit Patel},
  title = {{Heuristics -- Stanford CS Theory}},
  year = 1997,
  url = {{http://theory.stanford.edu/~amitp/GameProgramming/Heuristics.html}}
}

@inproceedings{he2016deep,
  title={Deep residual learning for image recognition},
  author={He, Kaiming and Zhang, Xiangyu and Ren, Shaoqing and Sun, Jian},
  booktitle=cvpr,
  pages={770--778},
  year={2016}
}

@article{pohl1970heuristic,
  title={Heuristic search viewed as path finding in a graph},
  author={Pohl, Ira},
  journal={Artificial intelligence},
  volume={1},
  number={3-4},
  pages={193--204},
  year={1970},
}

@article{anderson2018evaluation,
  title={On evaluation of embodied navigation agents},
  author={Anderson, Peter and Chang, Angel and Chaplot, Devendra Singh and Dosovitskiy, Alexey and Gupta, Saurabh and Koltun, Vladlen and Kosecka, Jana and Malik, Jitendra and Mottaghi, Roozbeh and Savva, Manolis and others},
  journal={arXiv preprint arXiv:1807.06757},
  year={2018}
}

@inproceedings{zhou2015massively,
  title={Massively parallel A* search on a GPU},
  author={Zhou, Yichao and Zeng, Jianyang},
  booktitle=aaai,
  year={2015}
}

@inproceedings{burns2012implementing,
  title={Implementing fast heuristic search code},
  author={Burns, Ethan Andrew and Hatem, Matthew and Leighton, Michael J and Ruml, Wheeler},
  booktitle={Proceedings of the Annual Symposium on Combinatorial Search (SOCS)},
  year={2012}
}

@article{zhou2006breadth,
  title={Breadth-first heuristic search},
  author={Zhou, Rong and Hansen, Eric A},
  journal={Artificial Intelligence},
  volume={170},
  number={4-5},
  pages={385--408},
  year={2006},
}

@article{kretzschmar2016socially,
  title={Socially compliant mobile robot navigation via inverse reinforcement learning},
  author={Kretzschmar, Henrik and Spies, Markus and Sprunk, Christoph and Burgard, Wolfram},
  journal=ijrr,
  volume={35},
  number={11},
  pages={1289--1307},
  year={2016},
}

@inproceedings{ratliff2006max,
author = {Ratliff, Nathan D. and Bagnell, J. Andrew and Zinkevich, Martin A.},
title = {Maximum Margin Planning},
year = {2006},
booktitle = icml,
pages = {729–736},
series = {ICML '06}
}

@inproceedings{ziebart2008maximum,
  title={Maximum entropy inverse reinforcement learning.},
  author={Ziebart, Brian D and Maas, Andrew L and Bagnell, J Andrew and Dey, Anind K},
  booktitle=aaai,
  pages={1433--1438},
  year={2008},
}

@article{wulfmeier2015maximum,
  title={Maximum entropy deep inverse reinforcement learning},
  author={Wulfmeier, Markus and Ondruska, Peter and Posner, Ingmar},
  journal={arXiv preprint arXiv:1507.04888},
  year={2015}
}

@article{archetti2021neural,
  title={Neural Weighted {A}*: Learning Graph Costs and Heuristics with Differentiable Anytime {A}*},
  author={Archetti, Alberto and Cannici, Marco and Matteucci, Matteo},
  journal={arXiv preprint arXiv:2105.01480},
  year={2021}
}

@inproceedings{chaplot2021differentiable,
  title={Differentiable spatial planning using transformers},
  author={Chaplot, Devendra Singh and Pathak, Deepak and Malik, Jitendra},
  booktitle=icml,
  pages={1484--1495},
  year={2021},
}

@inproceedings{chen2021decision,
  title={Decision transformer: Reinforcement learning via sequence modeling},
  author={Chen, Lili and Lu, Kevin and Rajeswaran, Aravind and Lee, Kimin and Grover, Aditya and Laskin, Misha and Abbeel, Pieter and Srinivas, Aravind and Mordatch, Igor},
  booktitle=neurips,
  pages={15084--15097},
  year={2021}
}

@inproceedings{janner2021offline,
  title={Offline reinforcement learning as one big sequence modeling problem},
  author={Janner, Michael and Li, Qiyang and Levine, Sergey},
  booktitle=neurips,
  pages={1273--1286},
  year={2021}
}

@inproceedings{liang2023adaptdiffuser,
  title={Adaptdiffuser: Diffusion models as adaptive self-evolving planners},
  author={Liang, Zhixuan and Mu, Yao and Ding, Mingyu and Ni, Fei and Tomizuka, Masayoshi and Luo, Ping},
  booktitle=icml,
  year={2023}
}

@article{mathew2015planning,
  title={Planning paths for package delivery in heterogeneous multirobot teams},
  author={Mathew, Neil and Smith, Stephen L and Waslander, Steven L},
  journal={IEEE Transactions on Automation Science and Engineering},
  volume={12},
  number={4},
  pages={1298--1308},
  year={2015},
  publisher={IEEE}
}

@article{moshref2021applications,
  title={Applications and Research avenues for drone-based models in logistics: A classification and review},
  author={Moshref-Javadi, Mohammad and Winkenbach, Matthias},
  journal={Expert Systems with Applications},
  volume={177},
  pages={114854},
  year={2021},
  publisher={Elsevier}
}

@article{lee2021assistive,
  title={Assistive delivery robot application for real-world postal services},
  author={Lee, Daegyu and Kang, Gyuree and Kim, Boseong and Shim, D Hyunchul},
  journal={IEEE Access},
  volume={9},
  pages={141981--141998},
  year={2021},
  publisher={IEEE}
}

@article{matai2010traveling,
  title={Traveling salesman problem: an overview of applications, formulations, and solution approaches},
  author={Matai, Rajesh and Singh, Surya Prakash and Mittal, Murari Lal},
  journal={Traveling salesman problem, theory and applications},
  volume={1},
  number={1},
  pages={1--25},
  year={2010},
  publisher={InTech, Croatia}
}
@article{yang2023diffusion,
  title={Diffusion models: A comprehensive survey of methods and applications},
  author={Yang, Ling and Zhang, Zhilong and Song, Yang and Hong, Shenda and Xu, Runsheng and Zhao, Yue and Zhang, Wentao and Cui, Bin and Yang, Ming-Hsuan},
  journal={ACM Computing Surveys},
  volume={56},
  number={4},
  pages={1--39},
  year={2023},
  publisher={ACM New York, NY, USA}
}

@inproceedings{ho2020denoising,
  title={Denoising diffusion probabilistic models},
  author={Ho, Jonathan and Jain, Ajay and Abbeel, Pieter},
  booktitle=neurips,
  pages={6840--6851},
  year={2020}
}

@inproceedings{song2020denoising,
  title={Denoising diffusion implicit models},
  author={Song, Jiaming and Meng, Chenlin and Ermon, Stefano},
  booktitle=iclr,
  year={2020}
}

@inproceedings{song2023consistency,
  title={Consistency models},
  author={Song, Yang and Dhariwal, Prafulla and Chen, Mark and Sutskever, Ilya},
booktitle=icml,
  pages={32211--32252},
  year={2023}
}

@inproceedings{loshchilov2019decoupled,
  title={Decoupled weight decay regularization},
  author={Loshchilov, Ilya and Hutter, Frank},
  booktitle=iclr,
  year={2019}
}

@inproceedings{loshchilov2017sgdr,
  title={Sgdr: Stochastic gradient descent with warm restarts},
  author={Loshchilov, Ilya and Hutter, Frank},
  booktitle=iclr,
  year={2017}
}

@article{braekers2016vehicle,
  title={The vehicle routing problem: State of the art classification and review},
  author={Braekers, Kris and Ramaekers, Katrien and Van Nieuwenhuyse, Inneke},
  journal={Computers \& industrial engineering},
  volume={99},
  pages={300--313},
  year={2016},
}

@article{karaman2011sampling,
  title={Sampling-based algorithms for optimal motion planning},
  author={Karaman, Sertac and Frazzoli, Emilio},
  journal= ijrr,
  volume={30},
  number={7},
  pages={846--894},
  year={2011},
}

@inproceedings{arias2021avoidance,
  title={Avoidance critical probabilistic roadmaps for motion planning in dynamic environments},
  author={Arias, Felipe Felix and Ichter, Brian and Faust, Aleksandra and Amato, Nancy M},
  booktitle=icra,
  pages={10264--10270},
  year={2021},
}

@inproceedings{savla2005point,
  title={On the point-to-point and traveling salesperson problems for Dubins' vehicle},
  author={Savla, Ketan and Frazzoli, Emilio and Bullo, Francesco},
  booktitle={Proceedings of the American Control Conference (ACC)},
  pages={786--791},
  year={2005},
}

@inproceedings{kuvcerova2021variable,
  title={Variable-speed traveling salesman problem for vehicles with curvature constrained trajectories},
  author={Ku{\v{c}}erov{\'a}, Krist{\`y}na and V{\'a}{\v{n}}a, Petr and Faigl, Jan},
  booktitle=iros,
  pages={4714--4719},
  year={2021},
}

@inproceedings{adler2016stochastic,
  title={The stochastic traveling salesman problem and orienteering for kinodynamic vehicles},
  author={Adler, Aviv and Karaman, Sertac},
  booktitle=icra,
  pages={2788--2795},
  year={2016},
}

@article{babel2017curvature,
  title={Curvature-constrained traveling salesman tours for aerial surveillance in scenarios with obstacles},
  author={Babel, Luitpold},
  journal={European Journal of Operational Research},
  volume={262},
  number={1},
  pages={335--346},
  year={2017},
}

@inproceedings{meyer2021trajectory,
  title={Trajectory-based traveling salesman problem for multirotor UAVs},
  author={Meyer, Fabian and Glock, Katharina},
  booktitle={Proceedings of the International Conference on Distributed Computing in Sensor Systems (DCOSS)},
  pages={335--342},
  year={2021},
}

@article{faigl2011application,
  title={An application of the self-organizing map in the non-Euclidean Traveling Salesman Problem},
  author={Faigl, Jan and Kulich, Miroslav and Von{\'a}sek, Vojt{\v{e}}ch and P{\v{r}}eu{\v{c}}il, Libor},
  journal={Neurocomputing},
  volume={74},
  number={5},
  pages={671--679},
  year={2011},
}

@inproceedings{rombach2022high,
  title={High-resolution image synthesis with latent diffusion models},
  author={Rombach, Robin and Blattmann, Andreas and Lorenz, Dominik and Esser, Patrick and Ommer, Bj{\"o}rn},
  booktitle=cvpr,
  pages={10684--10695},
  year={2022}
}

@inproceedings{saharia2022photorealistic,
  title={Photorealistic text-to-image diffusion models with deep language understanding},
  author={Saharia, Chitwan and Chan, William and Saxena, Saurabh and Li, Lala and Whang, Jay and Denton, Emily L and Ghasemipour, Kamyar and Gontijo Lopes, Raphael and Karagol Ayan, Burcu and Salimans, Tim and others},
  booktitle=neurips,
  volume={35},
  pages={36479--36494},
  year={2022}
}

@inproceedings{graikos2022diffusion,
  title={Diffusion models as plug-and-play priors},
  author={Graikos, Alexandros and Malkin, Nikolay and Jojic, Nebojsa and Samaras, Dimitris},
  booktitle=neurips,
  volume={35},
  pages={14715--14728},
  year={2022}
}

@inproceedings{dugas2021navrep,
  title={Navrep: Unsupervised representations for reinforcement learning of robot navigation in dynamic human environments},
  author={Dugas, Daniel and Nieto, Juan and Siegwart, Roland and Chung, Jen Jen},
  booktitle=icra,
  pages={7829--7835},
  year={2021},
}

@article{10.1145/1502800.1502805,
author = {Ruddle, Roy A. and Lessels, Simon},
title = {The benefits of using a walking interface to navigate virtual environments},
year = {2009},
issue_date = {April 2009},
publisher = {Association for Computing Machinery},
address = {New York, NY, USA},
volume = {16},
number = {1},
issn = {1073-0516},
url = {https://doi.org/10.1145/1502800.1502805},
doi = {10.1145/1502800.1502805},
journal = {ACM Trans. Comput.-Hum. Interact.},
month = {apr},
articleno = {5},
numpages = {18},
keywords = {visual fidelity, navigation, locomotion, Virtual reality}
}

@inproceedings{dai2024think,
  title={Think, act, and ask: Open-world interactive personalized robot navigation},
  author={Dai, Yinpei and Peng, Run and Li, Sikai and Chai, Joyce},
  booktitle=icra,
  pages={3296--3303},
  year={2024},
}

@article{xiao2023llm,
  title={Llm a*: Human in the loop large language models enabled a* search for robotics},
  author={Xiao, Hengjia and Wang, Peng},
  journal={arXiv preprint arXiv:2312.01797},
  year={2023}
}

@article{koubaa2023rosgpt,
  title={ROSGPT: Next-Generation Human-Robot Interaction with ChatGPT and ROS},
  author={Koubaa, Anis},
  journal={Preprints.org},
  year={2023},
  volume={2023},
  pages={2023040827},
  doi={10.20944/preprints202304.0827.v2}
}

@ARTICLE{hu2024deploying,
  author={Hu, Zichao and Lucchetti, Francesca and Schlesinger, Claire and Saxena, Yash and Freeman, Anders and Modak, Sadanand and Guha, Arjun and Biswas, Joydeep},
  journal=ral,
  title={Deploying and Evaluating LLMs to Program Service Mobile Robots},
  year={2024},
  volume={9},
  pages={2853-2860},
  doi={10.1109/LRA.2024.3360020},
}

@article{shirasaka2023selfrecovery,
  title={Self-Recovery Prompting: Promptable General Purpose Service Robot System with Foundation Models and Self-Recovery},
  author={Shirasaka, Mimo and Matsushima, Tatsuya and Tsunashima, Soshi and Ikeda, Yuya and Horo, Aoi and Ikoma, So and Tsuji, Chikaha and Wada, Hikaru and Omija, Tsunekazu and Komukai, Dai},
  journal={arXiv preprint arXiv:2309.14425},
  year={2023}
}


@article{gonzalez2023integration,
  title={Integration of Large Language Models within Cognitive Architectures for Autonomous Robots},
  author={Gonz{\'a}lez-Santamarta, Miguel {\'A} and Rodr{\'\i}guez-Lera, Francisco J and Guerrero-Higueras, {\'A}ngel Manuel and Matell{\'a}n-Olivera, Vicente},
  journal={arXiv preprint arXiv:2309.14945},
  year={2023}
}

@inproceedings{yonetani2021path,
      title={Path Planning using Neural A* Search}, 
      author={Ryo Yonetani and Tatsunori Taniai and Mohammadamin Barekatain and Mai Nishimura and Asako Kanezaki},
      booktitle=icml, 
      pages={12029–12039},
      year={2021}
}


@article{liu2023llmp,
  title={Llm+ p: Empowering large language models with optimal planning proficiency},
  author={Liu, Bo and Jiang, Yuqian and Zhang, Xiaohan and Liu, Qiang and Zhang, Shiqi and Biswas, Joydeep and Stone, Peter},
  journal={arXiv preprint arXiv:2304.11477},
  year={2023}
}

@article{muller2007dynamic,
  title={Dynamic time warping},
  author={M{\"u}ller, Meinard},
  journal={Information retrieval for music and motion},
  pages={69--84},
  year={2007},
  publisher={Springer}
}


@article{taketomi2017visual,
  title={Visual SLAM algorithms: A survey from 2010 to 2016},
  author={Taketomi, Takafumi and Uchiyama, Hideaki and Ikeda, Sei},
  journal={IPSJ Transactions on Computer Vision and Applications},
  volume={9},
  pages={1--11},
  year={2017},
  publisher={Springer}
}

@article{campos2021orb,
  title={Orb-slam3: An accurate open-source library for visual, visual--inertial, and multimap slam},
  author={Campos, Carlos and Elvira, Richard and Rodr{\'\i}guez, Juan J G{\'o}mez and Montiel, Jos{\'e} MM and Tard{\'o}s, Juan D},
  journal={IEEE Transactions on Robotics},
  volume={37},
  number={6},
  pages={1874--1890},
  year={2021},
  publisher={IEEE}
}

@article{zeng2023large,
  title={Large language models for robotics: A survey},
  author={Zeng, Fanlong and Gan, Wensheng and Wang, Yongheng and Liu, Ning and Yu, Philip S},
  journal={arXiv preprint arXiv:2311.07226},
  year={2023}
}


@article{bhat2024grounding,
  title={Grounding LLMs For Robot Task Planning Using Closed-loop State Feedback},
  author={Bhat, Vineet and Kaypak, Ali Umut and Krishnamurthy, Prashanth and Karri, Ramesh and Khorrami, Farshad},
  journal={arXiv preprint arXiv:2402.08546},
  year={2024}
}

@article{garcia2017review,
  title={A review on deep learning techniques applied to semantic segmentation},
  author={Garcia-Garcia, Alberto and Orts-Escolano, Sergio and Oprea, Sergiu and Villena-Martinez, Victor and Garcia-Rodriguez, Jose},
  journal={arXiv preprint arXiv:1704.06857},
  year={2017}
}

@article{openai2023gpt4,
      title={{GPT-4} Technical Report}, 
      author={{OpenAI}},
      year={2023},
      journal = {ArXiv e-prints (arXiv:2303.08774)},
      archivePrefix = "arXiv",
      eprint = {2303.08774},
}


@inproceedings{dobrevskiskocaj2020in2d, title={Adaptive Dynamic Window Approach}, author={Dobrevski, Matej and Sko{\v{c}}aj, Danijel}, booktitle={2021 IEEE/RSJ International Conference on Intelligent Robots and Systems (IROS)}, year={2020} } 


@inproceedings{xiazamirhe2018gibsonenv,
  title={Gibson env: real-world perception for embodied agents},
  author={Xia, Fei and R. Zamir, Amir and He, Zhi-Yang and Sax, Alexander and Malik, Jitendra and Savarese, Silvio},
  booktitle=cvpr,
  year={2018}
}

@inproceedings{NEURIPS2020_1457c0d6,
 author = {Brown, Tom and Mann, Benjamin and Ryder, Nick and Subbiah, Melanie and Kaplan, Jared D and Dhariwal, Prafulla and Neelakantan, Arvind and Shyam, Pranav and Sastry, Girish and Askell, Amanda and Agarwal, Sandhini and Herbert-Voss, Ariel and Krueger, Gretchen and Henighan, Tom and Child, Rewon and Ramesh, Aditya and Ziegler, Daniel and Wu, Jeffrey and Winter, Clemens and Hesse, Chris and Chen, Mark and Sigler, Eric and Litwin, Mateusz and Gray, Scott and Chess, Benjamin and Clark, Jack and Berner, Christopher and McCandlish, Sam and Radford, Alec and Sutskever, Ilya and Amodei, Dario},
 booktitle = {Advances in Neural Information Processing Systems},
 editor = {H. Larochelle and M. Ranzato and R. Hadsell and M.F. Balcan and H. Lin},
 pages = {1877--1901},
 publisher = {Curran Associates, Inc.},
 title = {Language Models are Few-Shot Learners},
 url = {https://proceedings.neurips.cc/paper_files/paper/2020/file/1457c0d6bfcb4967418bfb8ac142f64a-Paper.pdf},
 volume = {33},
 year = {2020}
}

@article{HASSOUN1990355,
title = {Fast computation of optimal paths in two- and higher-dimension maps},
journal = {Neural Networks},
volume = {3},
number = {3},
pages = {355-363},
year = {1990},
issn = {0893-6080},
doi = {https://doi.org/10.1016/0893-6080(90)90078-Y},
url = {https://www.sciencedirect.com/science/article/pii/089360809090078Y},
author = {Mohamad H. Hassoun and Ashvin J. Sanghvi},
keywords = {Combinatorial optimization, Artificial neural networks, Optimal path, Distributed cost map, Potential surface, Fine-grained processor},
abstract = {Highly interconnected networks of relatively simple processing elements are shown to be very effective in solving difficult optimization problems. Problems that fall into the broad category of finding a least cost path between two points, given a distributed and sometimes complex cost map, are studied in this paper. A neural-like architecture and associated computational rules are proposed for the solution of this class of optimal path-finding problems in two- and higher-dimensional spaces.}
}

@book{LaValle_2006, place={Cambridge}, title={Planning Algorithms}, publisher={Cambridge University Press}, author={LaValle, Steven M.}, year={2006}} 

@article{Buhmann_Burgard_Cremers_Fox_Hofmann_Schneider_Strikos_Thrun_1995, title={The Mobile Robot RHINO}, volume={16}, url={https://ojs.aaai.org/aimagazine/index.php/aimagazine/article/view/1131}, DOI={10.1609/aimag.v16i2.1131}, abstractNote={Rhino was the University of Bonn’s entry in the 1994 AAAI Robot Competition and Exhibition. rhino is a mobile robot designed for indoor navigation and manipulation tasks. The general scientific goal of the rhino project is the development and the analysis of autonomous and complex learning systems. This article briefly describes the major components of the rhino control software as they were exhibited at the competition. It also sketches the basic philosophy of the rhino architecture and discusses some of the lessons that we learned during the competition.}, number={2}, journal={AI Magazine}, author={Buhmann, Joachim and Burgard, Wolfram and Cremers, Armin B. and Fox, Dieter and Hofmann, Thomas and Schneider, Frank E. and Strikos, Jiannis and Thrun, Sebastian}, year={1995}, month={Jun.}, pages={31} }

@ARTICLE{30720,
  author={Elfes, A.},
  journal={Computer}, 
  title={Using occupancy grids for mobile robot perception and navigation}, 
  year={1989},
  volume={22},
  number={6},
  pages={46-57},
  keywords={Mobile robots;Navigation;Robot sensing systems;Robustness;Service robots;Path planning;Robot kinematics;State estimation;Remotely operated vehicles;Decision making},
  doi={10.1109/2.30720}}

@inproceedings{roth2024viplanner,
  title={Viplanner: Visual semantic imperative learning for local navigation},
  author={Roth, Pascal and Nubert, Julian and Yang, Fan and Mittal, Mayank and Hutter, Marco},
  booktitle=icra,
  pages={5243--5249},
  year={2024},
}
@INPROCEEDINGS{10610306,
  author={Lee, Minhyeong and Lee, Dongjun},
  booktitle={2024 IEEE International Conference on Robotics and Automation (ICRA)}, 
  title={Efficient Clothoid Tree-Based Local Path Planning for Self-Driving Robots}, 
  year={2024},
  volume={},
  number={},
  pages={7034-7040},
  keywords={Interpolation;Accuracy;Shape;Roads;Path planning;Real-time systems;Decoding},
  doi={10.1109/ICRA57147.2024.10610306}}

@inproceedings{koenig2002dlite,
  title={D*Lite},
  author={Koenig, Sven and Likhachev, Maxim},
  booktitle={Eighteenth national conference on Artificial intelligence},
  pages={476--483},
  year={2002},
  organization={American Association for Artificial Intelligence},
  address={Menlo Park, CA, USA}
}


@inproceedings{xia2018gibson,
  title={Gibson env: Real-world perception for embodied agents},
  author={Xia, Fei and Zamir, Amir R and He, Zhiyang and Sax, Alexander and Malik, Jitendra and Savarese, Silvio},
  booktitle=cvpr,
  pages={9068--9079},
  year={2018}
}

@inproceedings{dobrevski2020adaptive,
  title={Adaptive dynamic window approach for local navigation},
  author={Dobrevski, Matej and Sko{\v{c}}aj, Danijel},
  booktitle=iros,
  pages={6930--6936},
  year={2020},
}

@article{ahn2022can,
  title={Do as i can, not as i say: Grounding language in robotic affordances},
  author={Ahn, Michael and Brohan, Anthony and Brown, Noah and Chebotar, Yevgen and Cortes, Omar and David, Byron and Finn, Chelsea and Fu, Chuyuan and Gopalakrishnan, Keerthana and Hausman, Karol and others},
  journal={arXiv preprint arXiv:2204.01691},
  year={2022}
}

@article{skreta2024replan,
  title={Replan: Robotic replanning with perception and language models},
  author={Skreta, Marta and Zhou, Zihan and Yuan, Jia Lin and Darvish, Kourosh and Aspuru-Guzik, Al{\'a}n and Garg, Animesh},
  journal={arXiv preprint arXiv:2401.04157},
  year={2024}
}

@inproceedings{joublin2024copal,
  title={CoPAL: corrective planning of robot actions with large language models},
  author={Joublin, Frank and Ceravola, Antonello and Smirnov, Pavel and Ocker, Felix and Deigmoeller, Joerg and Belardinelli, Anna and Wang, Chao and Hasler, Stephan and Tanneberg, Daniel and Gienger, Michael},
  booktitle=icra,
  pages={8664--8670},
  year={2024}
}



