@article{jiang2020performance,
  title={Performance analysis of Hyperledger Fabric platform: A hierarchical model approach},
  author={Jiang, Lili and Chang, Xiaolin and Liu, Yuhang and Mi{\v{s}}i{\'c}, Jelena and Mi{\v{s}}i{\'c}, Vojislav B},
  journal={Peer-to-Peer Networking and Applications},
  volume={13},
  pages={1014--1025},
  year={2020},
  publisher={Springer}
}

@article{ke_springer_cc2022,
  title={Performance modeling and analysis of Hyperledger Fabric},
  author={Ke, Zuqiang and Park, Nohpill},
  journal={Cluster Computing},
  pages={1--19},
  year={2022},
  publisher={Springer}
}

@article{melo_computing2022,
  title={A model-based approach for planning blockchain service provisioning},
  author={Melo, Carlos and Araujo, Jean and Dantas, Jamilson and Pereira, Paulo and Maciel, Paulo},
  journal={Computing},
  volume={104},
  number={2},
  pages={315--337},
  year={2022},
  publisher={Springer}
}

@inproceedings{silva2023avaliaccao,
  title={Avalia{\c{c}}ao de Desempenho de Blockchains Permissionadas Hyperledger Orientada ao Planejamento de Capacidade de Recursos Computacionais},
  author={Silva, Francisco A and Gon{\c{c}}alves, Glauber D and Feitosa, Leonel and Soares, Andr{\'e} and others},
  booktitle={Anais do XLI Simp{\'o}sio Brasileiro de Redes de Computadores e Sistemas Distribu{\'\i}dos},
  pages={71--84},
  year={2023},
  organization={SBC}
}

@inproceedings{sukhwani2018performance,
  title={Performance Modeling of Hyperledger Fabric (Permissioned Blockchain Network)},
  author={Sukhwani, Harish and Wang, Nan and Trivedi, Kishor S and Rindos, Andy},
  booktitle={2018 IEEE 17th International Symposium on Network Computing and Applications (NCA)},
  pages={1--8},
  year={2018},
  organization={IEEE}
}

@inproceedings{wu_acm_ease2022,
  title={Performance Modeling of Hyperledger Fabric 2.0},
  author={Wu, Ou and Li, Shanshan and Liu, Liwen and Zhang, He and Zhou, Xin and Lu, Qinghua},
  booktitle={Proceedings of the International Conference on Evaluation and Assessment in Software Engineering 2022},
  pages={357--365},
  year={2022}
}

@article{yuan2020performance,
  title={Performance modeling and analysis of a Hyperledger-based system using GSPN},
  author={Yuan, Pu and Zheng, Kan and Xiong, Xiong and Zhang, Kuan and Lei, Lei},
  journal={Computer Communications},
  volume={153},
  pages={117--124},
  year={2020},
  publisher={Elsevier}
}

