@article{sweere2022deep,
  title={Deep learning-based super-resolution and de-noising for XMM-newton images},
  author={Sweere, Sam F and Valtchanov, Ivan and Lieu, Maggie and Vojtekova, Antonia and Verdugo, Eva and Santos-Lleo, Maria and Pacaud, Florian and Briassouli, Alexia and C{\'a}mpora P{\'e}rez, Daniel},
  journal={Monthly Notices of the Royal Astronomical Society},
  volume={517},
  number={3},
  pages={4054--4069},
  year={2022},
  publisher={Oxford University Press}
}

@article{lee2023facing,
  title={Facing to latency of hyperledger fabric for blockchain-enabled IoT: Modeling and analysis},
  author={Lee, Sungho and Kim, Minsu and Lee, Jemin and Hsu, Ruei-Hau and Kim, Min-Soo and Quek, Tony QS},
  journal={IEEE Network},
  year={2023},
  publisher={IEEE}
}

@article{jiang2020performance,
  title={Performance analysis of Hyperledger Fabric platform: A hierarchical model approach},
  author={Jiang, Lili and Chang, Xiaolin and Liu, Yuhang and Mi{\v{s}}i{\'c}, Jelena and Mi{\v{s}}i{\'c}, Vojislav B},
  journal={Peer-to-Peer Networking and Applications},
  volume={13},
  pages={1014--1025},
  year={2020},
  publisher={Springer}
}

@article{yuan2020performance,
  title={Performance modeling and analysis of a Hyperledger-based system using GSPN},
  author={Yuan, Pu and Zheng, Kan and Xiong, Xiong and Zhang, Kuan and Lei, Lei},
  journal={Computer Communications},
  volume={153},
  pages={117--124},
  year={2020},
  publisher={Elsevier}
}

@article{xu2021latency,
  title={Latency performance modeling and analysis for hyperledger fabric blockchain network},
  author={Xu, Xiaoqiong and Sun, Gang and Luo, Long and Cao, Huilong and Yu, Hongfang and Vasilakos, Athanasios V},
  journal={Information Processing \& Management},
  volume={58},
  number={1},
  pages={102436},
  year={2021},
  publisher={Elsevier}
}

@article{hang2021optimal,
  title={Optimal blockchain network construction methodology based on analysis of configurable components for enhancing Hyperledger Fabric performance},
  author={Hang, Lei and Kim, Do-Hyeun},
  journal={Blockchain: Research and Applications},
  volume={2},
  number={1},
  pages={100009},
  year={2021},
  publisher={Elsevier}
}

@article{melo2022performance,
  title={Performance and availability evaluation of the blockchain platform hyperledger fabric},
  author={Melo, Carlos and Oliveira, Felipe and Dantas, Jamilson and Araujo, Jean and Pereira, Paulo and Maciel, Ronierison and Maciel, Paulo},
  journal={The Journal of Supercomputing},
  volume={78},
  number={10},
  pages={12505--12527},
  year={2022},
  publisher={Springer}
}

@inproceedings{silva2023avaliaccao,
  title={Avalia{\c{c}}ao de Desempenho de Blockchains Permissionadas Hyperledger Orientada ao Planejamento de Capacidade de Recursos Computacionais},
  author={Silva, Francisco A and Gon{\c{c}}alves, Glauber D and Feitosa, Leonel and Soares, Andr{\'e} and others},
  booktitle={Anais do XLI Simp{\'o}sio Brasileiro de Redes de Computadores e Sistemas Distribu{\'\i}dos},
  pages={71--84},
  year={2023},
  organization={SBC}
}

@article{la2023joint,
  title={Joint Modeling of Hyperledger Fabric and Sybil attack: Petri Net approach},
  author={La Salle, Axel and Kumar, Anil and Jevti{\'c}, Petar and Boscovic, Dragan},
  journal={Simulation Modelling Practice and Theory},
  volume={122},
  pages={102674},
  year={2023},
  publisher={Elsevier}
}

@article{roy2019security,
  title={A security framework for a sustainable smart ecosystem using permissioned blockchain: performance evaluation},
  author={Roy, George Gabriel Richard and Kumar, S Britto Ramesh},
  journal={Int. J. Innov. Technol. Explor. Eng.},
  volume={8},
  number={10},
  pages={4247--4250},
  year={2019}
}

@article{vojtekova2021learning,
  title={Learning to denoise astronomical images with U-nets},
  author={Vojtekova, Antonia and Lieu, Maggie and Valtchanov, Ivan and Altieri, Bruno and Old, Lyndsay and Chen, Qifeng and Hroch, Filip},
  journal={Monthly Notices of the Royal Astronomical Society},
  volume={503},
  number={3},
  pages={3204--3215},
  year={2021},
  publisher={Oxford University Press}
}

% This file was created with JabRef 2.10.
% Encoding: Cp1252
@inproceedings{cachin2016architecture,
  title={Architecture of the hyperledger blockchain fabric},
  author={Cachin, Christian},
  booktitle={Workshop on distributed cryptocurrencies and consensus ledgers},
  volume={310},
  pages={4},
  year={2016}
}

@misc{martino2016kadena,
  title={Kadena—The first scalable, high performance private blockchain. Whitepaper},
  author={Martino, Will},
  year={2016}
}


@inproceedings{melo2017capacity,
  title={Capacity-Oriented Availability Model for Resources Estimation on Private Cloud Infrastructure},
  author={Melo, Carlos and Matos, Rubens and Dantas, Jamilson and Maciel, Paulo},
  booktitle={Dependable Computing (PRDC), 2017 IEEE 22nd Pacific Rim International Symposium on},
  pages={255--260},
  year={2017},
  organization={IEEE}
}

@inproceedings{zhang2018method,
  title={A method to predict the performance and storage of executing contract for ethereum consortium-blockchain},
  author={Zhang, Huijuan and Jin, Chengxin and Cui, Hejie},
  booktitle={International Conference on Blockchain},
  pages={63--74},
  year={2018},
  organization={Springer}
}

@book{hightower2017kubernetes,
  title={Kubernetes: up and running: dive into the future of infrastructure},
  author={Hightower, Kelsey and Burns, Brendan and Beda, Joe},
  year={2017},
  publisher={" O'Reilly Media, Inc."}
}

@article{torquato2175models,
  title={Models for capacity oriented availability evaluation of a private cloud},
  author={Torquato, Matheus and Torquato, Lucas and Maciel, Paulo},
  journal={Revista de Inform{\'a}tica Te orica e Aplicada-RITA-ISSN},
  volume={2175},
  pages={2745}
}

@inproceedings{aniello2017,
  title={A prototype evaluation of a tamper-resistant high performance blockchain-based transaction log for a distributed database},
  author={Aniello, Leonardo and Baldoni, Roberto and Gaetani, Edoardo and Lombardi, Federico and Margheri, Andrea and Sassone, Vladimiro},
  booktitle={2017 13th European Dependable Computing Conference (EDCC)},
  pages={151--154},
  year={2017},
  organization={IEEE}
}

@techreport{hyperledgerperformance,
     title = {Hyperledger Blockchain Performance Metrics White Paper},
     author = {Hyperledger},
     group = {Hyperledger Performance and Scale Working Group},
     year = {2018}
}

@techreport{hyperledgersmart,
     title = {Smart Contracts},
     author = {Hyperledger},
     group = {Hyperledger Architecture Working Group},
     year = {2018}
}

@book{dannen2017introducing,
  title={Introducing Ethereum and Solidity},
  author={Dannen, Chris},
  volume={1},
  year={2017},
  publisher={Springer}
}

@book{Antonopoulos2014,
   title =     {Mastering Bitcoin: Unlocking Digital Cryptocurrencies},
   author =    {Andreas M. Antonopoulos},
   publisher = {O'Reilly Media},
   isbn =      {1449374042, 9781449374044},
   year =      {2014},
   series =    {},
   edition =   {1},
   volume =    {}}

@book{taylor2004wicked,
  title={Wicked Cool Shell Scripts: 101 Scripts for Linux, Mac OS X, and Unix Systems},
  author={Taylor, Dave},
  year={2004},
  publisher={No Starch Press}
}

@inproceedings{vatcharatiansakul2019performance,
  title={A performance evaluation for Internet of Things based on Blockchain technology},
  author={Vatcharatiansakul, Nuttakit and Tuwanut, Panwit},
  booktitle={2019 5th International Conference on Engineering, Applied Sciences and Technology (ICEAST)},
  pages={1--4},
  year={2019},
  organization={IEEE}
}

@inproceedings{dinh2017blockbench,
  title={Blockbench: A framework for analyzing private blockchains},
  author={Dinh, Tien Tuan Anh and Wang, Ji and Chen, Gang and Liu, Rui and Ooi, Beng Chin and Tan, Kian-Lee},
  booktitle={Proceedings of the 2017 ACM International Conference on Management of Data},
  pages={1085--1100},
  year={2017}
}

@book{lilja2000,
 title = {Measuring Computer Performance: A Practitioner's Guide},
 author={David J. Lilja},
 year = {2000},
 isbn = {0-521-64105-5},
 publisher = {Cambridge University Press},
 address = {New York, NY, USA},
key = {{$\!\!$}} ,
}

@article{roehrs2019,
  title={Analyzing the performance of a blockchain-based personal health record implementation},
  author={Roehrs, Alex and da Costa, Cristiano Andr{\'e} and da Rosa Righi, Rodrigo and da Silva, Valter Ferreira and Goldim, Jos{\'e} Roberto and Schmidt, Douglas C},
  journal={Journal of biomedical informatics},
  volume={92},
  pages={103140},
  year={2019},
  publisher={Elsevier}
}

@Book{blockchain,
  title = "Blockchain: Blueprint for a New Economy",
  author = "Melanie Swan",
  publisher = "O\'Reilly.",
  address = "California",
  month = feb,
  year = "2015",
  isbn = "978-1-491-92049-7"
}

@inproceedings{wang2019performance,
  title={Performance benchmarking and optimization for blockchain systems: A survey},
  author={Wang, Rui and Ye, Kejiang and Xu, Cheng-Zhong},
  booktitle={International Conference on Blockchain},
  pages={171--185},
  year={2019},
  organization={Springer}
}

@article{corso2019performance,
  title={Performance Analysis of Proof-of-Elapsed-Time (PoET) Consensus in the Sawtooth Blockchain Framework},
  author={Corso, Amie},
  year={2019},
  publisher={University of Oregon}
}

@article{sukhwani2018performancet,
  title={Performance Modeling \& Analysis of Hyperledger Fabric (Permissioned Blockchain Network)},
  author={Sukhwani, Harish},
  journal={Duke University: Duke, UK},
  year={2018}
}

@inproceedings{stathakopoulos2018scalability,
  title={On scalability and performance of permissioned blockchain systems},
  author={Stathakopoulos, C},
  booktitle={Proc. EuroSys Doctoral Workshop},
  pages={1--2},
  year={2018}
}

@article{khademi2019implication,
  title={Implication of Blockchain Technology on Supply Chain Performance},
  author={Khademi, Hadi and Mehran, Mona},
  year={2019}
}

@inproceedings{wang2019blockchain,
  title={A Blockchain-Based IoT Data Management System for Secure and Scalable Data Sharing},
  author={Wang, Yawei and Wang, Chenxu and Luo, Xiapu and Zhang, Kaixiang and Li, Huizhong},
  booktitle={International Conference on Network and System Security},
  pages={167--184},
  year={2019},
  organization={Springer}
}

@inproceedings{tan2019vbbft,
  title={VBBFT-Raft: An Understandable Blockchain Consensus Protocol with High Performance},
  author={Tan, Dezhi and Hu, Jianguo and Wang, Jun},
  booktitle={2019 IEEE 7th International Conference on Computer Science and Network Technology (ICCSNT)},
  pages={111--115},
  year={2019},
  organization={IEEE}
}

@inproceedings{rydzi2019sharing,
  title={Sharing Blockchain Performance Knowledge for Edge Service Development},
  author={Rydzi, Filipi and Truong, Hong-Linh},
  booktitle={2019 IEEE 5th International Conference on Collaboration and Internet Computing (CIC)},
  pages={20--29},
  year={2019},
  organization={IEEE}
}

@inproceedings{pundir2019technology,
  title={Technology Integration for Improved Performance: A Case Study in Digitization of Supply Chain with Integration of Internet of Things and Blockchain Technology},
  author={Pundir, Ashok Kumar and Devpriya, Jadhav and Chakraborty, Mrinmoy and Ganpathy, L},
  booktitle={2019 IEEE 9th Annual Computing and Communication Workshop and Conference (CCWC)},
  pages={0170--0176},
  year={2019},
  organization={IEEE}
}

@inproceedings{lee2019performance,
  title={Performance Evaluation of Big Data Processing at the Edge for IoT-Blockchain Applications},
  author={Lee, Zi Ee and Chua, Raphael Liang Hui and Keoh, Sye Loong and Ohba, Yoshihiro},
  booktitle={2019 IEEE Global Communications Conference (GLOBECOM)},
  pages={1--6},
  year={2019},
  organization={IEEE}
}

@inproceedings{kuznetsov2019performance,
  title={Performance of Hash Algorithms on GPUs for Use in Blockchain},
  author={Kuznetsov, Alexandr and Shekhanin, Kyryl and Kolhatin, Andrii and Kovalchuk, Diana and Babenko, Vitalina and Perevozova, Iryna},
  booktitle={2019 IEEE International Conference on Advanced Trends in Information Theory (ATIT)},
  pages={166--170},
  year={2019},
  organization={IEEE}
}

@inproceedings{kim2019blockchain,
  title={Blockchain-based Node-aware Dynamic Weighting Methods for Improving Federated Learning Performance},
  author={Kim, You Jun and Hong, Choong Seon},
  booktitle={2019 20th Asia-Pacific Network Operations and Management Symposium (APNOMS)},
  pages={1--4},
  year={2019},
  organization={IEEE}
}

@article{ficheraleveraging,
  title={LEVERAGING BLOCKCHAIN TO RATIFY QoT PERFORMANCE IN MULTI-DOMAIN OPTICAL NETWORKS},
  author={Fichera, Silvia and Sambo, Nicola and Paolucci, Francesco and Cugini, Filippo and Castoldi, Piero}
}

@inproceedings{ferreira2019performance,
  title={Performance of Hash Functions in Blockchain Applied to IoT Devices},
  author={Ferreira, J{\'e}ssica and Antunes, M{\'a}rio and Zhygulskyy, Mykyta and Fraz{\~a}o, Lu{\'\i}s},
  booktitle={2019 14th Iberian Conference on Information Systems and Technologies (CISTI)},
  pages={1--7},
  year={2019},
  organization={IEEE}
}

@inproceedings{aranda2019integration,
  title={Integration of Internet of Things (IoT) and Blockchain to increase humanitarian aid supply chains performance},
  author={Aranda, Daniel Arias and Fern{\'a}ndez, Luis Miguel Molina and Stantchev, Vladimir},
  booktitle={2019 5th International Conference on Transportation Information and Safety (ICTIS)},
  pages={140--145},
  year={2019},
  organization={IEEE}
}

@article{allam2018smart,
  title={On smart contracts and organisational performance: A review of smart contracts through the blockchain technology},
  author={Allam, Zaheer},
  journal={Review of Economic and Business Studies},
  volume={11},
  number={2},
  pages={137--156},
  year={2018},
  publisher={Sciendo}
}

@inproceedings{wang2018iot,
  title={IoT security model and performance evaluation: a blockchain approach},
  author={Wang, Ziyan and Dong, Xinghua and Li, Yi and Fang, Li and Chen, Ping},
  booktitle={2018 International Conference on Network Infrastructure and Digital Content (IC-NIDC)},
  pages={260--264},
  year={2018},
  organization={IEEE}
}

@inproceedings{kuhi2018ensuring,
  title={Ensuring performance measurement integrity in logistics using blockchain},
  author={Kuhi, Kristjan and Kaare, Kati and Koppel, Ott},
  booktitle={2018 IEEE International Conference on Service Operations and Logistics, and Informatics (SOLI)},
  pages={256--261},
  year={2018},
  organization={IEEE}
}

@inproceedings{jiang2018high,
  title={A High Performance Consensus Algorithm for Consortium Blockchain},
  author={Jiang, Yanjun and Ding, Siye},
  booktitle={2018 IEEE 4th International Conference on Computer and Communications (ICCC)},
  pages={2379--2386},
  year={2018},
  organization={IEEE}
}

@inproceedings{meng2018blockchain,
  title={A blockchain aided metric for predictive delivery performance in supply chain management},
  author={Meng, Mark H and Qian, Yaou},
  booktitle={2018 IEEE International Conference on Service Operations and Logistics, and Informatics (SOLI)},
  pages={285--290},
  year={2018},
  organization={IEEE}
}

@inproceedings{gurcan2018industrial,
  title={An industrial prototype of trusted energy performance contracts using blockchain technologies},
  author={G{\"u}rcan, {\"O}nder and Agenis-Nevers, Marc and Batany, Yves-Marie and Elmtiri, Mohamed and Le Fevre, Fran{\c{c}}ois and Tucci-Piergiovanni, Sara},
  booktitle={2018 IEEE 20th International Conference on High Performance Computing and Communications; IEEE 16th International Conference on Smart City; IEEE 4th International Conference on Data Science and Systems (HPCC/SmartCity/DSS)},
  pages={1336--1343},
  year={2018},
  organization={IEEE}
}

@inproceedings{biswas2016securing,
  title={Securing smart cities using blockchain technology},
  author={Biswas, Kamanashis and Muthukkumarasamy, Vallipuram},
  booktitle={2016 IEEE 18th international conference on high performance computing and communications; IEEE 14th international conference on smart city; IEEE 2nd international conference on data science and systems (HPCC/SmartCity/DSS)},
  pages={1392--1393},
  year={2016},
  organization={IEEE}
}

@incollection{yanik2018framework,
  title={A Framework for the Performance Evaluation of an Energy Blockchain},
  author={Yanik, Seda and Kili{\c{c}}, Anil Sava{\c{s}}},
  booktitle={Energy Management—Collective and Computational Intelligence with Theory and Applications},
  pages={521--543},
  year={2018},
  publisher={Springer}
}

@incollection{tan2018framework,
  title={A framework for implementing blockchain to improve supply chain performance},
  author={Tan, A and Gosh, D},
  booktitle={MIT Global Scale Network},
  year={2018}
}

@article{thirdbenchmarking,
  title={Benchmarking LinkChains: Performance of Blockchain-backed Trustworthy Linked Data},
  author={Third, Allan and Quick, Kevin and Bachler, Michelle and Domingue, John}
}

@article{antoine2019asymptotic,
  title={Asymptotic Performance Analysis of Blockchain Protocols},
  author={Antoine, Durand and Ben-Hamida, Elyes and Leporini, David and Memmi, G{\'e}rard},
  journal={arXiv preprint arXiv:1902.04363},
  year={2019}
}

@article{chung2019performance,
  title={Performance Tuning and Scaling Enterprise Blockchain Applications},
  author={Chung, Grant and Desrosiers, Luc and Gupta, Manav and Sutton, Andrew and Venkatadri, Kaushik and Wong, Ontak and Zugic, Goran},
  journal={arXiv preprint arXiv:1912.11456},
  year={2019}
}

@article{hassanblockchain,
  title={Blockchain-based Scalable Intelligent Vehicular Network with Bitcoin Lightning Network: Efficient Network Architecture and Performance Analysis},
  author={Hassan, Virda and Javaid, Nadeem}
}

@article{kiranblockchain,
  title={Blockchain-based Service Sharing Via Roadside Unit-Performance Evaluation},
  author={Kiran, Iqra and Javaid, Nadeem}
}

@article{lee2019performance2,
  title={Performance Analysis of Blockchain Systems with Wireless Mobile Miners},
  author={Lee, Gilsoo and Park, Jihong and Saad, Walid and Bennis, Mehdi},
  journal={arXiv preprint arXiv:1906.06759},
  year={2019}
}

@article{sheel2019effect,
  title={Effect of blockchain technology adoption on supply chain adaptability, agility, alignment and performance},
  author={Sheel, Ashutosh and Nath, Vishnu},
  journal={Management Research Review},
  year={2019},
  publisher={Emerald Publishing Limited}
}

@inproceedings{hu2019blockchain,
  title={Blockchain Based High Performance User Authentication in Electric Information Management System},
  author={Hu, Cong and Wang, Ping and Xu, Chang},
  booktitle={International Conference on Data Service},
  pages={509--514},
  year={2019},
  organization={Springer}
}

@article{zheng2019survey,
  title={A Survey on Challenges and Progresses in Blockchain Technologies: A Performance and Security Perspective},
  author={Zheng, Xiaoying and Zhu, Yongxin and Si, Xueming},
  journal={Applied Sciences},
  volume={9},
  number={22},
  pages={4731},
  year={2019},
  publisher={Multidisciplinary Digital Publishing Institute}
}

@article{verma2019modified,
  title={MODIFIED MD5 USED FOR ENHANCED PERFORMANCE OF HASHING ALGORITHM IN BLOCKCHAIN},
  author={Verma, Tushar and others},
  journal={Journal of the Gujarat Research Society},
  volume={21},
  number={14},
  pages={1635--1647},
  year={2019}
}

@article{di2020blockchain,
  title={Blockchain technology in supply chain management for sustainable performance: Evidence from the airport industry},
  author={Di Vaio, Assunta and Varriale, Luisa},
  journal={International Journal of Information Management},
  volume={52},
  pages={102014},
  year={2020},
  publisher={Elsevier}
}

@article{park2020early,
  title={Early mover (dis) advantages and knowledge spillover effects on blockchain startups’ funding and innovation performance},
  author={Park, Gunno and Shin, Seungryul Ryan and Choy, Minkyung},
  journal={Journal of Business Research},
  volume={109},
  pages={64--75},
  year={2020},
  publisher={Elsevier}
}

@article{mung2019influence,
  title={Influence of blockchain technology on performance of logistics firms in Kenya},
  author={Mung’asio, KK and Moronge, M},
  journal={The Strategic Journal of Business \& Change Management},
  volume={6},
  number={2},
  pages={265--285},
  year={2019}
}

@article{al2019hpchain,
  title={HPChain: An MPI-Based Blockchain Framework for Data Fidelity in High-Performance Computing Systems},
  author={Al-Mamun, Abdullah and Li, Tonglin and Sadoghi, Mohammad and Jiang, Linhua and Shen, Haoting and Zhao, Dongfang},
  year={2019}
}

@inproceedings{liu2019high,
  title={A high-performance local energy trading cyber-physical system based on blockchain technology},
  author={Liu, Shuaiqi and Chen, Fei and Shen, Liang and Hu, Yishuang and Ding, Yi},
  booktitle={IOP Conference Series: Earth and Environmental Science},
  volume={227},
  number={3},
  pages={032009},
  year={2019},
  organization={IOP Publishing}
}

@article{kim2019impact,
  title={The impact of blockchain technology application on supply chain partnership and performance},
  author={Kim, Joon-Seok and Shin, Nina},
  journal={Sustainability},
  volume={11},
  number={21},
  pages={6181},
  year={2019},
  publisher={Multidisciplinary Digital Publishing Institute}
}

@article{khanrift,
  title={Rift: A High-Performance Consensus Algorithm for Consortium Blockchain},
  author={Khan, Fazeel Ahmed and Abubakar, Adamu and Mahmoud, Marwan and Al-Khasawneh, Mahmoud Ahmad and Alarood, Ala Abdulsalam}
}

@article{lambourdiere2020blockchain,
  title={Blockchain and maritime supply-chain performance: dynamic capabilities perspective},
  author={Lambourdiere, Eric and Corbin, Elsa},
  journal={Worldwide Hospitality and Tourism Themes},
  year={2020},
  publisher={Emerald Publishing Limited}
}

@article{hald2019blockchain,
  title={How the blockchain enables and constrains supply chain performance},
  author={Hald, Kim Sundtoft and Kinra, Aseem},
  journal={International Journal of Physical Distribution \& Logistics Management},
  year={2019},
  publisher={Emerald Publishing Limited}
}

@article{fosso2020impact,
  title={The impact of blockchain adoption on competitive performance: the mediating role of process and relational innovation},
  author={Fosso Wamba, Samuel and Guthrie, Cameron},
  journal={Logistique \& Management},
  volume={28},
  number={1},
  pages={88--96},
  year={2020},
  publisher={Taylor \& Francis}
}

@article{li2019direct,
  title={Direct acyclic graph based blockchain for internet of things: Performance and security analysis},
  author={Li, Yixin and Cao, Bin and Peng, Mugen and Zhang, Long and Zhang, Lei and Feng, Daquan and Yu, Jihong},
  journal={arXiv preprint arXiv:1905.10925},
  year={2019}
}

@article{zhang2019performance,
  title={Performance Analysis of the Libra Blockchain: An Experimental Study},
  author={Zhang, Jiashuo and Gao, Jianbo and Wu, Zhenhao and Yan, Wentian and Wu, Qize and Li, Qingshan and Chen, Zhong},
  journal={arXiv preprint arXiv:1912.05241},
  year={2019}
}

@article{al2020baash,
  title={BAASH: Enabling Blockchain-as-a-Service on High-Performance Computing Systems},
  author={Al-Mamun, Abdullah and Zhao, Dongfang},
  journal={arXiv preprint arXiv:2001.07022},
  year={2020}
}

@article{zhonganalyzing,
  title={Analyzing the Effects of Network Latency on Blockchain Performance and Security Using the Whiteblock Testing Platform},
  author={Zhong, Qi Trey and Cole, Zak}
}

@article{leshkowitzaccelerating,
  title={Accelerating Decentralized Execution of Blockchain Transactions Towards Centralized Performance},
  author={Leshkowitz, Maya and Wertheim, Oded and Rottenstreich, Ori}
}

@article{performance2018hyperledger,
  title={Hyperledger Blockchain Performance Metrics},
  author={Performance, Hyperledger and Scale Working Group and others},
  journal={Hyperledger. org},
  pages={1--17},
  year={2018}
}

@techreport{wampler2018blockchain,
  title={Blockchain for High Performance Data Integrity and Provenance},
  author={Wampler, Jason and Payer, Garrett},
  year={2018},
  institution={Innovative Networking and Communications Associates, Inc., Accident, MD}
}

@inproceedings{malik2019performance,
  title={Performance Analysis of Blockchain based Smart Grids with Ethereum and Hyperledger Implementations},
  author={Malik, Hamid and Manzoor, Ahsan and Ylianttila, Mika and Liyanage, Madhusanka},
  booktitle={IEEE International Conference on Advanced Networks and Telecommunications Systems},
  pages={1--5},
  year={2019}
}

@misc{sund2019performance,
  title={Performance Evaluation of a Blockchain-Based Traceability System: A Case Study at IKEA},
  author={Sund, Tobias and L{\"o}{\"o}f, Claes},
  year={2019}
}

@phdthesis{sallal2018evaluation,
  title={Evaluation of Security and Performance of Clustering in the Bitcoin Network, with the Aim of Improving the Consistency of the Blockchain},
  author={Sallal, Muntadher Fadhil},
  year={2018},
  school={University of Portsmouth}
}

@article{mualphakapparhoacutealphakappaetavarsigma2018evaluating,
  title={Evaluating the performance of distributed Ledger-blockchain technologies in IoT environment},
  author={M$\alpha$$\kappa$$\rho$$\acute{\alpha}$$\kappa$$\eta$$\varsigma$, $\Gamma$$\varepsilon$$\acute{\omega}$$\rho$$\gamma$$\iota$o$\varsigma$ M$\iota$$\chi$$\alpha$$\acute{\eta}$$\lambda$},
  year={2018}
}

@article{maharjan2018performance,
  title={Performance Analysis of Blockchain Platforms},
  author={Maharjan, Pradip Singh},
  year={2018}
}

@article{kim2018study,
  title={A study on the improvement of smart grid security performance and blockchain smart grid perspective},
  author={Kim, Seong-Kyu and Huh, Jun-Ho},
  journal={Energies},
  volume={11},
  number={8},
  pages={1973},
  year={2018},
  publisher={Multidisciplinary Digital Publishing Institute}
}

@article{baliga2018performance,
  title={Performance evaluation of the quorum blockchain platform},
  author={Baliga, Arati and Subhod, I and Kamat, Pandurang and Chatterjee, Siddhartha},
  journal={arXiv preprint arXiv:1809.03421},
  year={2018}
}

@inproceedings{kan2018improve,
  title={Improve blockchain performance using graph data structure and parallel mining},
  author={Kan, Jia and Chen, Shangzhe and Huang, Xin},
  booktitle={2018 1st IEEE International Conference on Hot Information-Centric Networking (HotICN)},
  pages={173--178},
  year={2018},
  organization={IEEE}
}

@inproceedings{yu2018high,
  title={A high performance blockchain platform for intelligent devices},
  author={Yu, Shitang and Lv, Kun and Shao, Zhou and Guo, Yingcheng and Zou, Jun and Zhang, Bo},
  booktitle={2018 1st IEEE international conference on hot information-centric networking (HotICN)},
  pages={260--261},
  year={2018},
  organization={IEEE}
}

@inproceedings{zheng2018detailed,
  title={A detailed and real-time performance monitoring framework for blockchain systems},
  author={Zheng, Peilin and Zheng, Zibin and Luo, Xiapu and Chen, Xiangping and Liu, Xuanzhe},
  booktitle={2018 IEEE/ACM 40th International Conference on Software Engineering: Software Engineering in Practice Track (ICSE-SEIP)},
  pages={134--143},
  year={2018},
  organization={IEEE}
}

@inproceedings{sanka2018efficient,
  title={Efficient high performance FPGA based NoSQL caching system for blockchain scalability and throughput improvement},
  author={Sanka, Abdurrashid Ibrahim and Cheung, Ray CC},
  booktitle={2018 26th International Conference on Systems Engineering (ICSEng)},
  pages={1--8},
  year={2018},
  organization={IEEE}
}

@inproceedings{thakkar2018performance,
  title={Performance benchmarking and optimizing hyperledger fabric blockchain platform},
  author={Thakkar, Parth and Nathan, Senthil and Viswanathan, Balaji},
  booktitle={2018 IEEE 26th International Symposium on Modeling, Analysis, and Simulation of Computer and Telecommunication Systems (MASCOTS)},
  pages={264--276},
  year={2018},
  organization={IEEE}
}

@inproceedings{hao2018performance,
  title={Performance analysis of consensus algorithm in private blockchain},
  author={Hao, Yue and Li, Yi and Dong, Xinghua and Fang, Li and Chen, Ping},
  booktitle={2018 IEEE Intelligent Vehicles Symposium (IV)},
  pages={280--285},
  year={2018},
  organization={IEEE}
}

@inproceedings{chen2018comparative,
  title={A comparative testing on performance of blockchain and relational database: Foundation for applying smart technology into current business systems},
  author={Chen, Si and Zhang, Jinyu and Shi, Rui and Yan, Jiaqi and Ke, Qing},
  booktitle={International Conference on Distributed, Ambient, and Pervasive Interactions},
  pages={21--34},
  year={2018},
  organization={Springer}
}

@inproceedings{xu2017ecbc,
  title={ECBC: A high performance educational certificate blockchain with efficient query},
  author={Xu, Yuqin and Zhao, Shangli and Kong, Lanju and Zheng, Yongqing and Zhang, Shidong and Li, Qingzhong},
  booktitle={International Colloquium on Theoretical Aspects of Computing},
  pages={288--304},
  year={2017},
  organization={Springer}
}

@inproceedings{rouhani2017performance,
  title={Performance analysis of ethereum transactions in private blockchain},
  author={Rouhani, Sara and Deters, Ralph},
  booktitle={2017 8th IEEE International Conference on Software Engineering and Service Science (ICSESS)},
  pages={70--74},
  year={2017},
  organization={IEEE}
}

@inproceedings{li2017proof,
  title={Proof of vote: A high-performance consensus protocol based on vote mechanism \& consortium blockchain},
  author={Li, Kejiao and Li, Hui and Hou, Hanxu and Li, Kedan and Chen, Yongle},
  booktitle={2017 IEEE 19th International Conference on High Performance Computing and Communications; IEEE 15th International Conference on Smart City; IEEE 3rd International Conference on Data Science and Systems (HPCC/SmartCity/DSS)},
  pages={466--473},
  year={2017},
  organization={IEEE}
}

@inproceedings{hong2018big,
  title={Big Data and Blockchain to Improve Performance of Professional Sports Teams},
  author={Hong, Yuri and Park, Dea-woo},
  booktitle={INTERNATIONAL CONFERENCE ON FUTURE INFORMATION \& COMMUNICATION ENGINEERING},
  volume={10},
  number={1},
  pages={60--63},
  year={2018}
}

@article{zhu2020pricing,
  title={Pricing strategy and system performance in a cloud-based manufacturing system built on blockchain technology},
  author={Zhu, Xiaobao and Shi, Jing and Xie, Fengjie and Song, Rouqi},
  journal={Journal of Intelligent Manufacturing},
  pages={1--18},
  year={2020},
  publisher={Springer}
}

@misc{scherer2017performance,
  title={Performance and scalability of blockchain networks and smart contracts},
  author={Scherer, Mattias},
  year={2017}
}

@mastersthesis{tedeschi2017trading,
  title={Trading network performance for cash in the bitcoin blockchain},
  author={Tedeschi, Enrico},
  year={2017},
  school={UiT Norges arktiske universitet}
}

@misc{hwang2020optimizing,
  title={Optimizing performance of a blockchain},
  author={Hwang, Dongming and Mosakowski, Barry and Zhang, Jianjun},
  year={2020},
  month=feb # "~13",
  publisher={Google Patents},
  note={US Patent App. 16/058,612}
}

@inproceedings{onik2019,
  title={Performance Analytical Comparison of Blockchain-as-a-Service (BaaS) Platforms},
  author={Onik, Md Mehedi Hassan and Miraz, Mahdi H},
  booktitle={International Conference for Emerging Technologies in Computing},
  pages={3--18},
  year={2019},
  organization={Springer}
}

@article{melo2019,
  title={Models to evaluate service Provisioning over Cloud Computing Environments-A Blockchain-As-A-Service case study},
  author={Melo, Carlos and Dantas, Jamilson and Maciel, Ronierison and Silva, Paulo and Maciel, Paulo},
  journal={Revista de Inform{\'a}tica Te{\'o}rica e Aplicada},
  volume={26},
  number={3},
  pages={65--74},
  year={2019}
}

@misc{kursun2019blockchain,
  title={Blockchain architecture for optimizing system performance and data storage},
  author={Kursun, Eren},
  year={2019},
  month=aug # "~8",
  publisher={Google Patents},
  note={US Patent App. 15/887,140}
}

@misc{huang2019systems,
  title={Systems and methods to automatically evaluate blockchain-based solution performance},
  author={Huang, Keman},
  year={2019},
  month=dec # "~26",
  publisher={Google Patents},
  note={US Patent App. 16/451,751}
}

@misc{christidis2019optimization,
  title={Optimization of high volume transaction performance on a blockchain},
  author={Christidis, Konstantinos and Gaur, Nitin and Wang, Yun},
  year={2019},
  month=may # "~23",
  publisher={Google Patents},
  note={US Patent App. 15/815,944}
}

@misc{childress2020limiting,
  title={Limiting blockchain size to optimize performance},
  author={Childress, Rhonda L and Gupta, Rahul and Kumhyr, David B and Mukherjee, Maharaj},
  year={2020},
  month=jan # "~2",
  publisher={Google Patents},
  note={US Patent App. 16/565,469}
}

@misc{childress2019limiting,
  title={Limiting blockchain size to optimize performance},
  author={Childress, Rhonda L and Gupta, Rahul and Kumhyr, David B and Mukherjee, Maharaj},
  year={2019},
  month=oct # "~15",
  publisher={Google Patents},
  note={US Patent 10,445,302}
}

@misc{hunt2018dynamic,
  title={Dynamic reordering of blockchain transactions to optimize performance and scalability},
  author={Hunt, Guerney DH and Koved, Lawrence},
  year={2018},
  month=jun # "~7",
  publisher={Google Patents},
  note={US Patent App. 15/372,068}
}

@inproceedings{beck2019blockchain,
  title={How blockchain impacts cloud-based system performance: a case study for a groupware communication application},
  author={Beck, Roman and Eklund, Peter W and Spasovski, Jason},
  booktitle={Proceedings of the 30th Australasian Conference on Information Systems},
  pages={265--274},
  year={2019}
}

@article{matos2017redundant,
  title={Redundant eucalyptus private clouds: availability modeling and sensitivity analysis},
  author={Matos, Rubens and Dantas, Jamilson and Araujo, Jean and Trivedi, Kishor S and Maciel, Paulo},
  journal={Journal of Grid Computing},
  volume={15},
  number={1},
  pages={1--22},
  year={2017},
  publisher={Springer}
}

@book{mohanty2018ethereum,
  title={Ethereum for Architects and Developers},
  author={Mohanty, Debajani},
  year={2018},
  publisher={Springer}
}

@inproceedings{vukolic2015quest,
  title={The quest for scalable blockchain fabric: Proof-of-work vs. BFT replication},
  author={Vukoli{\'c}, Marko},
  booktitle={International workshop on open problems in network security},
  pages={112--125},
  year={2015},
  organization={Springer}
}

@phdthesis{buchman2016tendermint,
  title={Tendermint: Byzantine fault tolerance in the age of blockchains},
  author={Buchman, Ethan},
  school = {University of Guelph, Ontario, Canada},
  year={2016}
}

@article{hyperledger2017hyperledger,
  title={Hyperledger Architecture},
  author={Hyperledger Architecture Working Group and others},
  journal={Hyperledger. org},
  volume={1},
  pages={15},
  year={2017}
}

@inproceedings{oliveira2019towards,
  title={Towards a performance evaluation of private blockchain frameworks using a realistic workload},
  author={Oliveira, Marcela T and Carrara, Gabriel R and Fernandes, Natalia C and Albuquerque, C{\'e}lio VN and Carrano, Ricardo C and Medeiros, Dianne SV and Mattos, Diogo MF},
  booktitle={2019 22nd Conference on Innovation in Clouds, Internet and Networks and Workshops (ICIN)},
  pages={180--187},
  year={2019},
  organization={IEEE}
}

@article{greenspan2015multichain,
  title={Multichain private blockchain-white paper},
  author={Greenspan, Gideon},
  journal={URl: http://www. multichain. com/download/MultiChain-White-Paper. pdf},
  year={2015}
}

@book{drescher2017blockchain,
  title={Blockchain basics},
  author={Drescher, Daniel},
  volume={276},
  year={2017},
  publisher={Springer}
}

@article{buterin2014next,
  title={A next-generation smart contract and decentralized application platform},
  author={Buterin, Vitalik and others},
  journal={white paper},
  volume={3},
  number={37},
  year={2014}
}

@article{buterin2013ethereum,
  title={Ethereum white paper},
  author={Buterin, Vitalik and others},
  journal={GitHub repository},
  volume={1},
  pages={22--23},
  year={2013}
}

@book{arundel2019cloud,
  title={Cloud Native DevOps with Kubernetes: Building, Deploying, and Scaling Modern Applications in the Cloud},
  author={Arundel, John and Domingus, Justin},
  year={2019},
  publisher={O'Reilly Media}
}

@article{whitt2006sensitivity,
  title={Sensitivity of performance in the Erlang-A queueing model to changes in the model parameters},
  author={Whitt, Ward},
  journal={Operations research},
  volume={54},
  number={2},
  pages={247--260},
  year={2006},
  publisher={INFORMS}
}

@book{gaur2018hands,
  title={Hands-On Blockchain with Hyperledger: Building decentralized applications with Hyperledger Fabric and Composer},
  author={Gaur, Nitin and Desrosiers, Luc and Ramakrishna, Venkatraman and Novotny, Petr and Baset, Salman A and O'Dowd, Anthony},
  year={2018},
  publisher={Packt Publishing Ltd}
}
@inproceedings{ribas_modeling_2015,
	address = {Ottawa, ON, Canada},
	title = {Modeling the use of spot instances for cost reduction in cloud computing adoption using a {Petri} net framework},
	isbn = {978-1-4799-8241-7},
	url = {http://ieeexplore.ieee.org/document/7140507/},
	doi = {10.1109/INM.2015.7140507},
	abstract = {An effective decision-making about using Infrastructure as a Service (IaaS) resources in cloud computing projects is still a challenge to managers. We need to optimize resources use in cloud services, to obtain financial success in cloud projects. In this work, we propose a petri net framework to model possible cost savings using public clouds spot instances pricing scheme. The results from initial simulations indicate that spot instances can be a very interesting option for savings in autoscaling process.},
	language = {en},
	urldate = {2019-06-14},
	booktitle = {2015 {IFIP}/{IEEE} {International} {Symposium} on {Integrated} {Network} {Management} ({IM})},
	publisher = {IEEE},
	author = {Ribas, Maristella and Furtado, C. G. and Barroso, Giovanni and Lima, Alberto S. and Souza, Neuman and Moura, Antao},
	month = may,
	year = {2015},
	pages = {1428--1433},
	file = {Ribas et al. - 2015 - Modeling the use of spot instances for cost reduct.pdf:C\:\\Users\\casm\\Zotero\\storage\\5EH3QKEQ\\Ribas et al. - 2015 - Modeling the use of spot instances for cost reduct.pdf:application/pdf}
}

@article{callou_integrated_2014,
	title = {An {Integrated} {Modeling} {Approach} to {Evaluate} and {Optimize} {Data} {Center} {Sustainability}, {Dependability} and {Cost}},
	volume = {7},
	issn = {1996-1073},
	url = {http://www.mdpi.com/1996-1073/7/1/238},
	doi = {10.3390/en7010238},
	abstract = {Data centers have evolved dramatically in recent years, due to the advent of social networking services, e-commerce and cloud computing. The conﬂicting requirements are the high availability levels demanded against the low sustainability impact and cost values. The approaches that evaluate and optimize these requirements are essential to support designers of data center architectures. Our work aims to propose an integrated approach to estimate and optimize these issues with the support of the developed environment, Mercury. Mercury is a tool for dependability, performance and energy ﬂow evaluation. The tool supports reliability block diagrams (RBD), stochastic Petri nets (SPNs), continuous-time Markov chains (CTMC) and energy ﬂow (EFM) models. The EFM veriﬁes the energy ﬂow on data center architectures, taking into account the energy efﬁciency and power capacity that each device can provide (assuming power systems) or extract (considering cooling components). The EFM also estimates the sustainability impact and cost issues of data center architectures. Additionally, a methodology is also considered to support the modeling, evaluation and optimization processes. Two case studies are presented to illustrate the adopted methodology on data center power systems.},
	language = {en},
	number = {1},
	urldate = {2019-06-14},
	journal = {Energies},
	author = {Callou, Gustavo and Ferreira, João and Maciel, Paulo and Tutsch, Dietmar and Souza, Rafael},
	month = jan,
	year = {2014},
	pages = {238--277},
	file = {Callou et al. - 2014 - An Integrated Modeling Approach to Evaluate and Op.pdf:C\:\\Users\\casm\\Zotero\\storage\\XTM9MYPP\\Callou et al. - 2014 - An Integrated Modeling Approach to Evaluate and Op.pdf:application/pdf}
}

@inproceedings{fe_stochastic_2017,
	address = {Banff, AB},
	title = {Stochastic model of performance and cost for auto-scaling planning in public cloud},
	isbn = {978-1-5386-1645-1},
	url = {http://ieeexplore.ieee.org/document/8122926/},
	doi = {10.1109/SMC.2017.8122926},
	abstract = {Cloud computing has the potential to reduce the cost of systems on the Internet. Elasticity mechanisms, such as autoscaling, enable avoiding wastes, delivering only the necessary resources. Deﬁning and implementing an efﬁcient auto-scaling policy is a complex task that depends on the parameter setting, types of VM contracts and the expected workload. All those variables must be taken into account when establishing the tradeoffs between performance and cost to fulﬁll a given servicelevel agreement (SLA). We propose a stochastic model to assist in cloud planning. The model was validated for a set of signiﬁcant scenarios by comparing the respective model’s results with those obtained from real system measurements. This model takes as input the auto-scaling conﬁguration parameters and the time between user requests. The proposed model is employed to compute throughput, mean response time, and cost of the cloud computing infrastructure setup. A sensitivity analysis was also conducted for identifying the parameters impact on the system performance.},
	language = {en},
	urldate = {2019-06-14},
	booktitle = {2017 {IEEE} {International} {Conference} on {Systems}, {Man}, and {Cybernetics} ({SMC})},
	publisher = {IEEE},
	author = {Fe, Iure and Matos, Rubens and Dantas, Jamilson and Melo, Carlos and Maciel, Paulo},
	month = oct,
	year = {2017},
	pages = {2081--2086},
	file = {Fe et al. - 2017 - Stochastic model of performance and cost for auto-.pdf:C\:\\Users\\casm\\Zotero\\storage\\Y484UDVL\\Fe et al. - 2017 - Stochastic model of performance and cost for auto-.pdf:application/pdf}
}

@article{sousa_modeling_2016,
	title = {A {MODELING} {STRATEGY} {FOR} {CLOUD} {INFRASTRUCTURE} {PLANNING} {CONSIDERING} {PERFORMANCE} {AND} {COST} {REQUIREMENTS}},
	volume = {4},
	abstract = {Cloud computing is a model that allows resources to be offered as services over the Internet. Due to dynamic and virtualized nature of cloud environments and diversity of client requests, providing the expected service quality while avoiding over-provisioning is not a simple task. To ensure that the provisioned service is acceptable, providers must exploit techniques and mechanisms that guarantee a minimum level of service quality. The performance evaluation of cloud infrastructures has been receiving considerable attention by providers as a prominent activity for improving service quality. This paper presents a methodology, representation models and an optimization model for cloud infrastructures planning. The proposed methodology and models aim to provide support for the planning and selection of cloud infrastructures according to performance and cost requirements. The optimization model generates cloud infrastructures with different hardware and software configurations and these infrastructures are represented using SPN and cost models. Using the proposed technique, performance metrics allows the selection of cloud infrastructures that meet the client requirements. A case study based on Eucalyptus platform is adopted to demonstrate the feasibility of the methodology and models.},
	language = {en},
	number = {1},
	author = {Sousa, Erica and Lins, Fernando and Tavares, Eduardo and Maciel, Paulo},
	year = {2016},
	pages = {14},
	file = {Sousa et al. - 2016 - A MODELING STRATEGY FOR CLOUD INFRASTRUCTURE PLANN.pdf:C\:\\Users\\casm\\Zotero\\storage\\AM5AVUQS\\Sousa et al. - 2016 - A MODELING STRATEGY FOR CLOUD INFRASTRUCTURE PLANN.pdf:application/pdf}
}

@article{costa2016availability,
  title={Availability Evaluation and Sensitivity Analysis of a Mobile Backend-as-a-service Platform},
  author={Costa, Igor and Araujo, Jean and Dantas, Jamilson and Campos, Eliomar and Silva, Francisco Airton and Maciel, Paulo},
  journal={Quality and Reliability Engineering International},
  volume={32},
  number={7},
  pages={2191--2205},
  year={2016},
  publisher={Wiley Online Library}
}

@inproceedings{pongnumkul2017performance,
  title={Performance analysis of private blockchain platforms in varying workloads},
  author={Pongnumkul, Suporn et. al.},
  booktitle={2017 26th International Conference on Computer Communication and Networks (ICCCN)},
  pages={1--6},
  year={2017},
  organization={IEEE}
}

@inproceedings{sukhwani2017performance,
  title={Performance modeling of pbft consensus process for permissioned blockchain network (hyperledger fabric)},
  author={Sukhwani, Harish and Mart{\'\i}nez, Jos{\'e} M and Chang, Xiaolin and Trivedi, Kishor S and Rindos, Andy},
  booktitle={2017 IEEE 36th Symposium on Reliable Distributed Systems (SRDS)},
  pages={253--255},
  year={2017},
  organization={IEEE}
}

@inproceedings{nakashima2017automation,
  title={An automation method of sla contract of web apis and its platform based on blockchain concept},
  author={Nakashima, Hiroki and Aoyama, Mikio},
  booktitle={2017 IEEE International Conference on Cognitive Computing (ICCC)},
  pages={32--39},
  year={2017},
  organization={IEEE}
}

@inproceedings{suankaewmanee2018performance,
  title={Performance analysis and application of mobile blockchain},
  author={Suankaewmanee, Kongrath and Hoang, Dinh Thai and Niyato, Dusit and Sawadsitang, Suttinee and Wang, Ping and Han, Zhu},
  booktitle={2018 international conference on computing, networking and communications (ICNC)},
  pages={642--646},
  year={2018},
  organization={IEEE}
}

@article{li2018blockchain,
  title={Blockchain queueing theory},
  author={Li, Quan-Lin and Ma, Jing-Yu and Chang, Yan-Xia},
  journal={arXiv preprint arXiv:1808.01795},
  year={2018}
}

@article{janoky2019client,
  title={Client Performance Predictions for Private Blockchain Networks},
  author={J{\'a}noky, L{\'a}szl{\'o} and Levendovszky, J{\'a}nos and Ekler, Peter},
  journal={International Journal of Computer Networks \& Communication},
  year={2019}
}

@article{jiang2018blockchain,
  title={Blockchain-based Internet of vehicles: distributed network architecture and performance analysis},
  author={Jiang, Tigang and Fang, Hua and Wang, Honggang},
  journal={IEEE Internet of Things Journal},
  volume={6},
  number={3},
  pages={4640--4649},
  year={2018},
  publisher={IEEE}
}

@article{huang2019bor,
  title={BoR: Toward High-Performance Permissioned Blockchain in RDMA-enabled Network},
  author={Huang, Bobo and Jin, Li and Lu, Zhihui and Zhou, Xin and Wu, Jie and Tang, Qifeng and Hung, Patrick CK},
  journal={IEEE Transactions on Services Computing},
  year={2019},
  publisher={IEEE}
}

@inproceedings{weston2019performance,
  title={Performance of blockchain technology on DoD tactical networks},
  author={Weston, Noah and Willard, Jared and Wang, Peng},
  booktitle={Disruptive Technologies in Information Sciences II},
  volume={11013},
  pages={110130O},
  year={2019},
  organization={International Society for Optics and Photonics}
}

@inproceedings{krishnaswamy2020performance,
  title={Performance Considerations for Edge Blockchain Systems in Emerging 5G Data Networks},
  author={Krishnaswamy, Dilip},
  booktitle={Proceedings of the 21st International Conference on Distributed Computing and Networking},
  pages={1--6},
  year={2020}
}

@inproceedings{weber2019platform,
  title={A platform architecture for multi-tenant blockchain-based systems},
  author={Weber, Ingo and Lu, Qinghua and Tran, An Binh and Deshmukh, Amit and Gorski, Marek and Strazds, Markus},
  booktitle={2019 IEEE International Conference on Software Architecture (ICSA)},
  pages={101--110},
  year={2019},
  organization={IEEE}
}

@article{cui2020hybrid,
  title={A hybrid blockchain-based identity authentication scheme for multi-WSN},
  author={Cui, Zhihua and Fei, XUE and Zhang, Shiqiang and Cai, Xingjuan and Cao, Yang and Zhang, Wensheng and Chen, Jinjun},
  journal={IEEE Transactions on Services Computing},
  volume={13},
  number={2},
  pages={241--251},
  year={2020},
  publisher={IEEE}
}

@article{kim2019impacts,
  title={Impacts of mobility on performance of blockchain in VANET},
  author={Kim, Seungmo},
  journal={IEEE Access},
  volume={7},
  pages={68646--68655},
  year={2019},
  publisher={IEEE}
}

@article{khan2020investigating,
  title={Investigating performance constraints for blockchain based secure e-voting system},
  author={Khan, Kashif Mehboob and Arshad, Junaid and Khan, Muhammad Mubashir},
  journal={Future Generation Computer Systems},
  volume={105},
  pages={13--26},
  year={2020},
  publisher={Elsevier}
}

@article{cao2019does,
  title={How Does CSMA/CA Affect the Performance and Security in Wireless Blockchain Networks},
  author={Cao, Bin and Li, Mengyang and Zhang, Lei and Li, Yixin and Peng, Mugen},
  journal={IEEE Transactions on Industrial Informatics},
  year={2019},
  publisher={IEEE}
}

@article{sun2019blockchain,
  title={Blockchain-enabled wireless Internet of Things: Performance analysis and optimal communication node deployment},
  author={Sun, Yao and Zhang, Lei and Feng, Gang and Yang, Bowen and Cao, Bin and Imran, Muhammad Ali},
  journal={IEEE Internet of Things Journal},
  volume={6},
  number={3},
  pages={5791--5802},
  year={2019},
  publisher={IEEE}
}

@article{roysecurity,
  title={A Security Framework for A Sustainable Smart Ecosystem using Permissioned Blockchain: Performance Evaluation},
  author={Roy, George Gabriel Richard and Kumar, S Britto Ramesh}
}

@article{rahman2019performance,
  title={Performance enhancement of the internet of things with the integrated blockchain technology using RSK sidechain},
  author={Rahman, Atiur and Hossain, Md Selim and Rahman, Ziaur and Shezan, SK A},
  journal={International Journal of Advanced Technology and Engineering Exploration},
  volume={6},
  number={61},
  pages={257--266},
  year={2019},
  publisher={International Journal of Advanced Computer Research}
}

@article{novo2018scalable,
  title={Scalable access management in IoT using blockchain: a performance evaluation},
  author={Novo, Oscar},
  journal={IEEE Internet of Things Journal},
  volume={6},
  number={3},
  pages={4694--4701},
  year={2018},
  publisher={IEEE}
}

@article{liu2019performance,
  title={Performance optimization for blockchain-enabled industrial internet of things (iiot) systems: A deep reinforcement learning approach},
  author={Liu, Mengting and Yu, F Richard and Teng, Yinglei and Leung, Victor CM and Song, Mei},
  journal={IEEE Transactions on Industrial Informatics},
  volume={15},
  number={6},
  pages={3559--3570},
  year={2019},
  publisher={IEEE}
}

@inproceedings{shi2019operating,
  title={Operating Permissioned Blockchain in Clouds: A Performance Study of Hyperledger Sawtooth},
  author={Shi, Zeshun and Zhou, Huan and Hu, Yang and Jayachander, Surbiryala and de Laat, Cees and Zhao, Zhiming},
  booktitle={2019 18th International Symposium on Parallel and Distributed Computing (ISPDC)},
  pages={50--57},
  year={2019},
  organization={IEEE}
}

@inproceedings{sani2019xyreum,
  title={Xyreum: A High-Performance and Scalable Blockchain for IIoT Security and Privacy},
  author={Sani, Abubakar Sadiq and Yuan, Dong and Bao, Wei and Yeoh, Phee Lep and Dong, Zhao Yang and Vucetic, Branka and Bertino, Elisa},
  booktitle={2019 IEEE 39th International Conference on Distributed Computing Systems (ICDCS)},
  pages={1920--1930},
  year={2019},
  organization={IEEE}
}

@inproceedings{sun2019performance,
  title={Performance Analysis for Blockchain Driven Wireless IoT Systems Based on Tempo-Spatial Model},
  author={Sun, Yao and Zhang, Lei and Feng, Gang and Yang, Bowen and Cao, Bin and Imran, Muhammad},
  booktitle={2019 International Conference on Cyber-Enabled Distributed Computing and Knowledge Discovery (CyberC)},
  pages={348--353},
  year={2019},
  organization={IEEE}
}

@inproceedings{liu2019deep,
  title={Deep Reinforcement Learning Based Performance Optimization in Blockchain-Enabled Internet of Vehicle},
  author={Liu, Mengting and Teng, Yinglei and Yu, F Richard and Leung, Victor CM and Song, Mei},
  booktitle={ICC 2019-2019 IEEE International Conference on Communications (ICC)},
  pages={1--6},
  year={2019},
  organization={IEEE}
}

@inproceedings{delgado2019biometric,
  title={Biometric Template Storage with Blockchain: A First Look into Cost and Performance Tradeoffs},
  author={Delgado-Mohatar, Oscar and Fierrez, Julian and Tolosana, Ruben and Vera-Rodriguez, Ruben},
  booktitle={Proceedings of the IEEE Conference on Computer Vision and Pattern Recognition Workshops},
  pages={0--0},
  year={2019}
}

@inproceedings{kuzlu2019performance,
  title={Performance Analysis of a Hyperledger Fabric Blockchain Framework: Throughput, Latency and Scalability},
  author={Kuzlu, Murat and Pipattanasomporn, Manisa and Gurses, Levent and Rahman, Saifur},
  booktitle={2019 IEEE International Conference on Blockchain (Blockchain)},
  pages={536--540},
  year={2019},
  organization={IEEE}
}

@inproceedings{krieger2019performance,
  title={Performance Modeling of the Consensus Mechanism in a Permissioned Blockchain},
  author={Krieger, Udo R and Ziegler, Michael H and Cech, Hendrik L},
  booktitle={International Conference on Computer Networks},
  pages={3--17},
  year={2019},
  organization={Springer}
}

@inproceedings{koushik2019performance,
  title={Performance Analysis of BlockChain-based Medical Records Management System},
  author={Koushik, AS and Jain, Bhavya and Menon, Nikita and Lohia, Divyansh and Chaudhari, Shilpa},
  booktitle={2019 4th International Conference on Recent Trends on Electronics, Information, Communication \& Technology (RTEICT)},
  pages={985--989},
  year={2019},
  organization={IEEE}
}

@inproceedings{ismail2019towards,
  title={Towards a Blockchain Deployment at UAE University: Performance Evaluation and Blockchain Taxonomy},
  author={Ismail, Leila and Hameed, Heba and AlShamsi, Mahra and AlHammadi, Manayer and AlDhanhani, Noura},
  booktitle={Proceedings of the 2019 International Conference on Blockchain Technology},
  pages={30--38},
  year={2019}
}

@inproceedings{ampel2019performance,
  title={Performance Modeling of Hyperledger Sawtooth Blockchain},
  author={Ampel, Benjamin and Patton, Mark and Chen, Hsinchun},
  booktitle={2019 IEEE International Conference on Intelligence and Security Informatics (ISI)},
  pages={59--61},
  year={2019},
  organization={IEEE}
}

@inproceedings{alrubei2019ethereum,
  title={Ethereum Blockchain for Securing the Internet of Things: Practical Implementation and Performance Evaluation},
  author={Alrubei, Subhi and Rigelsford, Jonathan and Willis, Callum and Ball, Edward},
  booktitle={2019 International Conference on Cyber Security and Protection of Digital Services (Cyber Security)},
  pages={1--5},
  year={2019},
  organization={IEEE}
}

@article{miyamae2018performance,
  title={Performance improvement of the consortium blockchain for financial business applications},
  author={Miyamae, Takeshi and Honda, Takeo and Tamura, Masahisa and Kawaba, Motoyuki},
  journal={Journal of Digital Banking},
  volume={2},
  number={4},
  pages={369--378},
  year={2018},
  publisher={Henry Stewart Publications}
}

@inproceedings{sukhwani2018performance,
  title={Performance Modeling of Hyperledger Fabric (Permissioned Blockchain Network)},
  author={Sukhwani, Harish and Wang, Nan and Trivedi, Kishor S and Rindos, Andy},
  booktitle={2018 IEEE 17th International Symposium on Network Computing and Applications (NCA)},
  pages={1--8},
  year={2018},
  organization={IEEE}
}


@INPROCEEDINGS{silva2017, 
author={P. Maciel and R. Matos and B. Silva and J. Figueiredo and D. Oliveira and I. Fé and R. Maciel and J. Dantas}, 
booktitle={2017 IEEE 22nd Pacific Rim International Symposium on Dependable Computing (PRDC)}, 
title={Mercury: Performance and Dependability Evaluation of Systems with Exponential, Expolynomial, and General Distributions}, 
year={2017}, 
volume={}, 
number={}, 
pages={50-57}, 
keywords={graphical user interfaces;numerical analysis;software metrics;software packages;software reliability;software tools;statistical distributions;VoD system;video on demand;packet loss;numerical analysis;probability distributions;exponential distributions;application programming interface;API;command-line interface;script language;graphical user interface;energy flow models;continuous time Markov Chains;stochastic Petri Nets;reliability block diagrams;Mercury tool;metrics;software packages;simulation tools;stochastic modeling;general systems;expolynomial;dependability evaluation;Computational modeling;Measurement;Numerical models;Analytical models;Mathematical model;Graphical user interfaces;Reliability}, 
doi={10.1109/PRDC.2017.16}, 
ISSN={2473-3105}, 
month={Jan},}

@book{montgomery2006,
		author = {Montgomery, Douglas C.},
		title = {Design and Analysis of Experiments},
		year = {2006},
		isbn = {0470088109},
		publisher = {John Wiley \& Sons},
	}

@ARTICLE{Malhora1994, 
	author={Malhotra, M. and Trivedi, K.S.}, 
	journal={Reliability, IEEE Transactions on}, 
	title={Power-hierarchy of dependability-model types}, 
	year={1994}, 
	volume={43}, 
	number={3}, 
	pages={493-502}, 
	keywords={Markov processes;Petri nets;failure analysis;fault tolerant computing;multiprocessing systems;reliability;reliability theory;Markov reward models;combinatorial model;continuous-time Markov chains;dependability models;exponential failure distributions;fault tolerant computing;fault trees;generalized stochastic Petri nets;modeling power;multiprocessor system;reliability graphs;repair-time distributions;repeated events;stochastic reward nets;Application software;Availability;Computer network reliability;Fault tolerant systems;Fault trees;Mathematical model;Petri nets;Power system modeling;Power system reliability;Stochastic processes}, 
	doi={10.1109/24.326452}, 
	ISSN={0018-9529}, 
	month={Sep}
	}
	
@book{maciel1996,
	title = {Uma Introducao as Redes de Petri e Aplicacoes},
	author = {Paulo Maciel and Rafael Lins and Paulo Cunha},
	pages = {213},
	year = {1996},
	publisher = {Sociedade Brasileira de Computacao}
	
}

@MISC{Trivedi1996,
	author = {Kishor S. Trivedi and Steve Hunter and Sachin Garg and Ricardo Fricks},
	title = {Reliability Analysis Techniques Explored Through a Communication Network Example},
	year = {1996}
}

@INPROCEEDINGS{ sousa2009,
	AUTHOR = "Erica Sousa and Paulo Romero Martins Maciel and Carlos Araújo and Gabriel Alves and Fábio Chicout",
	TITLE = "Performance modeling for evaluation and planning of Electronic Funds Transfer Systems",
	booktitle = "ISCC'09",
	PAGES = {73-76},
	YEAR = {2009}  
}

@book{cassandras1999introduction,
	title={Introduction to Discrete Event Systems},
	author={Cassandras, C.G. and Lafortune, S.},
	isbn={9780792386094},
	lccn={99040716},
	series={Discrete event dynamic systems},
	url={https://books.google.com.br/books?id=IuGo4aRyb00C},
	year={1999},
	publisher={Kluwer Academic}
}

@inProceedings{Garg1995,
	author = {Sachin Garg and Puliafto A and Telek M and Kishor S. Trivedi},
	title = {Analysis of software rejuvenation using Markov regenerative stochastic Petri net},
	booktitle = {Proc. In: Sixth International Symposium on Software Reliability Engineering, (ISSRE'95)},
	year = {1995},
	isbn = {0-8186-8991-9},
	pages = {180-187},
	OPTpublisher = {IEEE Computer Society},
	address = {Paderborn}
}

@incollection{herzog2002,
		author = {Herzog, Ulrich},
		chapter = {Formal Methods for Performance Evaluation},
		title = {Lectures on Formal Methods and Performance Analysis},
		editor = {Brinksma, Ed and Hermanns, Holger and Katoen, Joost-Pieter},
		year = {2002},
		isbn = {3-540-42479-2},
		pages = {1--37},
		numpages = {37},
		url = {http://dl.acm.org/citation.cfm?id=567305.567306},
		acmid = {567306},
		publisher = {Springer-Verlag New York, Inc.},
		address = {New York, NY, USA},
	}

@article{agerwala1979,
	author = {T. Agerwala},
	title = {Special Feature: Putting Petri Nets to Work},
	journal ={Computer},
	volume = {12},
	number = {12},
	issn = {0018-9162},
	year = {1979},
	pages = {85-94},
	doi = {http://doi.ieeecomputersociety.org/10.1109/MC.1979.1658580},
	publisher = {IEEE Computer Society},
	address = {Los Alamitos, CA, USA},
}

@Inbook{balbo2001,
	author="Balbo, Gianfranco",
	editor="Brinksma, Ed
	and Hermanns, Holger
	and Katoen, Joost-Pieter",
	chapter="Introduction to Stochastic Petri Nets",
	title="Lectures on Formal Methods and PerformanceAnalysis: First EEF/Euro Summer School on Trends in Computer Science Bergen Dal, The Netherlands, July 3--7, 2000 Revised Lectures",
	year="2001",
	publisher="Springer Berlin Heidelberg",
	address="Berlin, Heidelberg",
	pages="84--155",
	isbn="978-3-540-44667-5",
	doi="10.1007/3-540-44667-2_3",
	url="http://dx.doi.org/10.1007/3-540-44667-2_3"
}

@INPROCEEDINGS{distefano2006, 
author={S. Distefano and Liudong Xing}, 
booktitle={RAMS '06. Annual Reliability and Maintainability Symposium, 2006.}, 
title={A new approach to modeling the system reliability: dynamic reliability block diagrams}, 
year={2006}, 
volume={}, 
number={}, 
pages={189-195}, 
keywords={redundancy;reliability;DRBD;Markov chain;Monte Carlo simulation;Petri nets;dynamic RBD;dynamic reliability block diagram;load sharing policy model;system reliability;Availability;Concurrent computing;Fault trees;Joining processes;Load modeling;Logic;Petri nets;Redundancy;Reliability;Security}, 
doi={10.1109/RAMS.2006.1677373}, 
ISSN={0149-144X}, 
month={Jan},}

@article{xu2009,
author = {H. Xu and L. Xing and R. Robidoux},
title = {Drbd: Dynamic Reliability Block Diagrams for System Reliability Modelling},
journal = {International Journal of Computers and Applications},
volume = {31},
number = {2},
pages = {132-141},
year = {2009},
doi = {10.1080/1206212X.2009.11441934},

URL = { 
        http://www.tandfonline.com/doi/abs/10.1080/1206212X.2009.11441934
    
},
eprint = { 
        http://www.tandfonline.com/doi/pdf/10.1080/1206212X.2009.11441934
    
}

}

@inproceedings{campos2015,
 author={Campos, E. and Matos, R. and Pereira, A. and Vieira, F. and Maciel, P.},
 title={Stochastic Modeling of Auto Scaling Mechanism in Private Clouds for Supporting Performance Tunning},
 booktitle={Proceedings of the IEEE Int. Conf. on Systems, Man, and Cybernetics (SMC'15)},
 year={2015},
 address={Hong Kong, China}
}

@inproceedings{croman2016scaling,
  title={On scaling decentralized blockchains},
  author={Croman, Kyle and Decker, Christian and Eyal, Ittay and Gencer, Adem Efe and Juels, Ari and Kosba, Ahmed and Miller, Andrew and Saxena, Prateek and Shi, Elaine and Sirer, Emin G{\"u}n and others},
  booktitle={International Conference on Financial Cryptography and Data Security},
  pages={106--125},
  year={2016},
  organization={Springer}
}
@inproceedings{zyskind2015decentralizing,
  title={Decentralizing privacy: Using blockchain to protect personal data},
  author={Zyskind, Guy and Nathan, Oz and others},
  booktitle={2015 IEEE Security and Privacy Workshops},
  pages={180--184},
  year={2015},
  organization={IEEE}
}

@book{kurose2007redes,
  title={Redes de Computadores ea Internet: uma abordagem top-down},
  author={Kurose, James F and Ross, Keith W and Zucchi, Wagner Luiz},
  year={2007},
  publisher={Pearson Addison Wesley}
}

@ARTICLE{murata1989, 
	author={T. Murata}, 
	journal={Proceedings of the IEEE}, 
	title={Petri nets: Properties, analysis and applications}, 
	year={1989}, 
	volume={77}, 
	number={4}, 
	pages={541-580}, 
	keywords={Petri nets;logic programming;stochastic processes;Petri nets;behavioural properties;concurrent system model;high-level nets;logic programming;marked graphs;performance modeling;reachability criteria;stochastic nets;structural properties;subclasses;Books;Equations;History;Information processing;Logic programming;Mathematical model;Petri nets;Power system modeling;Stochastic processes;Stochastic systems}, 
	doi={10.1109/5.24143}, 
	ISSN={0018-9219}, 
	month={Apr},}
	
@book{german2000,
	author = {German, Reinhard},
	title = {Performance Analysis of Communication Systems with Non-Markovian Stochastic Petri Nets},
	year = {2000},
	isbn = {0471492582},
	publisher = {John Wiley \& Sons, Inc.},
	address = {New York, NY, USA}
}

@phdthesis{molloy1981,
	author = {Molloy, Michael Karl},
	title = {On the Integration of Delay and Throughput Measures in Distributed Processing Models},
	year = {1981},
	note = {AAI8201138},
	school = {University of California, Los Angeles, USA},
	publisher = {University of California, Los Angeles},
}

@book{marsan1994,
	author = {Marsan, Marco Ajmone and Balbo, G. and Conte, Gianni and Donatelli, S. and Franceschinis, G.},
	title = {Modelling with Generalized Stochastic Petri Nets},
	year = {1994},
	isbn = {0471930598},
	edition = {1st},
	publisher = {John Wiley \& Sons, Inc.},
	address = {New York, NY, USA},
}

@inproceedings{sousa2014dependability,
  title={Dependability evaluation of cloud infrastructures},
  author={Sousa, Erica and Silva, Edson and Lins, Fernando and Tavares, Eduardo and Maciel, Paulo},
  booktitle={2014 IEEE International Conference on Systems, Man, and Cybernetics (SMC)},
  pages={1282--1287},
  year={2014},
  organization={IEEE}
}

@article{sebastio2018availability,
  title={An availability analysis approach for deployment configurations of containers},
  author={Sebastio, Stefano and Ghosh, Rahul and Mukherjee, Tridib},
  journal={IEEE Transactions on Services Computing},
  year={2018},
  publisher={IEEE}
}

@InProceedings{ bruno2015,
			author = "Bruno Silva and Rubens Matos and Gustavo Callou and Jair Figueiredo and Danilo Oliveira and João Ferreira and Jamilson Dantas and Aleciano Lobo Junior and Vandi Alves and Paulo Maciel",
			title = "Mercury: An Integrated Environment for Performance and Dependability Evaluation of General Systems",
			booktitle = "Proc. of Industrial Track at 45th Dependable Systems and Networks Conference (DSN-2015)",
			year = "2015",
			month = jun,
			address = "Rio de Janeiro, Brazil",
	}

@INPROCEEDINGS{guy2015, 
author={G. Zyskind and O. Nathan and A. '. Pentland}, 
booktitle={2015 IEEE Security and Privacy Workshops}, 
title={Decentralizing Privacy: Using Blockchain to Protect Personal Data}, 
year={2015}, 
volume={}, 
number={}, 
pages={180-184}, 
keywords={data privacy;trusted computing;auditable computing;automated access-control manager;bit coin;blockchain;decentralized network;decentralized personal data management system;decentralizing privacy;financial space;personal data protection;public ledger;security breaches;surveillance;trusted computing problem;user privacy call;Compounds;Data privacy;Encryption;Online banking;Privacy;Protocols;bitcoin;blockchain;personal data;privacy}, 
doi={10.1109/SPW.2015.27}, 
ISSN={}, 
month={May}
}

@ARTICLE{konstantinos2017, 
author={K. Christidis and M. Devetsikiotis}, 
journal={IEEE Access}, 
title={Blockchains and Smart Contracts for the Internet of Things}, 
year={2016}, 
volume={4}, 
number={}, 
pages={2292-2303}, 
keywords={Internet of Things;contracts;cryptography;peer-to-peer computing;trusted computing;Internet of Things;IoT;blockchain network;cryptographically verifiable manner;distributed peer-to-peer network;multistep process automation;smart contracts;transactional privacy;trusted intermediary;Automation;Blockchains;Cryptography;Distributed processing;Internet of things;Peer-to-peer computing;Privacy;Blockchain;Internet of Things;blockchain;distributed systems;internet of things}, 
doi={10.1109/ACCESS.2016.2566339}, 
ISSN={2169-3536}, 
month={},}

@INPROCEEDINGS{kosba2016, 
author={A. Kosba and A. Miller and E. Shi and Z. Wen and C. Papamanthou}, 
booktitle={2016 IEEE Symposium on Security and Privacy (SP)}, 
title={Hawk: The Blockchain Model of Cryptography and Privacy-Preserving Smart Contracts}, 
year={2016}, 
volume={}, 
number={}, 
pages={839-858}, 
keywords={contracts;cryptographic protocols;data privacy;electronic money;program compilers;transaction processing;trusted computing;Hawk programmer;aborts;automatic cryptographic protocol generation;blockchain model;compiler;contractual breach;decentralized blockchain;decentralized cryptocurrencies;decentralized smart contract system;financial transactions;formal modeling;honest parties;money flow;mutually distrustful parties;privacy-preserving smart contracts;transactional privacy;zero-knowledge proofs;Contracts;Cryptographic protocols;Cryptography;Online banking;Privacy}, 
doi={10.1109/SP.2016.55}, 
ISSN={}, 
month={May},}

@ARTICLE{xiao2018,
author={J. Xiao and J. Lou and J. Jiang and X. Li and X. Yang and Y. Huang},
journal={IEEE Access},
title={Blockchain Architecture Reliability-Based Measurement for Circuit Unit Importance},
year={2018},
volume={6},
number={},
pages={15326-15334},
keywords={circuit level;iterative probabilistic transfer matrix model;output reliabilities;reliability gradients;blockchain architecture reliability;circuit unit importance;reliability improvement;barrel theory;importance-based sorting algorithm;Integrated circuit reliability;Encoding;Computer architecture;Reliability theory;Circuit faults;Reliability engineering;Blockchain architecture reliability;hardware-level;reliability gradient;circuit unit;importance measurement},
doi={10.1109/ACCESS.2018.2800712},
ISSN={2169-3536},
month={},}

@article{Costa2015,
 author={Costa, I. and Araujo, J. and Dantas, J. and Campos, E. and Silva, F. A., and Maciel, P.},
 title={Availability Evaluation and Sensitivity Analysis of a Mobile Backend-as-a-Service Platform},
 journal={Journal Quality and Reliability Engineering International},
 year={2015}
}

@ARTICLE{azagury2014, 
author={A. C. Azagury and R. Haas and D. Hildebrand and S. W. Hunter and T. Neville and S. Oehme and A. Shaikh}, 
journal={IBM Journal of Research and Development}, 
title={GPFS-based implementation of a hyperconverged system for software defined infrastructure}, 
year={2014}, 
volume={58}, 
number={2/3}, 
pages={6:1-6:12}, 
keywords={Computer architecture;Costs;Data centers;Market research;Optimization;Servers;Software defined networks;Virtual machine monitors}, 
doi={10.1147/JRD.2014.2303321}, 
ISSN={0018-8646}, 
month={March},}

@ARTICLE{ghosh2014, 
author={R. Ghosh and F. Longo and F. Frattini and S. Russo and K. S. Trivedi}, 
journal={IEEE Transactions on Cloud Computing}, 
title={Scalable Analytics for IaaS Cloud Availability}, 
year={2014}, 
volume={2}, 
number={1}, 
pages={57-70}, 
keywords={cloud computing;contracts;iterative methods;Markov processes;system monitoring;scalable analytics;IaaS cloud availability;infrastructure-as-a-service cloud;component failures;system downtime;service level agreements;SLA;cloud service availability;service provider;stochastic model-driven approach;large-scale IaaS cloud;physical machines;monolithic models;Markov chain based approach;fixed-point iteration;analytic-numeric solutions;Failure analysis;Analytical models;Computational modeling;Maintenance engineering;Markov processes;Cloud computing;Analytic-numeric solution;availability;downtime;cloud computing;simulation;stochastic reward nets}, 
doi={10.1109/TCC.2014.2310737}, 
ISSN={2168-7161}, 
month={Jan},}

@INPROCEEDINGS{abhijith2016, 
author={Abhijith. U and M. Taranisen and A. Kumar and L. Muddi}, 
booktitle={2016 2nd International Conference on Computational Intelligence and Networks (CINE)}, 
title={The Efficient Use of Storage Resources in SAN for Storage Tiering and Caching}, 
year={2016}, 
pages={118-122}, 
keywords={cache storage;virtualisation;SAN;SSD storage space utilization;VDI workload;caching;hyper convergence;intelligent storage tiering;sequential write detection algorithm;solid state device;storage caching;virtualization technology;Algorithm design and analysis;Arrays;Clocks;Detection algorithms;Radiation detectors;Solids;Virtualization;RAID;SAN;Tier;VDI;random write;sequential write;storage virtualization}, 
doi={10.1109/CINE.2016.28}, 
ISSN={2375-5822}, 
month={Jan},}

@article{nakamoto2008bitcoin,
  title={Bitcoin: A peer-to-peer electronic cash system},
  author={Nakamoto, Satoshi and others},
  year={2008},
  publisher={Working Paper}
}

@inproceedings{singh2020blockchain,
  title={Blockchain applications, opportunities, challenges and risks: a survey},
  author={Singh, Balpreet and Sharma, Krishna Pal and Sharma, Nonita},
  booktitle={Proceedings of the International Conference on Innovative Computing \& Communications (ICICC)},
  year={2020}
}

@book{maciel2023performance,
  title={Performance, reliability, and availability evaluation of computational systems, volume I: performance and background},
  author={Maciel, Paulo Romero Martins},
  year={2023},
  publisher={CRC Press}
}

@inproceedings{li2021survey,
  title={A Survey on Security and Performance Optimization of Blockchain},
  author={Li, Dongqing and Jiang, Congfeng and Liu, Yin and Tang, Linlin and Yan, Li},
  booktitle={Communications and Networking: 15th EAI International Conference, ChinaCom 2020, Shanghai, China, November 20-21, 2020, Proceedings},
  pages={101--111},
  year={2021},
  organization={Springer}
}

@article{dhulavvagol2020blockchain,
  title={Blockchain ethereum clients performance analysis considering E-voting application},
  author={Dhulavvagol, Praveen M and Bhajantri, Vijayakumar H and Totad, SG},
  journal={Procedia Computer Science},
  volume={167},
  pages={2506--2515},
  year={2020},
  publisher={Elsevier}
}

@article{malavolta2018anonymous,
  title={Anonymous multi-hop locks for blockchain scalability and interoperability},
  author={Malavolta, Giulio and Moreno-Sanchez, Pedro and Schneidewind, Clara and Kate, Aniket and Maffei, Matteo},
  journal={Cryptology ePrint Archive},
  year={2018}
}

@article{belchior2021survey,
  title={A survey on blockchain interoperability: Past, present, and future trends},
  author={Belchior, Rafael and Vasconcelos, Andr{\'e} and Guerreiro, S{\'e}rgio and Correia, Miguel},
  journal={ACM Computing Surveys (CSUR)},
  volume={54},
  number={8},
  pages={1--41},
  year={2021},
  publisher={ACM New York, NY}
}

@article{sanka2021systematic,
  title={A systematic review of blockchain scalability: Issues, solutions, analysis and future research},
  author={Sanka, Abdurrashid Ibrahim and Cheung, Ray CC},
  journal={Journal of Network and Computer Applications},
  volume={195},
  pages={103232},
  year={2021},
  publisher={Elsevier}
}

@INPROCEEDINGS{sousa2014, 
	author={E. Sousa and E. Silva and F. Lins and E. Tavares and P. Maciel}, 
	booktitle={Systems, Man and Cybernetics (SMC), 2014 IEEE International Conference on}, 
	title={Dependability evaluation of cloud infrastructures}, 
	year={2014}, 
	pages={1282-1287}, 
	keywords={cloud computing;software cost estimation;software reliability;Eucalyptus platform;cloud computing;cloud infrastructure planning;cost requirements;dependability evaluation;virtual learning environments;Availability;Cloud computing;Computational modeling;Educational institutions;Mathematical model;Planning;Redundancy;Cloud Computing;Cost Evaluation;Dependability Evaluation;Hierarchical and Heterogeneous Modeling;Reliability Block Diagram;Stochastic Petri Net}, 
	doi={10.1109/SMC.2014.6974091}, 
	month={Oct},}
	
@INPROCEEDINGS{bezerra2014, 
	author={M. C. Bezerra and R. Melo and J. Dantas and P. Maciel and F. Vieira}, 
	booktitle={Systems, Man and Cybernetics (SMC), 2014 IEEE International Conference on}, 
	title={Availability modeling and analysis of a VoD service for eucalyptus platform}, 
	year={2014}, 
	pages={3779-3784}, 
	keywords={Markov processes;cloud computing;reliability;video on demand;video streaming;CTMC;Internet;RBD;VoD service analysis;VoD service availability modeling;cloud computing environments;cloud environments;cloud service systems;continuous time Markov chain;eucalyptus platform;hierarchical modeling strategy;multimedia services;reliability blocks diagrams;sensibility analysis;video on demand cloud system;video streaming;video streaming service availability;Analytical models;Availability;Cloud computing;Computational modeling;Computer architecture;Maintenance engineering;Streaming media}, 
	doi={10.1109/SMC.2014.6974519}, 
	month={Oct},}

@inproceedings{samaniego2016blockchain,
  title={Blockchain as a Service for IoT},
  author={Samaniego, Mayra and Deters, Ralph},
  booktitle={2016 IEEE International Conference on Internet of Things (iThings) and IEEE Green Computing and Communications (GreenCom) and IEEE Cyber, Physical and Social Computing (CPSCom) and IEEE Smart Data (SmartData)},
  pages={433--436},
  year={2016},
  organization={IEEE}
}

@book{sipser2006introduction,
  title={Introduction to the Theory of Computation},
  author={Sipser, Michael},
  volume={2},
  year={2006},
  publisher={Thomson Course Technology Boston}
}

@misc{IBM,
  author = {IBM},
  title = {{IBM SmartCloud}},
  howpublished = "\url{http://www.ibm.com/cloud-computing/br/pt/}",
  year = {2012}, 
  note = "[Online; Acesso em 15-Junho-2019]"
}

@article{vaqueiro2009,
author = {Luis M. Vaqueiro and Luis Rodero-Merino and Juan Caceres and Maik Lindner},
title = {A Break in the Clouds: Towards a Cloud Definition},
journal ={Computer Communication Review},
volume = {39},
year = {2009},
pages = {50-55},
}

@Book{ cloudsun2009,
  title = "Introduction to Cloud Computing Architecture",
  publisher = "Sun Microsystems, Inc.",
  edition = "1",
  month = jun,
  year = "2009"
}

@inproceedings{androulaki2018hyperledger,
  title={Hyperledger fabric: a distributed operating system for permissioned blockchains},
  author={Androulaki, Elli and Barger, Artem and Bortnikov, Vita and Cachin, Christian and Christidis, Konstantinos and De Caro, Angelo and Enyeart, David and Ferris, Christopher and Laventman, Gennady and Manevich, Yacov and others},
  booktitle={Proceedings of the Thirteenth EuroSys Conference},
  pages={30},
  year={2018},
  organization={ACM}
}

@article{guggenberger2022depth,
  title={An in-depth investigation of the performance characteristics of Hyperledger Fabric},
  author={Guggenberger, Tobias and Sedlmeir, Johannes and Fridgen, Gilbert and Luckow, Andr{\'e}},
  journal={Computers \& Industrial Engineering},
  volume={173},
  pages={108716},
  year={2022},
  publisher={Elsevier}
}

@inproceedings{gencer2017short,
  title={Short paper: Service-oriented sharding for blockchains},
  author={Gencer, Adem Efe and van Renesse, Robbert and Sirer, Emin G{\"u}n},
  booktitle={International Conference on Financial Cryptography and Data Security},
  pages={393--401},
  year={2017},
  organization={Springer}
}

@inproceedings{melo2016,
 author={Melo, C. and Dantas, J. and Araujo, J. and Maciel, P.},
 title={Availability Models for Synchronization Server Infrastructure},
 booktitle={Proceedings of the IEEE Int. Conf. on Systems, Man, and Cybernetics (SMC'16)},
 year={2016},
 address={Budapest, Hungary},
}

@article{mell2011nist,
  title={The NIST definition of cloud computing},
  author={Mell, Peter and Grance, Tim and others},
  year={2011},
  publisher={Computer Security Division, Information Technology Laboratory, National~…}
}

@inproceedings{nischwitz2021bernoulli,
  title={Bernoulli meets pbft: Modeling bft protocols in the presence of dynamic failures},
  author={Nischwitz, Martin and Esche, Marko and Tschorsch, Florian},
  booktitle={2021 16th Conference on Computer Science and Intelligence Systems (FedCSIS)},
  pages={291--300},
  year={2021},
  organization={IEEE}
}

@inproceedings{spasovski2017proof,
  title={Proof of stake blockchain: performance and scalability for groupware communications},
  author={Spasovski, Jason and Eklund, Peter},
  booktitle={Proceedings of the 9th International Conference on Management of Digital EcoSystems},
  pages={251--258},
  year={2017}
}

@inproceedings{sagirlar2018hybrid,
  title={Hybrid-iot: Hybrid blockchain architecture for internet of things-pow sub-blockchains},
  author={Sagirlar, Gokhan and Carminati, Barbara and Ferrari, Elena and Sheehan, John D and Ragnoli, Emanuele},
  booktitle={2018 IEEE International Conference on Internet of Things (iThings) and IEEE Green Computing and Communications (GreenCom) and IEEE Cyber, Physical and Social Computing (CPSCom) and IEEE Smart Data (SmartData)},
  pages={1007--1016},
  year={2018},
  organization={IEEE}
}

@article{huang2019performance,
  title={Performance analysis of the raft consensus algorithm for private blockchains},
  author={Huang, Dongyan and Ma, Xiaoli and Zhang, Shengli},
  journal={IEEE Transactions on Systems, Man, and Cybernetics: Systems},
  volume={50},
  number={1},
  pages={172--181},
  year={2019},
  publisher={IEEE}
}

@article{suliyanti2023blockchain,
  title={Blockchain-Based Double-Layer Byzantine Fault Tolerance for Scalability Enhancement for Building Information Modeling Information Exchange},
  author={Suliyanti, Widya Nita and Sari, Riri Fitri},
  journal={Big Data and Cognitive Computing},
  volume={7},
  number={2},
  pages={90},
  year={2023},
  publisher={MDPI}
}

@article{tanwar2020blockchain,
  title={Blockchain-based electronic healthcare record system for healthcare 4.0 applications},
  author={Tanwar, Sudeep and Parekh, Karan and Evans, Richard},
  journal={Journal of Information Security and Applications},
  volume={50},
  pages={102407},
  year={2020},
  publisher={Elsevier}
}

@article{wu2020hybrid,
  title={Hybrid consensus algorithm optimization: A mathematical method based on POS and PBFT and its application in blockchain},
  author={Wu, Yaqin and Song, Pengxin and Wang, Fuxin and others},
  journal={Mathematical Problems in Engineering},
  volume={2020},
  year={2020},
  publisher={Hindawi}
}

@article{kaur2021mbcp,
  title={MBCP: Performance analysis of large scale mainstream blockchain consensus protocols},
  author={Kaur, Manpreet and Khan, Mohammad Zubair and Gupta, Shikha and Noorwali, Abdulfattah and Chakraborty, Chinmay and Pani, Subhendu Kumar},
  journal={IEEE Access},
  volume={9},
  pages={80931--80944},
  year={2021},
  publisher={IEEE}
}

@article{misra2020blockchain,
  title={Blockchain at the edge: Performance of resource-constrained IoT networks},
  author={Misra, Sudip and Mukherjee, Anandarup and Roy, Arijit and Saurabh, Nishant and Rahulamathavan, Yogachandran and Rajarajan, Muttukrishnan},
  journal={IEEE Transactions on Parallel and Distributed Systems},
  volume={32},
  number={1},
  pages={174--183},
  year={2020},
  publisher={IEEE}
}

@inproceedings{jin2018towards,
  title={Towards a novel architecture for enabling interoperability amongst multiple blockchains},
  author={Jin, Hai and Dai, Xiaohai and Xiao, Jiang},
  booktitle={2018 IEEE 38th International Conference on Distributed Computing Systems (ICDCS)},
  pages={1203--1211},
  year={2018},
  organization={IEEE}
}

@inproceedings{alphand2018iotchain,
  title={IoTChain: A blockchain security architecture for the Internet of Things},
  author={Alphand, Olivier and Amoretti, Michele and Claeys, Timothy and Dall'Asta, Simone and Duda, Andrzej and Ferrari, Gianluigi and Rousseau, Franck and Tourancheau, Bernard and Veltri, Luca and Zanichelli, Francesco},
  booktitle={2018 IEEE wireless communications and networking conference (WCNC)},
  pages={1--6},
  year={2018},
  organization={IEEE}
}

@ARTICLE{taniguchi2017, 
author={Y. Taniguchi and K. Suganuma and T. Deguchi and G. Hasegawa and Y. Nakamura and N. Ukita and N. Aizawa and K. Shibata and K. Matsuda and M. Matsuoka}, 
journal={IEEE Transactions on Cloud Computing}, 
title={Tandem Equipment Arranged Architecture with Exhaust Heat Reuse System for Software-Defined Data Center Infrastructure}, 
year={2017}, 
volume={5}, 
number={2}, 
pages={182-192}, 
keywords={computer centres;exhaust systems;power aware computing;ventilation;air conditioners;energy-efficient architecture;exhaust heat reuse system;high-temperature exhaust heat;power consumption;server racks;software-defined data center infrastructure;tandem equipment arranged architecture;Atmospheric modeling;Computational modeling;Computer architecture;Data models;Heating;Power demand;Servers;DCIM;DEMS;Data center;energy efficiency;energy management;infrastructure management;super-hot aisle;tandem arrangement}, 
doi={10.1109/TCC.2015.2440245}, 
ISSN={2168-7161}, 
month={April},}

@article{matos2015,
title = "Sensitivity analysis of a hierarchical model of mobile cloud computing",
journal = "Simulation Modelling Practice and Theory",
volume = "50",
pages = "151 - 164",
year = "2015",
note = "Special Issue on Resource Management in Mobile Clouds",
issn = "1569-190X",
doi = "https://doi.org/10.1016/j.simpat.2014.04.003",
url = "http://www.sciencedirect.com/science/article/pii/S1569190X14000616",
author = "Rubens Matos and Jean Araujo and Danilo Oliveira and Paulo Maciel and Kishor Trivedi",
keywords = "Mobile cloud computing, Analytical models, Dependability evaluation, Sensitivity analysis"
}

@INPROCEEDINGS{zhang2016, 
author={Yan Zhang and Yongbin Wang and Manjun Zhang and Bo Lu}, 
booktitle={2016 IEEE Advanced Information Management, Communicates, Electronic and Automation Control Conference (IMCEC)}, 
title={VDC embedding scheme based on Virtual Nodes Combination in Software Defined Data Center}, 
year={2016}, 
pages={931-935}, 
keywords={computer centres;software defined networking;virtualisation;VDC embedding scheme;cloud computing;software defined data center;software defined network;virtual data center;virtual nodes combination;Bandwidth;Control systems;Network topology;Resource management;Software;Topology;Virtualization;Data Center Network Virtualization;SDN;VDC Embedding;Virtual Nodes Combination}, 
doi={10.1109/IMCEC.2016.7867347}, 
month={Oct},}

@INPROCEEDINGS{weber2017,
author={I. Weber and V. Gramoli and A. Ponomarev and M. Staples and R. Holz and A. B. Tran and P. Rimba},
booktitle={2017 IEEE 36th Symposium on Reliable Distributed Systems (SRDS)},
title={On Availability for Blockchain-Based Systems},
year={2017},
volume={},
number={},
pages={64-73},
keywords={mainstream blockchains;Ethereum;read availability;transaction management;inherent blockchain design;blockchain technology;blockchain-based systems;Bitcoin;write availability;Bitcoin;Contracts;Delays;Australia;Software},
doi={10.1109/SRDS.2017.15},
ISSN={},
month={Sept},}

@book{kuo2003,
	title={Optimal Reliability Modeling: Principles and Applications},
	author={Kuo, W. and Zuo, M.J.},
	isbn={9780471275459},
	url={https://books.google.com.br/books?id=vdZ4Bm-LnHMC},
	year={2003},
	publisher={Wiley}
}

@MastersThesis{dantas2013,
	author = "Jamilson Dantas",
	title = "Modelos para Analise de Dependabilidade de Arquiteturas
	de Computação em Nuvem",
	school = "Centro de Informática - Universidade Federal de Pernambuco (Recife, Brasil)",
	year = "2013"
}

@book{avizienis2001,
		title={Fundamental Concepts of Dependability},
		author={Avi{\v{z}}ienis, A. and Laprie, J.C. and Randell, B. and University of Newcastle upon Tyne. Computing Science},
		series={Technical report series},
		url={https://books.google.com.br/books?id=cDkmGwAACAAJ},
		year={2001},
		publisher={University of Newcastle upon Tyne, Computing Science}
	}

@InProceedings{ IEEE90,
	title = "IEEE Standard Glossary of Software Engineering Terminology",
	booktitle = "IEEE Std.",
	author = "IEEE",
	publisher = "IEEE Computer Society",
	month = feb,
	year = "1990"
}

@incollection{maciel2012dependability,
  title={Dependability modeling},
  author={Maciel, Paulo RM and Trivedi, Kishor S and Matias, Rivalino and Kim, Dong Seong},
  booktitle={Performance and dependability in service computing: concepts, techniques and research directions},
  pages={53--97},
  year={2012},
  publisher={IGI Global}
}

@article{antwi2021case,
  title={The case of HyperLedger Fabric as a blockchain solution for healthcare applications},
  author={Antwi, McSeth and Adnane, Asma and Ahmad, Farhan and Hussain, Rasheed and ur Rehman, Muhammad Habib and Kerrache, Chaker Abdelaziz},
  journal={Blockchain: Research and Applications},
  volume={2},
  number={1},
  pages={100012},
  year={2021},
  publisher={Elsevier}
}

@misc{regalado2011,
	author = {Antonio Regalado},
	title = {{Who Coined Cloud Computing?}},
	howpublished = "\url{http://www.technologyreview.com/news/425970/who-coined-cloud-computing/}",
	year = {2011}, 
	note = "[Online; accessed 21-December-2013]"
	}

@InProceedings{bolch2006,
	title = "Modeling and Performance Evaluation with Computer Science Application",
	booktitle = "Queuing Networks and Markov Chains",
	author = "Gunter Bolch and Stefan Greiner and Hermaan de Meer and Kishor Trivedi",
	month = nov,
	year = "2006"
}

@ARTICLE{Avizienis04basicconcepts,
    author = {Algirdas Avizienis and Jean Laprie and Brian Randell and Carl Landwehr},
    title = {Basic Concepts and Taxonomy of Dependable and Secure Computing},
    journal = {IEEE Transactions on Dependable and Secure Computing},
    year = {2004},
    volume = {1},
    pages = {11--33}
}

@Book{ jain1991,
  title = "The Art of Computer Systems Performance Analysis: Techniques for Experimental Design, Measurement, Simulation, and Modeling",
  author = "Raj Jain",
  publisher = "Wiley Computer Publishing, John Wiley \& Sons, Inc.",
  address = "New York",
  month = may,
  year = "1991",
  isbn = "0471503363"
}

@Book{ frank1978,
  title = "Introduction to Sensitivity Analysis",
  author = "P. M. Frank",
  publisher = "Academic",
  year = "1978"
  }
  
 @book{dummies,
  title={{Blockchain for DUMMIES}},
  author = {Manav Gupta},
  isbn = {978-1-119-37123-6},
  publisher = {John Wiley \& Sons, Inc.},
  year = {2017}
}


@book{vmwarebook,
  title={{Hyper-Converged Infrastructures for DUMMIES}},
  author = {Michael Haag},
  isbn = {978119341369},
  publisher = {John Wiley \& Sons, Inc.},
  year = {2016}
}

@misc{idc2015,
  author = {International Data Corporation},
  title = "Worldwide Hyperconverged Systems 2015–2019 Forecast",
  url = "http://www.idc.com/getdoc.jsp?containerId=253267",
  year = {2014}, 
  note = "[Online; accessed 26-September-2017]"
}

@INPROCEEDINGS{bruno:2015,
author={B. I. F. Maciel and S. G. T. C. Santos and R. S. M. Barros},
booktitle={Tools with Artificial Intelligence (ICTAI), 2015 IEEE 27th International Conference on},
title={A Lightweight Concept Drift Detection Ensemble},
year={2015},
pages={1061-1068},
doi={10.1109/ICTAI.2015.151},
ISSN={1082-3409},
month={Nov}
}
@misc{hayter2019mitigating,
  title={Mitigating Single Point Failure of Devices in an Analyte Monitoring System and Methods Thereof},
  author={Hayter, Gary Alan and Taub, Marc Barry},
  year={2019},
  month=apr # "~11",
  publisher={Google Patents},
  note={US Patent App. 16/197,253}
}

@article{wang2019survey,
  title={Survey on blockchain for Internet of Things},
  author={Wang, Xu and Zha, Xuan and Ni, Wei and Liu, Ren Ping and Guo, Y Jay and Niu, Xinxin and Zheng, Kangfeng},
  journal={Computer Communications},
  volume={136},
  pages={10--29},
  year={2019},
  publisher={Elsevier}
}

@INPROCEEDINGS{Suankaewmanee2018a, 
author={K. {Suankaewmanee} and D. T. {Hoang} and D. {Niyato} and S. {Sawadsitang} and P. {Wang} and Z. {Han}}, 
booktitle={2018 International Conference on Computing, Networking and Communications (ICNC)}, 
title={Performance Analysis and Application of Mobile Blockchain}, 
year={2018}, 
volume={}, 
number={}, 
pages={642-646}, 
keywords={cloud computing;data mining;electronic commerce;Internet;mobile computing;security of data;performance analysis;mobile blockchain;mobile security;mobile commerce;data security problems;effective security solution;cloud computing;Internet-of-Things;m-commerce application;blockchain technology;MobiChain application;mobile devices;efficient security solution;future m-commerce;Peer-to-peer computing;Mobile nodes;Servers;Public key;Blockchain;mobile commerce;Android application;mobile security}, 
doi={10.1109/ICCNC.2018.8390265}, 
ISSN={}, 
month={March},}

@article{kang2020stochastic,
  title={Stochastic modeling approaches for analyzing blockchain: A survey},
  author={Kang, Hongyue and Chang, Xiaolin and Mi{\v{s}}i{\'c}, Jelena and Mi{\v{s}}i{\'c}, Vojislav B and Yao, Yingying and Chen, Zhi},
  journal={arXiv preprint arXiv:2009.05945},
  year={2020}
}

@article{melo_supercomp2021,
  title={Distributed application provisioning over Ethereum-based private and permissioned blockchain: availability modeling, capacity, and costs planning},
  author={Melo, Carlos and Dantas, Jamilson and Pereira, Paulo and Maciel, Paulo},
  journal={The Journal of Supercomputing},
  volume={77},
  number={9},
  pages={9615--9641},
  year={2021},
  publisher={Springer}
}

@inproceedings{wu_acm_ease2022,
  title={Performance Modeling of Hyperledger Fabric 2.0},
  author={Wu, Ou and Li, Shanshan and Liu, Liwen and Zhang, He and Zhou, Xin and Lu, Qinghua},
  booktitle={Proceedings of the International Conference on Evaluation and Assessment in Software Engineering 2022},
  pages={357--365},
  year={2022}
}

@article{jiang_springer_p2pna2020,
  title={Performance analysis of Hyperledger Fabric platform: A hierarchical model approach},
  author={Jiang, Lili and Chang, Xiaolin and Liu, Yuhang and Mi{\v{s}}i{\'c}, Jelena and Mi{\v{s}}i{\'c}, Vojislav B},
  journal={Peer-to-Peer Networking and Applications},
  volume={13},
  pages={1014--1025},
  year={2020},
  publisher={Springer}
}

@inproceedings{li2020survey,
  title={A survey on blockchain for enterprise using hyperledger fabric and composer},
  author={Li, Dongcheng and Wong, W Eric and Guo, Jincui},
  booktitle={2019 6th International Conference on Dependable Systems and Their Applications (DSA)},
  pages={71--80},
  year={2020},
  organization={IEEE}
}

@article{xu_ipm2021,
  title={Latency performance modeling and analysis for hyperledger fabric blockchain network},
  author={Xu, Xiaoqiong and Sun, Gang and Luo, Long and Cao, Huilong and Yu, Hongfang and Vasilakos, Athanasios V},
  journal={Information Processing \& Management},
  volume={58},
  number={1},
  pages={102436},
  year={2021},
  publisher={Elsevier}
}

@article{ke_springer_cc2022,
  title={Performance modeling and analysis of Hyperledger Fabric},
  author={Ke, Zuqiang and Park, Nohpill},
  journal={Cluster Computing},
  pages={1--19},
  year={2022},
  publisher={Springer}
}

@article{melo_computing2022,
  title={A model-based approach for planning blockchain service provisioning},
  author={Melo, Carlos and Araujo, Jean and Dantas, Jamilson and Pereira, Paulo and Maciel, Paulo},
  journal={Computing},
  volume={104},
  number={2},
  pages={315--337},
  year={2022},
  publisher={Springer}
}

@inproceedings{silva2015mercury,
  title={Mercury: An integrated environment for performance and dependability evaluation of general systems},
  author={Silva, Bruno and Matos, Rubens and Callou, Gustavo and Figueiredo, Jair and Oliveira, Danilo and Ferreira, Joao and Dantas, Jamilson and Lobo, Aleciano and Alves, Vandi and Maciel, Paulo},
  booktitle={Proceedings of industrial track at 45th dependable systems and networks conference, DSN},
  pages={1--4},
  year={2015}
}

@book{jainart,
	title={The art of computer systems performance analysis: techniques for experimental design, measurement, simulation, and modeling},
	author={Jain, Raj},
	year={1990},
	publisher={John Wiley \& Sons}
}

@inproceedings{melo2018dependability,
  title={Dependability Evaluation of a Blockchain-as-a-Service Environment},
  author={Melo, Carlos and Dantas, Jamilson and Oliveira, Danilo and F{\'e}, Iure and Matos, Rubens and Dantas, Renata and Maciel, Ronierison and Maciel, Paulo},
  booktitle={2018 IEEE Symposium on Computers and Communications (ISCC)},
  pages={00909--00914},
  year={2018},
  organization={IEEE}
}