

@article{gneiting2007strictly,
  title={Strictly proper scoring rules, prediction, and estimation},
  author={Gneiting, Tilmann and Raftery, Adrian E},
  journal={Journal of the American statistical Association},
  volume={102},
  number={477},
  pages={359--378},
  year={2007},
  publisher={Taylor \& Francis}
}

@inproceedings{dinghybrid,
  title={Hybrid LLM: Cost-Efficient and Quality-Aware Query Routing},
  author={Ding, Dujian and Mallick, Ankur and Wang, Chi and Sim, Robert and Mukherjee, Subhabrata and R{\"u}hle, Victor and Lakshmanan, Laks VS and Awadallah, Ahmed Hassan},
  booktitle={The Twelfth International Conference on Learning Representations},
  year={2024}
}

@inproceedings{lossOI,
    author={Parikshit Gopalan and Lunjia Hu and Michael P. Kim and Omer Reingold and Udi Wieder},
    title={Loss Minimization through the Lens of Outcome Indistinguishability},
    booktitle={Innovations in theoretical computer science (ITCS'23)},
    year={2023}
    }

@inproceedings{OP3,
    author = {Parikshit Gopalan and Michael P. Kim and Omer Reingold},
    title = {Swap Agnostic Learning, or Characterizing Omniprediction via Multicalibration},
    booktitle = {NeurIPS'23},
    year = {2023}
}

@article{ong2024routellm,
  title={Routellm: Learning to route llms with preference data},
  author={Ong, Isaac and Almahairi, Amjad and Wu, Vincent and Chiang, Wei-Lin and Wu, Tianhao and Gonzalez, Joseph E and Kadous, M Waleed and Stoica, Ion},
  journal={arXiv preprint arXiv:2406.18665},
  year={2024}
}

@article{hu2024routerbench,
  title={ROUTERBENCH: A Benchmark for Multi-LLM Routing System},
  author={Hu, Qitian Jason and Bieker, Jacob and Li, Xiuyu and Jiang, Nan and Keigwin, Benjamin and Ranganath, Gaurav and Keutzer, Kurt and Upadhyay, Shriyash Kaustubh},
  journal={arXiv preprint arXiv:2403.12031},
  year={2024}
}


@inproceedings{kleinberg2023u,
  title={U-calibration: Forecasting for an unknown agent},
  author={Kleinberg, Bobby and Leme, Renato Paes and Schneider, Jon and Teng, Yifeng},
  booktitle={The Thirty Sixth Annual Conference on Learning Theory},
  pages={5143--5145},
  year={2023},
  organization={PMLR}
}

@inproceedings{BuolamwiniG18,
  author       = {Joy Buolamwini and
                  Timnit Gebru},
  title        = {Gender Shades: Intersectional Accuracy Disparities in Commercial Gender
                  Classification},
  booktitle    = {Conference on Fairness, Accountability and Transparency, {FAT} 2018,
                  23-24 February 2018, New York, NY, {USA}},
  series       = {Proceedings of Machine Learning Research},
  volume       = {81},
  pages        = {77--91},
  publisher    = {{PMLR}},
  year         = {2018},
}

@inproceedings{kgz,
  title={Multiaccuracy: Black-box post-processing for fairness in classification},
  author={Kim, Michael P. and Ghorbani, Amirata and Zou, James},
  booktitle={Proceedings of the 2019 AAAI/ACM Conference on AI, Ethics, and Society},
  pages={247--254},
  year={2019}
}

@inproceedings{decisionCal,
title={Calibrating Predictions to Decisions: A Novel Approach to Multi-Class Calibration},
author={Shengjia Zhao and Michael P. Kim and Roshni Sahoo and Tengyu Ma and Stefano Ermon},
booktitle={Advances in Neural Information Processing Systems},
year={2021},
url={https://openreview.net/forum?id=iFF-zKCgzS}
}


@inproceedings{OI2,
title={Beyond Bernoulli:  Generating Random Outcomes that cannot be Distinguished from Nature},
author={Cynthia Dwork and Michael P. Kim and Omer Reingold and Guy N. Rothblum and Gal Yona},
booktitle={The 33rd International Conference on Algorithmic Learning Theory},
year={2022}
}
@inproceedings{omni,
  author    = {Parikshit Gopalan and
               Adam Tauman Kalai and
               Omer Reingold and
               Vatsal Sharan and
               Udi Wieder},
  title     = {Omnipredictors},
  booktitle= {Innovations in Theoretical Computer Science (ITCS'2022)},
  year      = {2022},
  url       = {https://arxiv.org/abs/2109.05389}
}

@inproceedings{OI,
  author    = {Cynthia Dwork and
               Michael P. Kim and
               Omer Reingold and
               Guy N. Rothblum and
               Gal Yona},
  title     = {Outcome Indistinguishability},
  booktitle = {ACM Symposium on Theory of Computing (STOC'21)},
  year      = {2021},
  url       = {https://arxiv.org/abs/2011.13426},
}



@inproceedings{Globus-HarrisHK23,
  author       = {Ira Globus{-}Harris and
                  Declan Harrison and
                  Michael Kearns and
                  Aaron Roth and
                  Jessica Sorrell},
  title        = {Multicalibration as Boosting for Regression},
  booktitle    = {International Conference on Machine Learning, {ICML} 2023},
  year         = {2023},
}


@inproceedings{CasacubertaDV24,
  author       = {S{\'{\i}}lvia Casacuberta and
                  Cynthia Dwork and
                  Salil P. Vadhan},
 title        = {Complexity-Theoretic Implications of Multicalibration},
  booktitle    = {56th Annual {ACM} Symposium on Theory of Computing,
                  {STOC} 2024},
  pages        = {1071--1082},
  publisher    = {{ACM}},
  year         = {2024},
}


@article{FV99,
title={Regret in the On-Line Decision Problem},
author={Dean Foster and Rakesh Vohra},
journal={Games and Economic Behavior}, 
year={1999}, 
volume={29}, 
issue={1-2}, 
pages={7-35}}


@inproceedings{DworkLLT23,
  author       = {Cynthia Dwork and
                  Daniel Lee and
                  Huijia Lin and
                  Pranay Tankala},
 title        = {From Pseudorandomness to Multi-Group Fairness and Back},
  booktitle    = {36th Annual Conference on Learning Theory, {COLT} 2023},
  series       = {Proceedings of Machine Learning Research},
  volume       = {195},
  pages        = {3566--3614},
  publisher    = {{PMLR}},
  year         = {2023},
}


@inproceedings{GANs,
  author       = {Ian J. Goodfellow and
                  Jean Pouget{-}Abadie and
                  Mehdi Mirza and
                  Bing Xu and
                  David Warde{-}Farley and
                  Sherjil Ozair and
                  Aaron C. Courville and
                  Yoshua Bengio},
   title        = {Generative Adversarial Nets},
  booktitle    = {NeurIPS'14},
  pages        = {2672--2680},
  year         = {2014},
}


@inproceedings{gopalan2022low,
  title={Low-degree multicalibration},
  author={Gopalan, Parikshit and Kim, Michael P and Singhal, Mihir A and Zhao, Shengjia},
  booktitle={Conference on Learning Theory},
  pages={3193--3234},
  year={2022},
  organization={PMLR}
}

@inproceedings{GopalanHR24,
  author       = {Parikshit Gopalan and
                  Lunjia Hu and
                  Guy N. Rothblum},
  title        = {On Computationally Efficient Multi-Class Calibration},
  booktitle    = {The Thirty Seventh Annual Conference on Learning Theory},
  series       = {Proceedings of Machine Learning Research},
  volume       = {247},
  pages        = {1983--2026},
  publisher    = {{PMLR}},
  year         = {2024},
}



@inproceedings{jung2021moment,
  title={Moment multicalibration for uncertainty estimation},
  author={Jung, Christopher and Lee, Changhwa and Pai, Mallesh and Roth, Aaron and Vohra, Rakesh},
  booktitle={Conference on Learning Theory},
  pages={2634--2678},
  year={2021},
  organization={PMLR}
}

@inproceedings{noarov2023statistical,
  title={The statistical scope of multicalibration},
  author={Noarov, Georgy and Roth, Aaron},
  booktitle={International Conference on Machine Learning},
  pages={26283--26310},
  year={2023},
  organization={PMLR}
}

@misc{alur24,
      title={Integrating Expert Judgment and Algorithmic Decision Making: An Indistinguishability Framework}, 
      author={Rohan Alur and Loren Laine and Darrick K. Li and Dennis Shung and Manish Raghavan and Devavrat Shah},
      year={2024},
      eprint={2410.08783},
      archivePrefix={arXiv},
      primaryClass={cs.LG},
      url={https://arxiv.org/abs/2410.08783}, 
}

@article{kim2022universal,
  title={Universal adaptability: Target-independent inference that competes with propensity scoring},
  author={Kim, Michael P and Kern, Christoph and Goldwasser, Shafi and Kreuter, Frauke and Reingold, Omer},
  journal={Proceedings of the National Academy of Sciences},
  volume={119},
  number={4},
  year={2022},
  publisher={National Acad Sciences}
}

@inproceedings{hebert2018multicalibration,
  title={Multicalibration: Calibration for the (computationally-identifiable) masses},
  author={Ursula {H{\'e}bert-Johnson} and Michael Kim and Omer Reingold and Guy Rothblum},
  booktitle={International Conference on Machine Learning},
  pages={1939--1948},
  year={2018},
  organization={PMLR}
}

@inproceedings{dwork2021outcome,
  title={Outcome indistinguishability},
  author={Dwork, Cynthia and Kim, Michael P and Reingold, Omer and Rothblum, Guy N and Yona, Gal},
  booktitle={Proceedings of the 53rd Annual ACM SIGACT Symposium on Theory of Computing},
  pages={1095--1108},
  year={2021}
}

@inproceedings{roy2001toward,
  title={Toward optimal active learning through monte carlo estimation of error reduction},
  author={Roy, Nicholas and McCallum, Andrew},
  booktitle={International Conference on Machine Learning},
  year={2001}
}

@article{ren2021survey,
  title={A survey of deep active learning},
  author={Ren, Pengzhen and Xiao, Yun and Chang, Xiaojun and Huang, Po-Yao and Li, Zhihui and Gupta, Brij B and Chen, Xiaojiang and Wang, Xin},
  journal={ACM computing surveys (CSUR)},
  volume={54},
  number={9},
  pages={1--40},
  year={2021},
  publisher={ACM New York, NY}
}

@misc{settles2009active,
  title={Active learning literature survey},
  author={Settles, Burr},
  year={2009},
  publisher={University of Wisconsin-Madison Department of Computer Sciences}
}

@inproceedings{yoo2019learning,
  title={Learning loss for active learning},
  author={Yoo, Donggeun and Kweon, In So},
  booktitle={Proceedings of the IEEE/CVF conference on computer vision and pattern recognition},
  pages={93--102},
  year={2019}
}

@inproceedings{kirillov2023segment,
  title={Segment anything},
  author={Kirillov, Alexander and Mintun, Eric and Ravi, Nikhila and Mao, Hanzi and Rolland, Chloe and Gustafson, Laura and Xiao, Tete and Whitehead, Spencer and Berg, Alexander C and Lo, Wan-Yen and others},
  booktitle={Proceedings of the IEEE/CVF International Conference on Computer Vision},
  pages={4015--4026},
  year={2023}
}

@article{abdar2021review,
  title={A review of uncertainty quantification in deep learning: Techniques, applications and challenges},
  author={Abdar, Moloud and Pourpanah, Farhad and Hussain, Sadiq and Rezazadegan, Dana and Liu, Li and Ghavamzadeh, Mohammad and Fieguth, Paul and Cao, Xiaochun and Khosravi, Abbas and Acharya, U Rajendra and others},
  journal={Information fusion},
  volume={76},
  pages={243--297},
  year={2021},
  publisher={Elsevier}
}

@article{hullermeier2021aleatoric,
  title={Aleatoric and epistemic uncertainty in machine learning: An introduction to concepts and methods},
  author={H{\"u}llermeier, Eyke and Waegeman, Willem},
  journal={Machine learning},
  volume={110},
  number={3},
  pages={457--506},
  year={2021},
  publisher={Springer}
}

@article{lahlou2021deup,
  title={{DEUP: Direct epistemic uncertainty prediction}},
  author={Lahlou, Salem and Jain, Moksh and Nekoei, Hadi and Butoi, Victor Ion and Bertin, Paul and Rector-Brooks, Jarrid and Korablyov, Maksym and Bengio, Yoshua},
  journal={arXiv preprint arXiv:2102.08501},
  year={2021}
}

@article{xu2022minimum,
  title={Minimum excess risk in Bayesian learning},
  author={Xu, Aolin and Raginsky, Maxim},
  journal={IEEE Transactions on Information Theory},
  volume={68},
  number={12},
  pages={7935--7955},
  year={2022},
  publisher={IEEE}
}

@inproceedings{hu2021learning,
  title={Learning to predict error for mri reconstruction},
  author={Hu, Shi and Pezzotti, Nicola and Welling, Max},
  booktitle={Medical Image Computing and Computer Assisted Intervention--MICCAI 2021},
  pages={604--613},
  year={2021},
  organization={Springer}
}

@inproceedings{kull2015novel,
  title={Novel decompositions of proper scoring rules for classification: Score adjustment as precursor to calibration},
  author={Kull, Meelis and Flach, Peter},
  booktitle={Machine Learning and Knowledge Discovery in Databases: European Conference, ECML PKDD 2015},
  pages={68--85},
  year={2015},
  organization={Springer}
}

@inproceedings{ahdritz2024provable,
  title={Provable Uncertainty Decomposition via Higher-Order Calibration},
  author={Ahdritz, Gustaf and Gollakota, Aravind and Gopalan, Parikshit and Peale, Charlotte and Wieder, Udi},
  booktitle={International Conference on Learning Representations},
  year={2025},
  note={To appear}
}


@inproceedings{hansen2024mcp,
  title={{When is Multicalibration Post-Processing Necessary?}},
  author={Hansen, Dutch and Devic, Siddartha and Nakkiran, Preetum and Sharan, Vatsal},
  booktitle={Advances in Neural Information Processing Systems},
  year={2024}
}

@inproceedings{blasiok2023smece,
  title={{Smooth ECE: Principled Reliability Diagrams via Kernel Smoothing}},
  author={Błasiok Jarosław and Nakkiran, Preetum},
  booktitle={International Conference on Learning Representations},
  year={2024}
}

@inproceedings{jain2022distilling,
  title={Distilling model failures as directions in latent space},
  author={Jain, Saachi and Lawrence, Hannah and Moitra, Ankur and Madry, Aleksander},
  booktitle={International Conference on Learning Representations},
  year={2023}
}

@inproceedings{radford2021learning,
  title={Learning transferable visual models from natural language supervision},
  author={Radford, Alec and Kim, Jong Wook and Hallacy, Chris and Ramesh, Aditya and Goh, Gabriel and Agarwal, Sandhini and Sastry, Girish and Askell, Amanda and Mishkin, Pamela and Clark, Jack and others},
  booktitle={International conference on machine learning},
  pages={8748--8763},
  year={2021},
  organization={PMLR}
}

@misc{default_of_credit_card_clients_350,
  author       = {Yeh, I-Cheng},
  title        = {{Default of Credit Card Clients}},
  year         = {2009},
  howpublished = {UCI Machine Learning Repository},
  note         = {{DOI}: https://doi.org/10.24432/C55S3H}
}

@misc{bank_marketing_222,
  author       = {Moro, S. and Rita, P. and Cortez, P.},
  title        = {{Bank Marketing}},
  year         = {2014},
  howpublished = {UCI Machine Learning Repository},
  note         = {{DOI}: https://doi.org/10.24432/C5K306}
}

@article{OKK25,
  title={Near-Optimal Algorithms for Omniprediction},
  author={Okoroafor, Princewill and Kleinberg, Robert and Kim, Michael P},
  journal={arXiv preprint arXiv:2501.17205},
  year={2025}
}