@article{qwenvl,
  title={Qwen-vl: A frontier large vision-language model with versatile abilities},
  author={Bai, Jinze and Bai, Shuai and Yang, Shusheng and Wang, Shijie and Tan, Sinan and Wang, Peng and Lin, Junyang and Zhou, Chang and Zhou, Jingren},
  journal={arXiv preprint arXiv:2308.12966},
  year={2023}
}
@inproceedings{llava_v1_6,
  title={Improved baselines with visual instruction tuning},
  author={Liu, Haotian and Li, Chunyuan and Li, Yuheng and Lee, Yong Jae},
  booktitle={Proceedings of the IEEE/CVF Conference on Computer Vision and Pattern Recognition},
  pages={26296--26306},
  year={2024}
}
@article{llava,
  title={Visual instruction tuning},
  author={Liu, Haotian and Li, Chunyuan and Wu, Qingyang and Lee, Yong Jae},
  journal={Advances in neural information processing systems},
  volume={36},
  year={2024}
}
@article{internlm2_5,
  title={InternLM-XComposer-2.5: A Versatile Large Vision Language Model Supporting Long-Contextual Input and Output},
  author={Zhang, Pan and Dong, Xiaoyi and Zang, Yuhang and Cao, Yuhang and Qian, Rui and Chen, Lin and Guo, Qipeng and Duan, Haodong and Wang, Bin and Ouyang, Linke and others},
  journal={arXiv preprint arXiv:2407.03320},
  year={2024}
}
@inproceedings{clipvit,
  title={Learning transferable visual models from natural language supervision},
  author={Radford, Alec and Kim, Jong Wook and Hallacy, Chris and Ramesh, Aditya and Goh, Gabriel and Agarwal, Sandhini and Sastry, Girish and Askell, Amanda and Mishkin, Pamela and Clark, Jack and others},
  booktitle={International conference on machine learning},
  pages={8748--8763},
  year={2021},
  organization={PMLR}
}
@article{llama,
  title={Llama: Open and efficient foundation language models},
  author={Touvron, Hugo and Lavril, Thibaut and Izacard, Gautier and Martinet, Xavier and Lachaux, Marie-Anne and Lacroix, Timoth{\'e}e and Rozi{\`e}re, Baptiste and Goyal, Naman and Hambro, Eric and Azhar, Faisal and others},
  journal={arXiv preprint arXiv:2302.13971},
  year={2023}
}
@inproceedings{blip2,
  title={Blip-2: Bootstrapping language-image pre-training with frozen image encoders and large language models},
  author={Li, Junnan and Li, Dongxu and Savarese, Silvio and Hoi, Steven},
  booktitle={International conference on machine learning},
  pages={19730--19742},
  year={2023},
  organization={PMLR}
}
@article{structure_2,
  title={Flamingo: a visual language model for few-shot learning},
  author={Alayrac, Jean-Baptiste and Donahue, Jeff and Luc, Pauline and Miech, Antoine and Barr, Iain and Hasson, Yana and Lenc, Karel and Mensch, Arthur and Millican, Katherine and Reynolds, Malcolm and others},
  journal={Advances in neural information processing systems},
  volume={35},
  pages={23716--23736},
  year={2022}
}
@article{structure_3,
  title={CogVLM: Visual expert for large language models},
  author={Wang, Weihan and Lv, Qingsong and Yu, Wenmeng and Hong, Wenyi and Qi, Ji and Wang, Yan and Ji, Junhui and Yang, Zhuoyi and Zhao, Lei and XiXuan, Song and others},
  year={2023}
}
@article{structure_4,
  title={Internlm-xcomposer: A vision-language large model for advanced text-image comprehension and composition},
  author={Zhang, Pan and Wang, Xiaoyi Dong Bin and Cao, Yuhang and Xu, Chao and Ouyang, Linke and Zhao, Zhiyuan and Ding, Shuangrui and Zhang, Songyang and Duan, Haodong and Yan, Hang and others},
  journal={arXiv preprint arXiv:2309.15112},
  year={2023}
}
@article{vision_flan,
  title={Vision-flan: Scaling human-labeled tasks in visual instruction tuning},
  author={Xu, Zhiyang and Feng, Chao and Shao, Rulin and Ashby, Trevor and Shen, Ying and Jin, Di and Cheng, Yu and Wang, Qifan and Huang, Lifu},
  journal={arXiv preprint arXiv:2402.11690},
  year={2024}
}
@article{sharegpt4v,
  title={Sharegpt4v: Improving large multi-modal models with better captions},
  author={Chen, Lin and Li, Jisong and Dong, Xiaoyi and Zhang, Pan and He, Conghui and Wang, Jiaqi and Zhao, Feng and Lin, Dahua},
  journal={arXiv preprint arXiv:2311.12793},
  year={2023}
}
@article{llava_math,
  title={Math-LLaVA: Bootstrapping Mathematical Reasoning for Multimodal Large Language Models},
  author={Shi, Wenhao and Hu, Zhiqiang and Bin, Yi and Liu, Junhua and Yang, Yang and Ng, See-Kiong and Bing, Lidong and Lee, Roy Ka-Wei},
  journal={arXiv preprint arXiv:2406.17294},
  year={2024}
}
@article{llava_rlhf,
  title={Aligning large multimodal models with factually augmented rlhf},
  author={Sun, Zhiqing and Shen, Sheng and Cao, Shengcao and Liu, Haotian and Li, Chunyuan and Shen, Yikang and Gan, Chuang and Gui, Liang-Yan and Wang, Yu-Xiong and Yang, Yiming and others},
  journal={arXiv preprint arXiv:2309.14525},
  year={2023}
}
@article{mdpo,
  title={mDPO: Conditional Preference Optimization for Multimodal Large Language Models},
  author={Wang, Fei and Zhou, Wenxuan and Huang, James Y and Xu, Nan and Zhang, Sheng and Poon, Hoifung and Chen, Muhao},
  journal={arXiv preprint arXiv:2406.11839},
  year={2024}
}
@article{dpo_model,
  title={Direct Preference Optimization for Suppressing Hallucinated Prior Exams in Radiology Report Generation},
  author={Banerjee, Oishi and Zhou, Hong-Yu and Adithan, Subathra and Kwak, Stephen and Wu, Kay and Rajpurkar, Pranav},
  journal={arXiv preprint arXiv:2406.06496},
  year={2024}
}
@article{pretrain_task_single,
  title={Multiinstruct: Improving multi-modal zero-shot learning via instruction tuning},
  author={Xu, Zhiyang and Shen, Ying and Huang, Lifu},
  journal={arXiv preprint arXiv:2212.10773},
  year={2022}
}
@inproceedings{bliva,
  title={Bliva: A simple multimodal llm for better handling of text-rich visual questions},
  author={Hu, Wenbo and Xu, Yifan and Li, Yi and Li, Weiyue and Chen, Zeyuan and Tu, Zhuowen},
  booktitle={Proceedings of the AAAI Conference on Artificial Intelligence},
  volume={38},
  number={3},
  pages={2256--2264},
  year={2024}
}
@article{llava_next_interleave,
  title={LLaVA-NeXT-Interleave: Tackling Multi-image, Video, and 3D in Large Multimodal Models},
  author={Li, Feng and Zhang, Renrui and Zhang, Hao and Zhang, Yuanhan and Li, Bo and Li, Wei and Ma, Zejun and Li, Chunyuan},
  journal={arXiv preprint arXiv:2407.07895},
  year={2024}
}
@article{visionllmv2,
  title={VisionLLM v2: An End-to-End Generalist Multimodal Large Language Model for Hundreds of Vision-Language Tasks},
  author={Wu, Jiannan and Zhong, Muyan and Xing, Sen and Lai, Zeqiang and Liu, Zhaoyang and Wang, Wenhai and Chen, Zhe and Zhu, Xizhou and Lu, Lewei and Lu, Tong and others},
  journal={arXiv preprint arXiv:2406.08394},
  year={2024}
}
@article{gpt4,
  title={Gpt-4 technical report},
  author={Achiam, Josh and Adler, Steven and Agarwal, Sandhini and Ahmad, Lama and Akkaya, Ilge and Aleman, Florencia Leoni and Almeida, Diogo and Altenschmidt, Janko and Altman, Sam and Anadkat, Shyamal and others},
  journal={arXiv preprint arXiv:2303.08774},
  year={2023}
}
@article{glm4v,
  title={ChatGLM: A Family of Large Language Models from GLM-130B to GLM-4 All Tools},
  author={GLM, Team and Zeng, Aohan and Xu, Bin and Wang, Bowen and Zhang, Chenhui and Yin, Da and Rojas, Diego and Feng, Guanyu and Zhao, Hanlin and Lai, Hanyu and others},
  journal={arXiv preprint arXiv:2406.12793},
  year={2024}
}
@article{internvlchat,
  title={How far are we to gpt-4v? closing the gap to commercial multimodal models with open-source suites},
  author={Chen, Zhe and Wang, Weiyun and Tian, Hao and Ye, Shenglong and Gao, Zhangwei and Cui, Erfei and Tong, Wenwen and Hu, Kongzhi and Luo, Jiapeng and Ma, Zheng and others},
  journal={arXiv preprint arXiv:2404.16821},
  year={2024}
}
@article{internvl2_26b,
  title={InternVL: Scaling up Vision Foundation Models and Aligning for Generic Visual-Linguistic Tasks},
  author={Chen, Zhe and Wu, Jiannan and Wang, Wenhai and Su, Weijie and Chen, Guo and Xing, Sen and Zhong, Muyan and Zhang, Qinglong and Zhu, Xizhou and Lu, Lewei and Li, Bin and Luo, Ping and Lu, Tong and Qiao, Yu and Dai, Jifeng},
  journal={arXiv preprint arXiv:2312.14238},
  year={2023}
}

@article{allava,
  title={Allava: Harnessing gpt4v-synthesized data for a lite vision-language model},
  author={Chen, Guiming Hardy and Chen, Shunian and Zhang, Ruifei and Chen, Junying and Wu, Xiangbo and Zhang, Zhiyi and Chen, Zhihong and Li, Jianquan and Wan, Xiang and Wang, Benyou},
  journal={arXiv preprint arXiv:2402.11684},
  year={2024}
}
@article{laion,
  title={Laion-400m: Open dataset of clip-filtered 400 million image-text pairs},
  author={Schuhmann, Christoph and Vencu, Richard and Beaumont, Romain and Kaczmarczyk, Robert and Mullis, Clayton and Katta, Aarush and Coombes, Theo and Jitsev, Jenia and Komatsuzaki, Aran},
  journal={arXiv preprint arXiv:2111.02114},
  year={2021}
}
@article{vg,
  title={Visual genome: Connecting language and vision using crowdsourced dense image annotations},
  author={Krishna, Ranjay and Zhu, Yuke and Groth, Oliver and Johnson, Justin and Hata, Kenji and Kravitz, Joshua and Chen, Stephanie and Kalantidis, Yannis and Li, Li-Jia and Shamma, David A and others},
  journal={International journal of computer vision},
  volume={123},
  pages={32--73},
  year={2017},
  publisher={Springer}
}
@inproceedings{coco,
  title={Microsoft coco: Common objects in context},
  author={Lin, Tsung-Yi and Maire, Michael and Belongie, Serge and Hays, James and Perona, Pietro and Ramanan, Deva and Doll{\'a}r, Piotr and Zitnick, C Lawrence},
  booktitle={Computer Vision--ECCV 2014: 13th European Conference, Zurich, Switzerland, September 6-12, 2014, Proceedings, Part V 13},
  pages={740--755},
  year={2014},
  organization={Springer}
}
@inproceedings{sa,
  title={Segment anything},
  author={Kirillov, Alexander and Mintun, Eric and Ravi, Nikhila and Mao, Hanzi and Rolland, Chloe and Gustafson, Laura and Xiao, Tete and Whitehead, Spencer and Berg, Alexander C and Lo, Wan-Yen and others},
  booktitle={Proceedings of the IEEE/CVF International Conference on Computer Vision},
  pages={4015--4026},
  year={2023}
}
@inproceedings{docvqa,
  title={Infographicvqa},
  author={Mathew, Minesh and Bagal, Viraj and Tito, Rub{\`e}n and Karatzas, Dimosthenis and Valveny, Ernest and Jawahar, CV},
  booktitle={Proceedings of the IEEE/CVF Winter Conference on Applications of Computer Vision},
  pages={1697--1706},
  year={2022}
}
@article{clevr-math,
  title={Clevr-math: A dataset for compositional language, visual and mathematical reasoning},
  author={Lindstr{\"o}m, Adam Dahlgren and Abraham, Savitha Sam},
  journal={arXiv preprint arXiv:2208.05358},
  year={2022}
}
@article{sbu,
  title={Im2text: Describing images using 1 million captioned photographs},
  author={Ordonez, Vicente and Kulkarni, Girish and Berg, Tamara},
  journal={Advances in neural information processing systems},
  volume={24},
  year={2011}
}
@article{mapqa,
  title={MapQA: A dataset for question answering on choropleth maps},
  author={Chang, Shuaichen and Palzer, David and Li, Jialin and Fosler-Lussier, Eric and Xiao, Ningchuan},
  journal={arXiv preprint arXiv:2211.08545},
  year={2022}
}
@inproceedings{geos,
  title={Solving geometry problems: Combining text and diagram interpretation},
  author={Seo, Minjoon and Hajishirzi, Hannaneh and Farhadi, Ali and Etzioni, Oren and Malcolm, Clint},
  booktitle={Proceedings of the 2015 conference on empirical methods in natural language processing},
  pages={1466--1476},
  year={2015}
}
@article{tabmwp,
  title={Dynamic prompt learning via policy gradient for semi-structured mathematical reasoning},
  author={Lu, Pan and Qiu, Liang and Chang, Kai-Wei and Wu, Ying Nian and Zhu, Song-Chun and Rajpurohit, Tanmay and Clark, Peter and Kalyan, Ashwin},
  journal={arXiv preprint arXiv:2209.14610},
  year={2022}
}
@inproceedings{dqa,
  title={Dvqa: Understanding data visualizations via question answering},
  author={Kafle, Kushal and Price, Brian and Cohen, Scott and Kanan, Christopher},
  booktitle={Proceedings of the IEEE conference on computer vision and pattern recognition},
  pages={5648--5656},
  year={2018}
}

@inproceedings{cc3m,
  title={Conceptual captions: A cleaned, hypernymed, image alt-text dataset for automatic image captioning},
  author={Sharma, Piyush and Ding, Nan and Goodman, Sebastian and Soricut, Radu},
  booktitle={Proceedings of the 56th Annual Meeting of the Association for Computational Linguistics (Volume 1: Long Papers)},
  pages={2556--2565},
  year={2018}
}
@inproceedings{665_1,
  title={Referitgame: Referring to objects in photographs of natural scenes},
  author={Kazemzadeh, Sahar and Ordonez, Vicente and Matten, Mark and Berg, Tamara},
  booktitle={Proceedings of the 2014 conference on empirical methods in natural language processing (EMNLP)},
  pages={787--798},
  year={2014}
}
@inproceedings{665_2,
  title={Ok-vqa: A visual question answering benchmark requiring external knowledge},
  author={Marino, Kenneth and Rastegari, Mohammad and Farhadi, Ali and Mottaghi, Roozbeh},
  booktitle={Proceedings of the IEEE/cvf conference on computer vision and pattern recognition},
  pages={3195--3204},
  year={2019}
}
@inproceedings{665_3,
  title={Ocr-vqa: Visual question answering by reading text in images},
  author={Mishra, Anand and Shekhar, Shashank and Singh, Ajeet Kumar and Chakraborty, Anirban},
  booktitle={2019 international conference on document analysis and recognition (ICDAR)},
  pages={947--952},
  year={2019},
  organization={IEEE}
}
@inproceedings{665_4,
  title={A-okvqa: A benchmark for visual question answering using world knowledge},
  author={Schwenk, Dustin and Khandelwal, Apoorv and Clark, Christopher and Marino, Kenneth and Mottaghi, Roozbeh},
  booktitle={European conference on computer vision},
  pages={146--162},
  year={2022},
  organization={Springer}
}
@inproceedings{665_5,
  title={Textcaps: a dataset for image captioning with reading comprehension},
  author={Sidorov, Oleksii and Hu, Ronghang and Rohrbach, Marcus and Singh, Amanpreet},
  booktitle={Computer Vision--ECCV 2020: 16th European Conference, Glasgow, UK, August 23--28, 2020, Proceedings, Part II 16},
  pages={742--758},
  year={2020},
  organization={Springer}
}
@article{mme,
  title={MME: A Comprehensive Evaluation Benchmark for Multimodal Large Language Models},
  author={Fu, Chaoyou and Chen, Peixian and Shen, Yunhang and Qin, Yulei and Zhang, Mengdan and Lin, Xu and Yang, Jinrui and Zheng, Xiawu and Li, Ke and Sun, Xing and others},
  journal={arXiv preprint arXiv:2306.13394},
  year={2023}
}
@article{mmbench,
  title={Mmbench: Is your multi-modal model an all-around player?},
  author={Liu, Yuan and Duan, Haodong and Zhang, Yuanhan and Li, Bo and Zhang, Songyang and Zhao, Wangbo and Yuan, Yike and Wang, Jiaqi and He, Conghui and Liu, Ziwei and others},
  journal={arXiv preprint arXiv:2307.06281},
  year={2023}
}
@article{pope,
  title={Evaluating object hallucination in large vision-language models},
  author={Li, Yifan and Du, Yifan and Zhou, Kun and Wang, Jinpeng and Zhao, Wayne Xin and Wen, Ji-Rong},
  journal={arXiv preprint arXiv:2305.10355},
  year={2023}
}
@article{mmvet,
  title={Mm-vet: Evaluating large multimodal models for integrated capabilities},
  author={Yu, Weihao and Yang, Zhengyuan and Li, Linjie and Wang, Jianfeng and Lin, Kevin and Liu, Zicheng and Wang, Xinchao and Wang, Lijuan},
  journal={arXiv preprint arXiv:2308.02490},
  year={2023}
}
@inproceedings{textvqa,
  title={Towards vqa models that can read},
  author={Singh, Amanpreet and Natarajan, Vivek and Shah, Meet and Jiang, Yu and Chen, Xinlei and Batra, Dhruv and Parikh, Devi and Rohrbach, Marcus},
  booktitle={Proceedings of the IEEE/CVF conference on computer vision and pattern recognition},
  pages={8317--8326},
  year={2019}
}
@article{sciencevqa,
  title={Learn to explain: Multimodal reasoning via thought chains for science question answering},
  author={Lu, Pan and Mishra, Swaroop and Xia, Tanglin and Qiu, Liang and Chang, Kai-Wei and Zhu, Song-Chun and Tafjord, Oyvind and Clark, Peter and Kalyan, Ashwin},
  journal={Advances in Neural Information Processing Systems},
  volume={35},
  pages={2507--2521},
  year={2022}
}
@article{mathvista,
  title={Mathvista: Evaluating mathematical reasoning of foundation models in visual contexts},
  author={Lu, Pan and Bansal, Hritik and Xia, Tony and Liu, Jiacheng and Li, Chunyuan and Hajishirzi, Hannaneh and Cheng, Hao and Chang, Kai-Wei and Galley, Michel and Gao, Jianfeng},
  journal={arXiv preprint arXiv:2310.02255},
  year={2023}
}
@article{chartqa,
  title={Chartqa: A benchmark for question answering about charts with visual and logical reasoning},
  author={Masry, Ahmed and Long, Do Xuan and Tan, Jia Qing and Joty, Shafiq and Hoque, Enamul},
  journal={arXiv preprint arXiv:2203.10244},
  year={2022}
}
@inproceedings{ai2d,
  title={A diagram is worth a dozen images},
  author={Kembhavi, Aniruddha and Salvato, Mike and Kolve, Eric and Seo, Minjoon and Hajishirzi, Hannaneh and Farhadi, Ali},
  booktitle={Computer Vision--ECCV 2016: 14th European Conference, Amsterdam, The Netherlands, October 11--14, 2016, Proceedings, Part IV 14},
  pages={235--251},
  year={2016},
  organization={Springer}
}
@article{qbench,
  title={Q-bench: A benchmark for general-purpose foundation models on low-level vision},
  author={Wu, Haoning and Zhang, Zicheng and Zhang, Erli and Chen, Chaofeng and Liao, Liang and Wang, Annan and Li, Chunyi and Sun, Wenxiu and Yan, Qiong and Zhai, Guangtao and others},
  journal={arXiv preprint arXiv:2309.14181},
  year={2023}
}
@inproceedings{hallubench,
  title={HallusionBench: an advanced diagnostic suite for entangled language hallucination and visual illusion in large vision-language models},
  author={Guan, Tianrui and Liu, Fuxiao and Wu, Xiyang and Xian, Ruiqi and Li, Zongxia and Liu, Xiaoyu and Wang, Xijun and Chen, Lichang and Huang, Furong and Yacoob, Yaser and others},
  booktitle={Proceedings of the IEEE/CVF Conference on Computer Vision and Pattern Recognition},
  pages={14375--14385},
  year={2024}
}
@article{seed_bench,
  title={Seed-bench: Benchmarking multimodal llms with generative comprehension},
  author={Li, Bohao and Wang, Rui and Wang, Guangzhi and Ge, Yuying and Ge, Yixiao and Shan, Ying},
  journal={arXiv preprint arXiv:2307.16125},
  year={2023}
}
@inproceedings{mmmu,
  title={Mmmu: A massive multi-discipline multimodal understanding and reasoning benchmark for expert agi},
  author={Yue, Xiang and Ni, Yuansheng and Zhang, Kai and Zheng, Tianyu and Liu, Ruoqi and Zhang, Ge and Stevens, Samuel and Jiang, Dongfu and Ren, Weiming and Sun, Yuxuan and others},
  booktitle={Proceedings of the IEEE/CVF Conference on Computer Vision and Pattern Recognition},
  pages={9556--9567},
  year={2024}
}
@article{vicuna,
  title={Vicuna: An open-source chatbot impressing gpt-4 with 90\%* chatgpt quality},
  author={Chiang, Wei-Lin and Li, Zhuohan and Lin, Zi and Sheng, Ying and Wu, Zhanghao and Zhang, Hao and Zheng, Lianmin and Zhuang, Siyuan and Zhuang, Yonghao and Gonzalez, Joseph E and others},
  journal={See https://vicuna. lmsys. org (accessed 14 April 2023)},
  volume={2},
  number={3},
  pages={6},
  year={2023}
}

@article{bert,
  title={Bert: Pre-training of deep bidirectional transformers for language understanding},
  author={Devlin, Jacob},
  journal={arXiv preprint arXiv:1810.04805},
  year={2018}
}
@article{t5,
  title={Exploring the limits of transfer learning with a unified text-to-text transformer},
  author={Raffel, Colin and Shazeer, Noam and Roberts, Adam and Lee, Katherine and Narang, Sharan and Matena, Michael and Zhou, Yanqi and Li, Wei and Liu, Peter J},
  journal={Journal of machine learning research},
  volume={21},
  number={140},
  pages={1--67},
  year={2020}
}
@article{gpt,
  title={Improving language understanding by generative pre-training},
  author={Radford, Alec and Narasimhan, Karthik and Salimans, Tim and Sutskever, Ilya and others},
  year={2018},
  publisher={San Francisco, CA, USA}
}
@article{gpt3,
  title={Language models are few-shot learners},
  author={Brown, Tom and Mann, Benjamin and Ryder, Nick and Subbiah, Melanie and Kaplan, Jared D and Dhariwal, Prafulla and Neelakantan, Arvind and Shyam, Pranav and Sastry, Girish and Askell, Amanda and others},
  journal={Advances in neural information processing systems},
  volume={33},
  pages={1877--1901},
  year={2020}
}
@misc{internlm,
  title={Internlm: A multilingual language model with progressively enhanced capabilities},
  author={Team, InternLM},
  journal={2023-01-06)[2023-09-27]. https://github. com/InternLM/InternLM},
  year={2023}
}
@article{llama2,
  title={Llama 2: Open foundation and fine-tuned chat models},
  author={Touvron, Hugo and Martin, Louis and Stone, Kevin and Albert, Peter and Almahairi, Amjad and Babaei, Yasmine and Bashlykov, Nikolay and Batra, Soumya and Bhargava, Prajjwal and Bhosale, Shruti and others},
  journal={arXiv preprint arXiv:2307.09288},
  year={2023}
}
@article{baichuan2,
  title={Baichuan 2: Open large-scale language models},
  author={Yang, Aiyuan and Xiao, Bin and Wang, Bingning and Zhang, Borong and Bian, Ce and Yin, Chao and Lv, Chenxu and Pan, Da and Wang, Dian and Yan, Dong and others},
  journal={arXiv preprint arXiv:2309.10305},
  year={2023}
}
@inproceedings{blip,
  title={Blip: Bootstrapping language-image pre-training for unified vision-language understanding and generation},
  author={Li, Junnan and Li, Dongxu and Xiong, Caiming and Hoi, Steven},
  booktitle={International conference on machine learning},
  pages={12888--12900},
  year={2022},
  organization={PMLR}
}
@article{image_caption,
  title={An overview of image caption generation methods},
  author={Wang, Haoran and Zhang, Yue and Yu, Xiaosheng},
  journal={Computational intelligence and neuroscience},
  volume={2020},
  number={1},
  pages={3062706},
  year={2020},
  publisher={Wiley Online Library}
}
@article{minigpt,
  title={Minigpt-4: Enhancing vision-language understanding with advanced large language models},
  author={Zhu, Deyao and Chen, Jun and Shen, Xiaoqian and Li, Xiang and Elhoseiny, Mohamed},
  journal={arXiv preprint arXiv:2304.10592},
  year={2023}
}
@misc{instructblip,
      title={InstructBLIP: Towards General-purpose Vision-Language Models with Instruction Tuning}, 
      author={Wenliang Dai and Junnan Li and Dongxu Li and Anthony Meng Huat Tiong and Junqi Zhao and Weisheng Wang and Boyang Li and Pascale Fung and Steven Hoi},
      year={2023},
      eprint={2305.06500},
      archivePrefix={arXiv},
      primaryClass={cs.CV},
}
@article{lamm,
  title={Lamm: Language-assisted multi-modal instruction-tuning dataset, framework, and benchmark},
  author={Yin, Zhenfei and Wang, Jiong and Cao, Jianjian and Shi, Zhelun and Liu, Dingning and Li, Mukai and Huang, Xiaoshui and Wang, Zhiyong and Sheng, Lu and Bai, Lei and others},
  journal={Advances in Neural Information Processing Systems},
  volume={36},
  year={2024}
}
@article{mimic,
  title={Mimic-it: Multi-modal in-context instruction tuning},
  author={Li, Bo and Zhang, Yuanhan and Chen, Liangyu and Wang, Jinghao and Pu, Fanyi and Yang, Jingkang and Li, Chunyuan and Liu, Ziwei},
  journal={arXiv preprint arXiv:2306.05425},
  year={2023}
}
@misc{internlm-xcomposer-2.5,
      title={InternLM-XComposer-2.5: A Versatile Large Vision Language Model Supporting Long-Contextual Input and Output}, 
      author={Pan Zhang and Xiaoyi Dong and Yuhang Zang and Yuhang Cao and Rui Qian and Lin Chen and Qipeng Guo and Haodong Duan and Bin Wang and Linke Ouyang and Songyang Zhang and Wenwei Zhang and Yining Li and Yang Gao and Peng Sun and Xinyue Zhang and Wei Li and Jingwen Li and Wenhai Wang and Hang Yan and Conghui He and Xingcheng Zhang and Kai Chen and Jifeng Dai and Yu Qiao and Dahua Lin and Jiaqi Wang},
      year={2024},
      eprint={2407.03320},
      archivePrefix={arXiv},
      primaryClass={cs.CV},
}
@article{hurst2024gpt,
  title={Gpt-4o system card},
  author={Hurst, Aaron and Lerer, Adam and Goucher, Adam P and Perelman, Adam and Ramesh, Aditya and Clark, Aidan and Ostrow, AJ and Welihinda, Akila and Hayes, Alan and Radford, Alec and others},
  journal={arXiv preprint arXiv:2410.21276},
  year={2024}
}
@misc{gpt4v,
  author       = {OpenAI},
  year         = {2023},
  title        = {{GPT-4V(ision) System Card}},
  note         = {Available at \url{https://openai.com/index/gpt-4v-system-card} (accessed on February 14, 2025)}
}


@misc{claude3.5,
  author       = {Anthropic},
  year         = {2024},
  title        = {{Claude 3.5 Sonnet}},
  note         = {Available at \url{https://www.anthropic.com/news/claude-3-5-sonnet} (accessed on February 14, 2025)}
}

@misc{multiinstruct,
      title={MultiInstruct: Improving Multi-Modal Zero-Shot Learning via Instruction Tuning}, 
      author={Zhiyang Xu and Ying Shen and Lifu Huang},
      year={2023},
      eprint={2212.10773},
      archivePrefix={arXiv},
      primaryClass={cs.CL}
}
@article{cot_1,
  title={Multimodal chain-of-thought reasoning in language models},
  author={Zhang, Zhuosheng and Zhang, Aston and Li, Mu and Zhao, Hai and Karypis, George and Smola, Alex},
  journal={arXiv preprint arXiv:2302.00923},
  year={2023}
}
@article{cot_2,
  title={Ddcot: Duty-distinct chain-of-thought prompting for multimodal reasoning in language models},
  author={Zheng, Ge and Yang, Bin and Tang, Jiajin and Zhou, Hong-Yu and Yang, Sibei},
  journal={Advances in Neural Information Processing Systems},
  volume={36},
  pages={5168--5191},
  year={2023}
}
@article{cot_3,
  title={Cocot: Contrastive chain-of-thought prompting for large multimodal models with multiple image inputs},
  author={Zhang, Daoan and Yang, Junming and Lyu, Hanjia and Jin, Zijian and Yao, Yuan and Chen, Mingkai and Luo, Jiebo},
  journal={arXiv preprint arXiv:2401.02582},
  year={2024}
}
@inproceedings{cot_4,
  title={Compositional chain-of-thought prompting for large multimodal models},
  author={Mitra, Chancharik and Huang, Brandon and Darrell, Trevor and Herzig, Roei},
  booktitle={Proceedings of the IEEE/CVF Conference on Computer Vision and Pattern Recognition},
  pages={14420--14431},
  year={2024}
}

@article{m3it,
  title={M $^3$ IT: A Large-Scale Dataset towards Multi-Modal Multilingual Instruction Tuning},
  author={Li, Lei and Yin, Yuwei and Li, Shicheng and Chen, Liang and Wang, Peiyi and Ren, Shuhuai and Li, Mukai and Yang, Yazheng and Xu, Jingjing and Sun, Xu and others},
  journal={arXiv preprint arXiv:2306.04387},
  year={2023}
}

@article{mplug,
  title={mplug-owl: Modularization empowers large language models with multimodality},
  author={Ye, Qinghao and Xu, Haiyang and Xu, Guohai and Ye, Jiabo and Yan, Ming and Zhou, Yiyang and Wang, Junyang and Hu, Anwen and Shi, Pengcheng and Shi, Yaya and others},
  journal={arXiv preprint arXiv:2304.14178},
  year={2023}
}

@article{shikra,
  title={Shikra: Unleashing multimodal llm's referential dialogue magic},
  author={Chen, Keqin and Zhang, Zhao and Zeng, Weili and Zhang, Richong and Zhu, Feng and Zhao, Rui},
  journal={arXiv preprint arXiv:2306.15195},
  year={2023}
}

@article{svit,
  title={Svit: Scaling up visual instruction tuning},
  author={Zhao, Bo and Wu, Boya and He, Muyang and Huang, Tiejun},
  journal={arXiv preprint arXiv:2307.04087},
  year={2023}
}

@article{llava-onevision,
  title={Llava-onevision: Easy visual task transfer},
  author={Li, Bo and Zhang, Yuanhan and Guo, Dong and Zhang, Renrui and Li, Feng and Zhang, Hao and Zhang, Kaichen and Zhang, Peiyuan and Li, Yanwei and Liu, Ziwei and others},
  journal={arXiv preprint arXiv:2408.03326},
  year={2024}
}

@article{cambrian,
  title={Cambrian-1: A fully open, vision-centric exploration of multimodal llms},
  author={Tong, Shengbang and Brown, Ellis and Wu, Penghao and Woo, Sanghyun and Middepogu, Manoj and Akula, Sai Charitha and Yang, Jihan and Yang, Shusheng and Iyer, Adithya and Pan, Xichen and others},
  journal={arXiv preprint arXiv:2406.16860},
  year={2024}
}

@article{zhu2024model,
  title={Model Tailor: Mitigating Catastrophic Forgetting in Multi-modal Large Language Models},
  author={Zhu, Didi and Sun, Zhongyi and Li, Zexi and Shen, Tao and Yan, Ke and Ding, Shouhong and Kuang, Kun and Wu, Chao},
  journal={ICML 2024},
  year={2024}
}

@article{zhao2024retrieval,
  title={Retrieval-augmented mixture of lora experts for uploadable machine learning},
  author={Zhao, Ziyu and Gan, Leilei and Wang, Guoyin and Hu, Yuwei and Shen, Tao and Yang, Hongxia and Kuang, Kun and Wu, Fei},
  journal={arXiv preprint arXiv:2406.16989},
  year={2024}
}
