@inproceedings{Borg16,
  title={Understanding the factors that impact the popularity of GitHub repositories},
  author={Borges, Hudson and Hora, Andre and Valente, Marco Tulio},
  booktitle={2016 IEEE international conference on software maintenance and evolution (ICSME)},
  pages={334--344},
  year={2016},
  organization={IEEE}
}

@inproceedings{Chat15,
  title={Data collection and analysis of GitHub repositories and users},
  author={Chatziasimidis, Fragkiskos and Stamelos, Ioannis},
  booktitle={2015 6th International Conference on Information, Intelligence, Systems and Applications (IISA)},
  pages={1--6},
  year={2015},
  organization={IEEE}
}

@inproceedings{Guz14,
  title={Sentiment analysis of commit comments in GitHub: an empirical study},
  author={Guzman, Emitza and Az{\'o}car, David and Li, Yang},
  booktitle={Proceedings of the 11th working conference on mining software repositories},
  pages={352--355},
  year={2014}
}

@inproceedings{Kova18,
  title={Mining file histories: Should we consider branches?},
  author={Kovalenko, Vladimir and Palomba, Fabio and Bacchelli, Alberto},
  booktitle={Proceedings of the 33rd ACM/IEEE International Conference on Automated Software Engineering},
  pages={202--213},
  year={2018}
}

@inproceedings{Ono13,
  title={A study of the characteristics of developers' activities in GitHub},
  author={Onoue, Saya and Hata, Hideaki and Matsumoto, Ken-ichi},
  booktitle={2013 20th Asia-Pacific Software Engineering Conference (APSEC)},
  volume={2},
  pages={7--12},
  year={2013},
  organization={IEEE}
}

@inproceedings{Ortu18,
  title={Mining communication patterns in software development: A github analysis},
  author={Ortu, Marco and Hall, Tracy and Marchesi, Michele and Tonelli, Roberto and Bowes, David and Destefanis, Giuseppe},
  booktitle={Proceedings of the 14th international conference on predictive models and data analytics in software engineering},
  pages={70--79},
  year={2018}
}

@article{Qi17,
  title={Software effort estimation based on open source projects: Case study of Github},
  author={Qi, Fumin and Jing, Xiao-Yuan and Zhu, Xiaoke and Xie, Xiaoyuan and Xu, Baowen and Ying, Shi},
  journal={Information and Software Technology},
  volume={92},
  pages={145--157},
  year={2017},
  publisher={Elsevier}
}

@inproceedings{Rah14,
  title={An insight into the pull requests of github},
  author={Rahman, Mohammad Masudur and Roy, Chanchal K},
  booktitle={Proceedings of the 11th working conference on mining software repositories},
  pages={364--367},
  year={2014}
}

@article{apel09,
  title={An overview of feature-oriented software development.},
  author={Apel, Sven and K{\"a}stner, Christian},
  journal={J. Object Technol.},
  volume={8},
  number={5},
  pages={49--84},
  year={2009}
}

@inproceedings{bane12,
  title={Feature Oriented Programming: A step towards flexible composition of modular programming},
  author={Banerjee, Mahua and Roy, Sushil Ranjan and Kumar, Chiranjeev},
  booktitle={2012 1st International Conference on Recent Advances in Information Technology (RAIT)},
  pages={369--373},
  year={2012},
  organization={IEEE}
}

@inproceedings{berg15,
  title={What is a feature? a qualitative study of features in industrial software product lines},
  author={Berger, Thorsten and Lettner, Daniela and Rubin, Julia and Gr{\"u}nbacher, Paul and Silva, Adeline and Becker, Martin and Chechik, Marsha and Czarnecki, Krzysztof},
  booktitle={Proceedings of the 19th international conference on software product line},
  pages={16--25},
  year={2015}
}

@inproceedings{clas08,
  title={Whatâ€™s in a feature: A requirements engineering perspective},
  author={Classen, Andreas and Heymans, Patrick and Schobbens, Pierre-Yves},
  booktitle={International Conference on Fundamental Approaches to Software Engineering},
  pages={16--30},
  year={2008},
  organization={Springer}
}

@article{kala18,
  title={A Systematic Literature Review on Feature Oriented Software Development Paradigm},
  author={Kala, KU and Nandhini, M},
    journal={International Journal of Engineering and Technology (IJET)},
year={2018}
}

@inproceedings{mole22,
  title={Defining key concepts in information science research: The adoption of the definition of feature},
  author={Molenaar, Sabine and Steenvoorden, Emilie and van den Berg, Nikita and Dalpiaz, Fabiano and Brinkkemper, Sjaak},
  booktitle={International Conference on Research Challenges in Information Science},
  pages={442--457},
  year={2022},
  organization={Springer}
}

