%%% What is a feature
@inproceedings{clas08,
  title={Whatâ€™s in a feature: A requirements engineering perspective},
  author={Classen, Andreas and Heymans, Patrick and Schobbens, Pierre-Yves},
  booktitle={International Conference on Fundamental Approaches to Software Engineering},
  pages={16--30},
  year={2008},
  organization={Springer}
}
@article{apel09,
  title={An overview of feature-oriented software development.},
  author={Apel, Sven and K{\"a}stner, Christian},
  journal={J. Object Technol.},
  volume={8},
  number={5},
  pages={49--84},
  year={2009}
}
@inproceedings{lope11,
  title={From requirements to features: An exploratory study of feature-oriented refactoring},
  author={Lopez-Herrejon, Roberto E and Montalvillo-Mendizabal, Leticia and Egyed, Alexander},
  booktitle={2011 15th International Software Product Line Conference},
  pages={181--190},
  year={2011},
  organization={IEEE}
}
@inproceedings{bane12,
  title={Feature Oriented Programming: A step towards flexible composition of modular programming},
  author={Banerjee, Mahua and Roy, Sushil Ranjan and Kumar, Chiranjeev},
  booktitle={2012 1st International Conference on Recent Advances in Information Technology (RAIT)},
  pages={369--373},
  year={2012},
  organization={IEEE}
}
@inproceedings{berg15,
  title={What is a feature? a qualitative study of features in industrial software product lines},
  author={Berger, Thorsten and Lettner, Daniela and Rubin, Julia and Gr{\"u}nbacher, Paul and Silva, Adeline and Becker, Martin and Chechik, Marsha and Czarnecki, Krzysztof},
  booktitle={Proceedings of the 19th international conference on software product line},
  pages={16--25},
  year={2015}
}
@inproceedings{krug18,
  title={Towards a better understanding of software features and their characteristics: A case study of marlin},
  author={Kr{\"u}ger, Jacob and Gu, Wanzi and Shen, Hui and Mukelabai, Mukelabai and Hebig, Regina and Berger, Thorsten},
  booktitle={Proceedings of the 12th international workshop on variability modelling of software-intensive systems},
  pages={105--112},
  year={2018}
}
@article{kala18,
  title={A Systematic Literature Review on Feature Oriented Software Development Paradigm},
  author={Kala, KU and Nandhini, M},
    journal={International Journal of Engineering and Technology (IJET)},
year={2018}
}
@article{krug19a,
  title={Where is my feature and what is it about? a case study on recovering feature facets},
  author={Kr{\"u}ger, Jacob and Mukelabai, Mukelabai and Gu, Wanzi and Shen, Hui and Hebig, Regina and Berger, Thorsten},
  journal={Journal of Systems and Software},
  volume={152},
  pages={239--253},
  year={2019},
  publisher={Elsevier}
}
@incollection{krug19b,
  title={Features and how to find them: a survey of manual feature location},
  author={Kr{\"u}ger, Jacob and Berger, Thorsten and Leich, Thomas},
  booktitle={Software Engineering for Variability Intensive Systems},
  pages={153--172},
  year={2019},
  publisher={Auerbach Publications}
}
@inproceedings{mole22,
  title={Defining key concepts in information science research: The adoption of the definition of feature},
  author={Molenaar, Sabine and Steenvoorden, Emilie and van den Berg, Nikita and Dalpiaz, Fabiano and Brinkkemper, Sjaak},
  booktitle={International Conference on Research Challenges in Information Science},
  pages={442--457},
  year={2022},
  organization={Springer}
}
@article{sodh22,
  title={An insight on software features supporting software transplantation: a systematic review},
  author={Sodhi, Gurjot Singh and Rattan, Dhavleesh},
  journal={Archives of Computational Methods in Engineering},
  volume={29},
  number={1},
  pages={275--312},
  year={2022},
  publisher={Springer}
}
@inproceedings{Muna17,
  author    = {Munaiah, Naveen and Kroh, Sarah and Cabrey, Christian and Nagappan, Meiyappan},
  title     = {Curating GitHub for Engineered Software Projects},
  booktitle = {Proceedings of the 14th International Conference on Mining Software Repositories (MSR '17)},
  year      = {2017},
  isbn      = {978-1-5386-1544-7},
  pages     = {223--233},
  doi       = {10.1109/MSR.2017.62},
  publisher = {IEEE Press},
}


@inproceedings{Han19,
  title={Characterization and prediction of popular projects on github},
  author={Han, Junxiao and Deng, Shuiguang and Xia, Xin and Wang, Dongjing and Yin, Jianwei},
  booktitle={2019 IEEE 43rd annual computer software and applications conference (COMPSAC)},
  volume={1},
  pages={21--26},
  year={2019},
  organization={IEEE}
}
@inproceedings{Padh19,
  title={PHANTOM: Curating GitHub for engineered software projects using time-series clustering},
  author={Padhye, Rohit and Ray, Baishakhi and Casalnuovo, Casey and Silva, Alexandra and Russell, Alexis},
  booktitle={Proceedings of the 16th International Conference on Mining Software Repositories (MSR)},
  pages={392--396},
  year={2019},
  organization={IEEE}
}
@inproceedings{Dyer13,
  title={Boa: A large-scale infrastructure for mining software repositories},
  author={Dyer, Robert and Nguyen, Hoan Anh and Rajan, Hridesh and Nguyen, Tien N.},
  booktitle={Proceedings of the 2013 International Conference on Software Engineering (ICSE)},
  pages={422--431},
  year={2013},
  organization={IEEE}
}
@article{Mack21,
  title={The Role of Data Filtering in Open Source Software Ranking and Selection},
  author={Mackay, Adam and Ernst, Naomi},
  journal={Journal of Empirical Software Engineering},
  volume={26},
  number={4},
  pages={72--85},
  year={2021},
  publisher={Springer}
}
@inproceedings{Mci21,
  title={Do hackathon projects change the world? An empirical analysis of GitHub repositories},
  author={McIntosh, Lukas and Hardin, Caroline D},
  booktitle={Proceedings of the 52nd ACM Technical Symposium on Computer Science Education},
  pages={879--885},
  year={2021}
}
@inproceedings{cohe18,
  title={Large-scale analysis of the co-commit patterns of the active developers in github's top repositories},
  author={Cohen, Eldan and Consens, Mariano P},
  booktitle={Proceedings of the 15th International Conference on Mining Software Repositories},
  pages={426--436},
  year={2018}
}
@article{Kall16,
  title={An in-depth study of the promises and perils of mining GitHub},
  author={Kalliamvakou, Eirini and Gousios, Georgios and Blincoe, Kelly and Singer, Leif and German, Daniel M and Damian, Daniela},
  journal={Empirical Software Engineering},
  volume={21},
  pages={2035--2071},
  year={2016},
  publisher={Springer}
}

% Related work
@inproceedings{Chat15,
  title={Data collection and analysis of GitHub repositories and users},
  author={Chatziasimidis, Fragkiskos and Stamelos, Ioannis},
  booktitle={2015 6th International Conference on Information, Intelligence, Systems and Applications (IISA)},
  pages={1--6},
  year={2015},
  organization={IEEE}
}
@inproceedings{Ortu18,
  title={Mining communication patterns in software development: A github analysis},
  author={Ortu, Marco and Hall, Tracy and Marchesi, Michele and Tonelli, Roberto and Bowes, David and Destefanis, Giuseppe},
  booktitle={Proceedings of the 14th international conference on predictive models and data analytics in software engineering},
  pages={70--79},
  year={2018}
}
@inproceedings{Borg16,
  title={Understanding the factors that impact the popularity of GitHub repositories},
  author={Borges, Hudson and Hora, Andre and Valente, Marco Tulio},
  booktitle={2016 IEEE international conference on software maintenance and evolution (ICSME)},
  pages={334--344},
  year={2016},
  organization={IEEE}
}
@article{Qi17,
  title={Software effort estimation based on open source projects: Case study of Github},
  author={Qi, Fumin and Jing, Xiao-Yuan and Zhu, Xiaoke and Xie, Xiaoyuan and Xu, Baowen and Ying, Shi},
  journal={Information and Software Technology},
  volume={92},
  pages={145--157},
  year={2017},
  publisher={Elsevier}
}
@inproceedings{Ono13,
  title={A study of the characteristics of developers' activities in GitHub},
  author={Onoue, Saya and Hata, Hideaki and Matsumoto, Ken-ichi},
  booktitle={2013 20th Asia-Pacific Software Engineering Conference (APSEC)},
  volume={2},
  pages={7--12},
  year={2013},
  organization={IEEE}
}
@inproceedings{Rah14,
  title={An insight into the pull requests of github},
  author={Rahman, Mohammad Masudur and Roy, Chanchal K},
  booktitle={Proceedings of the 11th working conference on mining software repositories},
  pages={364--367},
  year={2014}
}
@inproceedings{Kova18,
  title={Mining file histories: Should we consider branches?},
  author={Kovalenko, Vladimir and Palomba, Fabio and Bacchelli, Alberto},
  booktitle={Proceedings of the 33rd ACM/IEEE International Conference on Automated Software Engineering},
  pages={202--213},
  year={2018}
}
@inproceedings{Guz14,
  title={Sentiment analysis of commit comments in GitHub: an empirical study},
  author={Guzman, Emitza and Az{\'o}car, David and Li, Yang},
  booktitle={Proceedings of the 11th working conference on mining software repositories},
  pages={352--355},
  year={2014}
}