
@article{schutt2017schnet,
  title = {{{SchNet}}: {{A}} Continuous-Filter Convolutional Neural Network for Modeling Quantum Interactions},
  shorttitle = {{{SchNet}}},
  author = {Sch{\"u}tt, Kristof T. and Kindermans, Pieter-Jan and Sauceda, Huziel E. and Chmiela, Stefan and Tkatchenko, Alexandre and M{\"u}ller, Klaus-Robert},
  year = {2017},
  month = dec,
  number = {arXiv:1706.08566},
  eprint = {1706.08566},
  primaryclass = {stat},
  publisher = {arXiv},
  doi = {10.48550/arXiv.1706.08566},
  urldate = {2025-01-29},
  archiveprefix = {arXiv},
  keywords = {Physics - Chemical Physics,Statistics - Machine Learning},
}

@misc{thomas2018tensor,
  title = {Tensor Field Networks: {{Rotation-}} and Translation-Equivariant Neural Networks for {{3D}} Point Clouds},
  shorttitle = {Tensor Field Networks},
  author = {Thomas, Nathaniel and Smidt, Tess and Kearnes, Steven and Yang, Lusann and Li, Li and Kohlhoff, Kai and Riley, Patrick},
  year = {2018},
  month = may,
  number = {arXiv:1802.08219},
  eprint = {1802.08219},
  primaryclass = {cs},
  publisher = {arXiv},
  doi = {10.48550/arXiv.1802.08219},
  urldate = {2025-01-29},
  archiveprefix = {arXiv},
  keywords = {Computer Science - Artificial Intelligence,Computer Science - Computer Vision and Pattern Recognition,Computer Science - Machine Learning,Computer Science - Neural and Evolutionary Computing},

}


@article{batzner2022nequip,
  title = {E(3)-{{Equivariant Graph Neural Networks}} for {{Data-Efficient}} and {{Accurate Interatomic Potentials}}},
  author = {Batzner, Simon and Musaelian, Albert and Sun, Lixin and Geiger, Mario and Mailoa, Jonathan P. and Kornbluth, Mordechai and Molinari, Nicola and Smidt, Tess E. and Kozinsky, Boris},
  year = {2022},
  month = may,
  journal = {Nature Communications},
  volume = {13},
  number = {1},
  eprint = {2101.03164},
  primaryclass = {physics},
  pages = {2453},
  issn = {2041-1723},
  doi = {10.1038/s41467-022-29939-5},
  urldate = {2025-01-29},
  archiveprefix = {arXiv},
  keywords = {Computer Science - Machine Learning,Condensed Matter - Materials Science,Physics - Computational Physics},
}

@misc{ruheCliffordGroupEquivariant2023b,
  title = {Clifford {{Group Equivariant Neural Networks}}},
  author = {Ruhe, David and Brandstetter, Johannes and Forr{\'e}, Patrick},
  year = {2023},
  month = oct,
  number = {arXiv:2305.11141},
  eprint = {2305.11141},
  publisher = {arXiv},
  doi = {10.48550/arXiv.2305.11141},
  urldate = {2024-11-29},
  archiveprefix = {arXiv},
  keywords = {Computer Science - Artificial Intelligence,Computer Science - Machine Learning},
}



@misc{ferdausKANICEKolmogorovArnoldNetworks2024,
  title = {{{KANICE}}: {{Kolmogorov-Arnold Networks}} with {{Interactive Convolutional Elements}}},
  shorttitle = {{{KANICE}}},
  author = {Ferdaus, Md Meftahul and Abdelguerfi, Mahdi and Ioup, Elias and Dobson, David and Niles, Kendall N. and Pathak, Ken and Sloan, Steven},
  year = {2024},
  month = oct,
  number = {arXiv:2410.17172},
  eprint = {2410.17172},
  primaryclass = {cs},
  publisher = {arXiv},
  doi = {10.48550/arXiv.2410.17172},
  urldate = {2025-01-29},
  archiveprefix = {arXiv},
  keywords = {Computer Science - Artificial Intelligence,Computer Science - Computer Vision and Pattern Recognition},
}



@inproceedings{hecht1987kolmogorov_remove,
  title={Kolmogorov's Mapping Neural Network Existence Theorem},
  author={Hecht-Nielsen, Robert},
  booktitle={Proceedings of the International Conference on Neural Networks},
  year={1987}
}

@inproceedings{zhang2020hybrid_remove,
  title={Hybrid KAN-CNN Architectures for Efficient Image Recognition},
  author={Zhang, Y. and Li, X. and Wang, Z.},
  booktitle={Advances in Neural Information Processing Systems (NeurIPS)},
  year={2020}
}

@article{kurkova1991kolmogorov,
  title={Kolmogorov's Theorem and Multilayer Neural Networks},
  author={Kůrková, Věra},
  journal={Neural Networks},
  volume={5},
  number={3},
  pages={501--506},
  year={1991},
  publisher={Elsevier}
}


@inproceedings{wang2023graph_remove,
  title={Graph Learning with KAN-Inspired Hybrid Models},
  author={Wang, R. and Sun, J. and Li, M.},
  booktitle={International Conference on Learning Representations (ICLR)},
  year={2023}
}

@article{kolmogorov1957representation_remove,
  title={On the Representation of Continuous Functions of Several Variables by Superposition of Continuous Functions of One Variable and Addition},
  author={Kolmogorov, Andrey N.},
  journal={Doklady Akademii Nauk SSSR},
  volume={114},
  pages={953--956},
  year={1957}
}

@article{arnold1959functions,
  title={On Functions of Three Variables},
  author={Arnold, Vladimir I.},
  journal={Doklady Akademii Nauk SSSR},
  volume={114},
  pages={679--681},
  year={1959}
}

@article{sprecher1965structure_remove,
  title={On the Structure of Continuous Functions of Several Variables},
  author={Sprecher, David A.},
  journal={Transactions of the American Mathematical Society},
  volume={115},
  pages={340--355},
  year={1965}
}

@book{lorentz1976approximation,
  title={Approximation of Functions},
  author={Lorentz, George G.},
  year={1976},
  publisher={Chelsea Publishing Company}
}

@inproceedings{wilanskyApproximationFunctions1968,
  title = {Approximation of {{Functions}}.},
  booktitle = {The {{American Mathematical Monthly}}},
  author = {Wilansky, Albert and Lorentz, G. G.},
  year = {1968},
  month = jun,
  volume = {75},
  eprint = {2313837},
  eprinttype = {jstor},
  pages = {698},
  issn = {00029890},
  doi = {10.2307/2313837},
  urldate = {2025-01-30},
}

