
@article{goldberg1984finding,
  title={Finding a maximum density subgraph},
  author={Goldberg, Andrew V},
  year={1984},
  publisher={University of California Berkeley}
}

@inproceedings{charikar2000greedy,
  title={Greedy approximation algorithms for finding dense components in a graph},
  author={Charikar, Moses},
  booktitle={APPROX},
  pages={84--95},
  year={2000},
}

@inproceedings{sintos2014using,
  title={Using strong triadic closure to characterize ties in social networks},
  author={Sintos, Stavros and Tsaparas, Panayiotis},
  booktitle={Proceedings of the 20th ACM SIGKDD international conference on Knowledge discovery and data mining},
  pages={1466--1475},
  year={2014}
}

@inproceedings{rozenshtein2017inferring,
  title={Inferring the strength of social ties: a community-driven approach},
  author={Rozenshtein, Polina and Tatti, Nikolaj and Gionis, Aristides},
  booktitle={Proceedings of the 23rd ACM SIGKDD International Conference on Knowledge Discovery and Data Mining},
  pages={1017--1025},
  year={2017}
}

@article{asahiro2000greedily,
  title={Greedily finding a dense subgraph},
  author={Asahiro, Yuichi and Iwama, Kazuo and Tamaki, Hisao and Tokuyama, Takeshi},
  journal={Journal of Algorithms},
  volume={34},
  number={2},
  pages={203--221},
  year={2000},
  publisher={Elsevier}
}

@inproceedings{oettershagen2022inferring,
  title={Inferring Tie Strength in Temporal Networks},
  author={Oettershagen, Lutz and Konstantinidis, Athanasios L and Italiano, Giuseppe F},
  booktitle={Joint European Conference on Machine Learning and Knowledge Discovery in Databases},
  pages={69--85},
  year={2022}
}


@article{konstantinidis2018strong,
  title={Strong triadic closure in cographs and graphs of low maximum degree},
  author={Konstantinidis, Athanasios L and Nikolopoulos, Stavros D and Papadopoulos, Charis},
  journal={Theoretical Computer Science},
  volume={740},
  pages={76--84},
  year={2018},
  publisher={Elsevier}
}

@article{konstantinidis2020maximizing,
  title={Maximizing the strong triadic closure in split graphs and proper interval graphs},
  author={Konstantinidis, Athanasios L and Papadopoulos, Charis},
  journal={Discrete Applied Mathematics},
  volume={285},
  pages={79--95},
  year={2020},
  publisher={Elsevier}
}

@article{matakos2022strengthening,
  title={Strengthening ties towards a highly-connected world},
  author={Matakos, Antonis and Gionis, Aristides},
  journal={Data mining and knowledge discovery},
  volume={36},
  number={1},
  pages={448--476},
  year={2022},
  publisher={Springer}
}

@article{adriaens2020relaxing,
  title={Relaxing the strong triadic closure problem for edge strength inference},
  author={Adriaens, Florian and De Bie, Tijl and Gionis, Aristides and Lijffijt, Jefrey and Matakos, Antonis and Rozenshtein, Polina},
  journal={Data Mining and Knowledge Discovery},
  volume={34},
  pages={611--651},
  year={2020},
  publisher={Springer}
}

@inproceedings{ivkovic1993fully,
  title={Fully dynamic maintenance of vertex cover},
  author={Ivkovi{\'c}, Zoran and Lloyd, Errol L},
  booktitle={International Workshop on Graph-Theoretic Concepts in Computer Science},
  pages={99--111},
  year={1993},
  organization={Springer}
}

@article{fredman1987fibonacci,
  title={Fibonacci heaps and their uses in improved network optimization algorithms},
  author={Fredman, Michael L and Tarjan, Robert Endre},
  journal={Journal of the ACM (JACM)},
  volume={34},
  number={3},
  pages={596--615},
  year={1987},
  publisher={ACM New York, NY, USA}
}

@book{kleinberg2005algorithm,
author = {Kleinberg, Jon and Tardos, Eva},
title = {Algorithm Design},
year = {2005},
isbn = {0321295358},
publisher = {Addison-Wesley Longman Publishing Co., Inc.},
address = {USA}
}

@article{pyatkin2019maximum,
  title={The maximum number of induced open triangles in graphs of a given order},
  author={Pyatkin, Artem and Lykhovyd, Eugene and Butenko, Sergiy},
  journal={Optimization Letters},
  volume={13},
  pages={1927--1935},
  year={2019},
  publisher={Springer}
}

@article{stoer1997simple,
  title={A simple min-cut algorithm},
  author={Stoer, Mechthild and Wagner, Frank},
  journal={Journal of the ACM (JACM)},
  volume={44},
  number={4},
  pages={585--591},
  year={1997},
  publisher={ACM New York, NY, USA}
}

@inproceedings{tsourakakis2015k,
  title={The k-clique densest subgraph problem},
  author={Tsourakakis, Charalampos},
  booktitle={WWW},
  pages={1122--1132},
  year={2015}
}

@article{semertzidis2019finding,
  title={Finding lasting dense subgraphs},
  author={Semertzidis, Konstantinos and Pitoura, Evaggelia and Terzi, Evimaria and Tsaparas, Panayiotis},
  journal={Data mining and knowledge discovery},
  volume={33},
  number={5},
  pages={1417--1445},
  year={2019},
  publisher={Springer}
}

@inproceedings{khuller2009finding,
  title={On finding dense subgraphs},
  author={Khuller, Samir and Saha, Barna},
  booktitle={International colloquium on automata, languages, and programming},
  pages={597--608},
  year={2009},
  organization={Springer}
}

@inproceedings{jethava2015finding,
  title={Finding dense subgraphs in relational graphs},
  author={Jethava, Vinay and Beerenwinkel, Niko},
  booktitle={Joint European Conference on Machine Learning and Knowledge Discovery in Databases},
  pages={641--654},
  year={2015},
}


@inproceedings{arachchi2023jaccarddsconf,
  title={Jaccard-Constrained Dense Subgraph Discovery},
  author={Wickrama Arachchi, Chamalee and Tatti, Nikolaj},
  booktitle={International Conference on Discovery Science},
  pages={508--522},
  year={2023},
  organization={Springer}
}

@inproceedings{nr2015,
     title={The Network Data Repository with Interactive Graph Analytics and Visualization},
     author={Ryan A. Rossi and Nesreen K. Ahmed},
     booktitle={AAAI},
     url={https://networkrepository.com},
     year={2015}
}

@inproceedings{bhattacharya2015space,
  title={Space-and time-efficient algorithm for maintaining dense subgraphs on one-pass dynamic streams},
  author={Bhattacharya, Sayan and Henzinger, Monika and Nanongkai, Danupon and Tsourakakis, Charalampos},
  booktitle={Proceedings of the forty-seventh annual ACM symposium on Theory of computing},
  pages={173--182},
  year={2015}
}

@article{gallai1967transitiv,
  title={Transitiv orientierbare graphen},
  author={Gallai, Tibor},
  journal={Acta Mathematica Hungarica},
  volume={18},
  number={1-2},
  pages={25--66},
  year={1967},
  publisher={Akad{\'e}miai Kiad{\'o}, co-published with Springer Science+ Business Media BV~â€¦}
}

@article{clarkson1983modification,
  title={A modification of the greedy algorithm for vertex cover},
  author={Clarkson, Kenneth L},
  journal={Information Processing Letters},
  volume={16},
  number={1},
  pages={23--25},
  year={1983},
  publisher={Elsevier}
}

@article{bar1981linear,
  title={A linear-time approximation algorithm for the weighted vertex cover problem},
  author={Bar-Yehuda, Reuven and Even, Shimon},
  journal={Journal of Algorithms},
  volume={2},
  number={2},
  pages={198--203},
  year={1981},
  publisher={Elsevier}
}

@book{cormen2022introduction,
  title={Introduction to algorithms},
  author={Cormen, Thomas H and Leiserson, Charles E and Rivest, Ronald L and Stein, Clifford},
  year={2022},
  publisher={MIT press}
}

@inproceedings{tsantarliotis2015topic,
  title={Topic Detection Using a Critical Term Graph on News-Related Tweets.},
  author={Tsantarliotis, Paraskevas and Pitoura, Evaggelia},
  booktitle={EDBT/ICDT Workshops},
  pages={177--182},
  year={2015}
}

@book{williamson2011design,
  title={The design of approximation algorithms},
  author={Williamson, David P and Shmoys, David B},
  year={2011},
  publisher={Cambridge university press}
}

@inproceedings{tang2008arnetminer,
  title={Arnetminer: extraction and mining of academic social networks},
  author={Tang, Jie and Zhang, Jing and Yao, Limin and Li, Juanzi and Zhang, Li and Su, Zhong},
  booktitle={KDD},
  pages={990--998},
  year={2008}
}

@inproceedings{orlin2013max,
  title={Max flows in O (nm) time, or better},
  author={Orlin, James B},
  booktitle={Proceedings of the forty-fifth annual ACM symposium on Theory of computing},
  pages={765--774},
  year={2013}
}

@Book{Schrijver1998,
  author    = {Schrijver, Alexander},
  publisher = {John Wiley \& Sons},
  title     = {Theory of Linear Integer Programming},
  year      = {1998},
  isbn      = {0471982326},
  month     = jun,
  ean       = {9780471982326},
  pagetotal = {484},
}

@inproceedings{karmarkar1984new,
  title={A new polynomial-time algorithm for linear programming},
  author={Karmarkar, Narendra},
  booktitle={Proceedings of the sixteenth annual ACM symposium on Theory of computing},
  pages={302--311},
  year={1984}
}

@article{reis2023subspace,
  title={The subspace flatness conjecture and faster integer programming},
  author={Reis, Victor and Rothvoss, Thomas},
  journal={arXiv preprint arXiv:2303.14605},
  year={2023}
}


@inproceedings{van2020deterministic,
  title={A deterministic linear program solver in current matrix multiplication time},
  author={van den Brand, Jan},
  booktitle={Proceedings of the Fourteenth Annual ACM-SIAM Symposium on Discrete Algorithms},
  pages={259--278},
  year={2020},
  organization={SIAM}
}

@article{dinkelbach1967nonlinear,
  title={On nonlinear fractional programming},
  author={Dinkelbach, Werner},
  journal={Management science},
  volume={13},
  number={7},
  pages={492--498},
  year={1967},
  publisher={INFORMS}
}

@inproceedings{zuckerman2006linear,
  title={Linear degree extractors and the inapproximability of max clique and chromatic number},
  author={Zuckerman, David},
  booktitle={Proceedings of the thirty-eighth annual ACM symposium on Theory of computing},
  pages={681--690},
  year={2006}
}

@article{arachchi2023jaccard,
  title={Jaccard-constrained dense subgraph discovery},
  author={Arachchi, Chamalee Wickrama and Tatti, Nikolaj},
  journal={arXiv preprint arXiv:2308.15936},
  year={2023}
}