@article{adriaens2020relaxing,
  title={Relaxing the strong triadic closure problem for edge strength inference},
  author={Adriaens, Florian and De Bie, Tijl and Gionis, Aristides and Lijffijt, Jefrey and Matakos, Antonis and Rozenshtein, Polina},
  journal={Data Mining and Knowledge Discovery},
  volume={34},
  pages={611--651},
  year={2020},
  publisher={Springer}
}

@article{arachchi2023jaccard,
  title={Jaccard-constrained dense subgraph discovery},
  author={Arachchi, Chamalee Wickrama and Tatti, Nikolaj},
  journal={arXiv preprint arXiv:2308.15936},
  year={2023}
}

@article{asahiro2000greedily,
  title={Greedily finding a dense subgraph},
  author={Asahiro, Yuichi and Iwama, Kazuo and Tamaki, Hisao and Tokuyama, Takeshi},
  journal={Journal of Algorithms},
  volume={34},
  number={2},
  pages={203--221},
  year={2000},
  publisher={Elsevier}
}

@inproceedings{bhattacharya2015space,
  title={Space-and time-efficient algorithm for maintaining dense subgraphs on one-pass dynamic streams},
  author={Bhattacharya, Sayan and Henzinger, Monika and Nanongkai, Danupon and Tsourakakis, Charalampos},
  booktitle={Proceedings of the forty-seventh annual ACM symposium on Theory of computing},
  pages={173--182},
  year={2015}
}

@inproceedings{charikar2000greedy,
  title={Greedy approximation algorithms for finding dense components in a graph},
  author={Charikar, Moses},
  booktitle={APPROX},
  pages={84--95},
  year={2000},
}

@article{clarkson1983modification,
  title={A modification of the greedy algorithm for vertex cover},
  author={Clarkson, Kenneth L},
  journal={Information Processing Letters},
  volume={16},
  number={1},
  pages={23--25},
  year={1983},
  publisher={Elsevier}
}

@article{goldberg1984finding,
  title={Finding a maximum density subgraph},
  author={Goldberg, Andrew V},
  year={1984},
  publisher={University of California Berkeley}
}

@inproceedings{jethava2015finding,
  title={Finding dense subgraphs in relational graphs},
  author={Jethava, Vinay and Beerenwinkel, Niko},
  booktitle={Joint European Conference on Machine Learning and Knowledge Discovery in Databases},
  pages={641--654},
  year={2015},
}

@inproceedings{khuller2009finding,
  title={On finding dense subgraphs},
  author={Khuller, Samir and Saha, Barna},
  booktitle={International colloquium on automata, languages, and programming},
  pages={597--608},
  year={2009},
  organization={Springer}
}

@article{konstantinidis2018strong,
  title={Strong triadic closure in cographs and graphs of low maximum degree},
  author={Konstantinidis, Athanasios L and Nikolopoulos, Stavros D and Papadopoulos, Charis},
  journal={Theoretical Computer Science},
  volume={740},
  pages={76--84},
  year={2018},
  publisher={Elsevier}
}

@article{konstantinidis2020maximizing,
  title={Maximizing the strong triadic closure in split graphs and proper interval graphs},
  author={Konstantinidis, Athanasios L and Papadopoulos, Charis},
  journal={Discrete Applied Mathematics},
  volume={285},
  pages={79--95},
  year={2020},
  publisher={Elsevier}
}

@article{matakos2022strengthening,
  title={Strengthening ties towards a highly-connected world},
  author={Matakos, Antonis and Gionis, Aristides},
  journal={Data mining and knowledge discovery},
  volume={36},
  number={1},
  pages={448--476},
  year={2022},
  publisher={Springer}
}

@inproceedings{oettershagen2022inferring,
  title={Inferring Tie Strength in Temporal Networks},
  author={Oettershagen, Lutz and Konstantinidis, Athanasios L and Italiano, Giuseppe F},
  booktitle={Joint European Conference on Machine Learning and Knowledge Discovery in Databases},
  pages={69--85},
  year={2022}
}

@inproceedings{rozenshtein2017inferring,
  title={Inferring the strength of social ties: a community-driven approach},
  author={Rozenshtein, Polina and Tatti, Nikolaj and Gionis, Aristides},
  booktitle={Proceedings of the 23rd ACM SIGKDD International Conference on Knowledge Discovery and Data Mining},
  pages={1017--1025},
  year={2017}
}

@article{semertzidis2019finding,
  title={Finding lasting dense subgraphs},
  author={Semertzidis, Konstantinos and Pitoura, Evaggelia and Terzi, Evimaria and Tsaparas, Panayiotis},
  journal={Data mining and knowledge discovery},
  volume={33},
  number={5},
  pages={1417--1445},
  year={2019},
  publisher={Springer}
}

@inproceedings{sintos2014using,
  title={Using strong triadic closure to characterize ties in social networks},
  author={Sintos, Stavros and Tsaparas, Panayiotis},
  booktitle={Proceedings of the 20th ACM SIGKDD international conference on Knowledge discovery and data mining},
  pages={1466--1475},
  year={2014}
}

@inproceedings{tsourakakis2015k,
  title={The k-clique densest subgraph problem},
  author={Tsourakakis, Charalampos},
  booktitle={WWW},
  pages={1122--1132},
  year={2015}
}

