@article{Jiang2024MANTISIM,
  title={MANTIS: Interleaved Multi-Image Instruction Tuning},
  author={Dongfu Jiang and Xuan He and Huaye Zeng and Cong Wei and Max W.F. Ku and Qian Liu and Wenhu Chen},
  journal={Transactions on Machine Learning Research},
  year={2024},
  volume={2024},
  url={https://openreview.net/forum?id=skLtdUVaJa}
}

@misc{bitton2022vasrvisualanalogiessituation,
      title={VASR: Visual Analogies of Situation Recognition}, 
      author={Yonatan Bitton and Ron Yosef and Eli Strugo and Dafna Shahaf and Roy Schwartz and Gabriel Stanovsky},
      year={2022},
      eprint={2212.04542},
      archivePrefix={arXiv},
      primaryClass={cs.CV},
      url={https://arxiv.org/abs/2212.04542}, 
}

@misc{brown2020languagemodelsfewshotlearners,
      title={Language Models are Few-Shot Learners}, 
      author={Tom B. Brown and Benjamin Mann and Nick Ryder and Melanie Subbiah and Jared Kaplan and Prafulla Dhariwal and Arvind Neelakantan and Pranav Shyam and Girish Sastry and Amanda Askell and Sandhini Agarwal and Ariel Herbert-Voss and Gretchen Krueger and Tom Henighan and Rewon Child and Aditya Ramesh and Daniel M. Ziegler and Jeffrey Wu and Clemens Winter and Christopher Hesse and Mark Chen and Eric Sigler and Mateusz Litwin and Scott Gray and Benjamin Chess and Jack Clark and Christopher Berner and Sam McCandlish and Alec Radford and Ilya Sutskever and Dario Amodei},
      year={2020},
      eprint={2005.14165},
      archivePrefix={arXiv},
      primaryClass={cs.CL},
      url={https://arxiv.org/abs/2005.14165}, 
}

@inproceedings{chang2020procedure,
  title={Procedure planning in instructional videos},
  author={Chang, Chien-Yi and Huang, De-An and Xu, Danfei and Adeli, Ehsan and Fei-Fei, Li and Niebles, Juan Carlos},
  booktitle={European Conference on Computer Vision},
  pages={334--350},
  year={2020},
  organization={Springer}
}

@inproceedings{gokhale2019cooking,
  title={Cooking with blocks: A recipe for visual reasoning on image-pairs},
  author={Gokhale, Tejas and Sampat, Shailaja and Fang, Zhiyuan and Yang, Yezhou and Baral, Chitta},
  booktitle={Proceedings of the IEEE/CVF Conference on Computer Vision and Pattern Recognition Workshops},
  pages={5--8},
  year={2019}
}

@misc{jiang2024marvelmultidimensionalabstractionreasoning,
      title={MARVEL: Multidimensional Abstraction and Reasoning through Visual Evaluation and Learning}, 
      author={Yifan Jiang and Jiarui Zhang and Kexuan Sun and Zhivar Sourati and Kian Ahrabian and Kaixin Ma and Filip Ilievski and Jay Pujara},
      year={2024},
      eprint={2404.13591},
      archivePrefix={arXiv},
      primaryClass={cs.CV},
      url={https://arxiv.org/abs/2404.13591}, 
}

@misc{kil2024compbenchcomparativereasoningbenchmark,
      title={CompBench: A Comparative Reasoning Benchmark for Multimodal LLMs}, 
      author={Jihyung Kil and Zheda Mai and Justin Lee and Zihe Wang and Kerrie Cheng and Lemeng Wang and Ye Liu and Arpita Chowdhury and Wei-Lun Chao},
      year={2024},
      eprint={2407.16837},
      archivePrefix={arXiv},
      primaryClass={cs.CV},
      url={https://arxiv.org/abs/2407.16837}, 
}

@article{kojima2022large,
  title={Large language models are zero-shot reasoners},
  author={Kojima, Takeshi and Gu, Shixiang Shane and Reid, Machel and Matsuo, Yutaka and Iwasawa, Yusuke},
  journal={arXiv preprint arXiv:2205.11916},
  year={2022}
}

@inproceedings{lu2022learn,
    title={Learn to Explain: Multimodal Reasoning via Thought Chains for Science Question Answering},
    author={Lu, Pan and Mishra, Swaroop and Xia, Tony and Qiu, Liang and Chang, Kai-Wei and Zhu, Song-Chun and Tafjord, Oyvind and Clark, Peter and Ashwin Kalyan},
    booktitle={The 36th Conference on Neural Information Processing Systems (NeurIPS)},
    year={2022}
}

@misc{nie2024mmrelrelationunderstandingdataset,
      title={MMRel: A Relation Understanding Dataset and Benchmark in the MLLM Era}, 
      author={Jiahao Nie and Gongjie Zhang and Wenbin An and Yap-Peng Tan and Alex C. Kot and Shijian Lu},
      year={2024},
      eprint={2406.09121},
      archivePrefix={arXiv},
      primaryClass={cs.CV},
      url={https://arxiv.org/abs/2406.09121}, 
}

@book{raven1938progressive,
  title     = {Raven's Progressive Matrices},
  author    = {John Raven and J. C. Raven and J. H. Court and Psychological Corporation and J. C. Raven and others},
  year      = {1938},
  publisher = {Western Psychological Services}
}

@misc{sadeghi2015visalogyansweringvisualanalogy,
      title={VISALOGY: Answering Visual Analogy Questions}, 
      author={Fereshteh Sadeghi and C. Lawrence Zitnick and Ali Farhadi},
      year={2015},
      eprint={1510.08973},
      archivePrefix={arXiv},
      primaryClass={cs.CV},
      url={https://arxiv.org/abs/1510.08973}, 
}

@misc{schwenk2022aokvqabenchmarkvisualquestion,
      title={A-OKVQA: A Benchmark for Visual Question Answering using World Knowledge}, 
      author={Dustin Schwenk and Apoorv Khandelwal and Christopher Clark and Kenneth Marino and Roozbeh Mottaghi},
      year={2022},
      eprint={2206.01718},
      archivePrefix={arXiv},
      primaryClass={cs.CV},
      url={https://arxiv.org/abs/2206.01718}, 
}

@misc{shao2024visualcotadvancingmultimodal,
      title={Visual CoT: Advancing Multi-Modal Language Models with a Comprehensive Dataset and Benchmark for Chain-of-Thought Reasoning}, 
      author={Hao Shao and Shengju Qian and Han Xiao and Guanglu Song and Zhuofan Zong and Letian Wang and Yu Liu and Hongsheng Li},
      year={2024},
      eprint={2403.16999},
      archivePrefix={arXiv},
      primaryClass={cs.CV},
      url={https://arxiv.org/abs/2403.16999}, 
}

@inproceedings{su2024actplan,
  title={ActPlan-1K: Benchmarking the Procedural Planning Ability of Visual Language Models in Household Activities},
  author={Su, Ying and Ling, Zhan and Shi, Haochen and Jiayang, Cheng and Yim, Yauwai and Song, Yangqiu},
  booktitle={Proceedings of the 2024 Conference on Empirical Methods in Natural Language Processing},
  pages={14953--14965},
  year={2024}
}

@misc{wang2024measuringmultimodalmathematicalreasoning,
      title={Measuring Multimodal Mathematical Reasoning with MATH-Vision Dataset}, 
      author={Ke Wang and Junting Pan and Weikang Shi and Zimu Lu and Mingjie Zhan and Hongsheng Li},
      year={2024},
      eprint={2402.14804},
      archivePrefix={arXiv},
      primaryClass={cs.CV},
      url={https://arxiv.org/abs/2402.14804}, 
}

@misc{wang2024muirbenchcomprehensivebenchmarkrobust,
      title={MuirBench: A Comprehensive Benchmark for Robust Multi-image Understanding}, 
      author={Fei Wang and Xingyu Fu and James Y. Huang and Zekun Li and Qin Liu and Xiaogeng Liu and Mingyu Derek Ma and Nan Xu and Wenxuan Zhou and Kai Zhang and Tianyi Lorena Yan and Wenjie Jacky Mo and Hsiang-Hui Liu and Pan Lu and Chunyuan Li and Chaowei Xiao and Kai-Wei Chang and Dan Roth and Sheng Zhang and Hoifung Poon and Muhao Chen},
      year={2024},
      eprint={2406.09411},
      archivePrefix={arXiv},
      primaryClass={cs.CV},
      url={https://arxiv.org/abs/2406.09411}, 
}

@misc{wang2024videocotvideochainofthoughtdataset,
      title={VideoCoT: A Video Chain-of-Thought Dataset with Active Annotation Tool}, 
      author={Yan Wang and Yawen Zeng and Jingsheng Zheng and Xiaofen Xing and Jin Xu and Xiangmin Xu},
      year={2024},
      eprint={2407.05355},
      archivePrefix={arXiv},
      primaryClass={cs.CV},
      url={https://arxiv.org/abs/2407.05355}, 
}

@article{wei2022chain,
  title={Chain of Thought Prompting Elicits Reasoning in Large Language Models},
  author={Wei, Jason and Wang, Xuezhi and Schuurmans, Dale and Bosma, Maarten and Chi, Ed H. and Le, Quoc V. and Zhou, Denny},
  journal={arXiv preprint arXiv:2201.11903},
  year={2022}
}

@misc{xiao2024logicvistamultimodalllmlogical,
      title={LogicVista: Multimodal LLM Logical Reasoning Benchmark in Visual Contexts}, 
      author={Yijia Xiao and Edward Sun and Tianyu Liu and Wei Wang},
      year={2024},
      eprint={2407.04973},
      archivePrefix={arXiv},
      primaryClass={cs.AI},
      url={https://arxiv.org/abs/2407.04973}, 
}

@article{yue2024mmmu,
  title={MMMU-Pro: A More Robust Multi-discipline Multimodal Understanding Benchmark},
  author={Yue, Xiang and Zheng, Tianyu and Ni, Yuansheng and Wang, Yubo and Zhang, Kai and Tong, Shengbang and Sun, Yuxuan and Yin, Ming and Yu, Botao and Zhang, Ge and others},
  journal={arXiv preprint arXiv:2409.02813},
  year={2024}
}

@misc{zhang2024multimodalchainofthoughtreasoninglanguage,
      title={Multimodal Chain-of-Thought Reasoning in Language Models}, 
      author={Zhuosheng Zhang and Aston Zhang and Mu Li and Hai Zhao and George Karypis and Alex Smola},
      year={2024},
      eprint={2302.00923},
      archivePrefix={arXiv},
      primaryClass={cs.CL},
      url={https://arxiv.org/abs/2302.00923}, 
}

@article{zhao2024mirb,
  author    = {Bingchen Zhao and Yongshuo Zong and Letian Zhang and Timothy Hospedales},
  title     = {Benchmarking Multi-Image Understanding in Vision and Language Models: Perception, Knowledge, Reasoning, and Multi-Hop Reasoning},
  journal   = {arXiv preprint},
  year      = {2024},
}

@misc{zhou2023leasttomostpromptingenablescomplex,
      title={Least-to-Most Prompting Enables Complex Reasoning in Large Language Models}, 
      author={Denny Zhou and Nathanael Sch√§rli and Le Hou and Jason Wei and Nathan Scales and Xuezhi Wang and Dale Schuurmans and Claire Cui and Olivier Bousquet and Quoc Le and Ed Chi},
      year={2023},
      eprint={2205.10625},
      archivePrefix={arXiv},
      primaryClass={cs.AI},
      url={https://arxiv.org/abs/2205.10625}, 
}

@misc{zhu2024scanreasonempowering3dvisual,
      title={ScanReason: Empowering 3D Visual Grounding with Reasoning Capabilities}, 
      author={Chenming Zhu and Tai Wang and Wenwei Zhang and Kai Chen and Xihui Liu},
      year={2024},
      eprint={2407.01525},
      archivePrefix={arXiv},
      primaryClass={cs.CV},
      url={https://arxiv.org/abs/2407.01525}, 
}

