% Use this file for citations not found in the ACL Anthology (contained in "anthology.bib").
@article{achiam2023gpt,
  title={Gpt-4 technical report},
  author={Achiam, Josh and Adler, Steven and Agarwal, Sandhini and Ahmad, Lama and Akkaya, Ilge and Aleman, Florencia Leoni and Almeida, Diogo and Altenschmidt, Janko and Altman, Sam and Anadkat, Shyamal and others},
  journal={arXiv preprint arXiv:2303.08774},
  year={2023}
}

@article{yang2024qwen2,
  title={Qwen2 technical report},
  author={Yang, An and Yang, Baosong and Hui, Binyuan and Zheng, Bo and Yu, Bowen and Zhou, Chang and Li, Chengpeng and Li, Chengyuan and Liu, Dayiheng and Huang, Fei and others},
  journal={arXiv preprint arXiv:2407.10671},
  year={2024}
}

@article{touvron2023llama,
  title={Llama 2: Open foundation and fine-tuned chat models},
  author={Touvron, Hugo and Martin, Louis and Stone, Kevin and Albert, Peter and Almahairi, Amjad and Babaei, Yasmine and Bashlykov, Nikolay and Batra, Soumya and Bhargava, Prajjwal and Bhosale, Shruti and others},
  journal={arXiv preprint arXiv:2307.09288},
  year={2023}
}



@article{devlin2018bert,
  title={Bert: Pre-training of deep bidirectional transformers for language understanding},
  author={Devlin, Jacob},
  journal={arXiv preprint arXiv:1810.04805},
  year={2018}
}

@article{lewis2019bart,
  title={Bart: Denoising sequence-to-sequence pre-training for natural language generation, translation, and comprehension},
  author={Lewis, M},
  journal={arXiv preprint arXiv:1910.13461},
  year={2019}
}

@article{karpukhin2020dense,
  title={Dense passage retrieval for open-domain question answering},
  author={Karpukhin, Vladimir and O{\u{g}}uz, Barlas and Min, Sewon and Lewis, Patrick and Wu, Ledell and Edunov, Sergey and Chen, Danqi and Yih, Wen-tau},
  journal={arXiv preprint arXiv:2004.04906},
  year={2020}
}

@article{ni2024large,
  title={Are Large Language Models More Honest in Their Probabilistic or Verbalized Confidence?},
  author={Ni, Shiyu and Bi, Keping and Yu, Lulu and Guo, Jiafeng},
  journal={arXiv preprint arXiv:2408.09773},
  year={2024}
}

@article{kwiatkowski2019natural,
  title={Natural questions: a benchmark for question answering research},
  author={Kwiatkowski, Tom and Palomaki, Jennimaria and Redfield, Olivia and Collins, Michael and Parikh, Ankur and Alberti, Chris and Epstein, Danielle and Polosukhin, Illia and Devlin, Jacob and Lee, Kenton and others},
  journal={Transactions of the Association for Computational Linguistics},
  volume={7},
  pages={453--466},
  year={2019},
  publisher={MIT Press One Rogers Street, Cambridge, MA 02142-1209, USA journals-info~…}
}

@article{yang2018hotpotqa,
  title={HotpotQA: A dataset for diverse, explainable multi-hop question answering},
  author={Yang, Zhilin and Qi, Peng and Zhang, Saizheng and Bengio, Yoshua and Cohen, William W and Salakhutdinov, Ruslan and Manning, Christopher D},
  journal={arXiv preprint arXiv:1809.09600},
  year={2018}
}

@article{ni2024llms,
  title={When Do LLMs Need Retrieval Augmentation? Mitigating LLMs' Overconfidence Helps Retrieval Augmentation},
  author={Ni, Shiyu and Bi, Keping and Guo, Jiafeng and Cheng, Xueqi},
  journal={arXiv preprint arXiv:2402.11457},
  year={2024}
}

@article{hendrycks2020measuring,
  title={Measuring massive multitask language understanding},
  author={Hendrycks, Dan and Burns, Collin and Basart, Steven and Zou, Andy and Mazeika, Mantas and Song, Dawn and Steinhardt, Jacob},
  journal={arXiv preprint arXiv:2009.03300},
  year={2020}
}

@article{su2024unsupervised,
  title={Unsupervised real-time hallucination detection based on the internal states of large language models},
  author={Su, Weihang and Wang, Changyue and Ai, Qingyao and Hu, Yiran and Wu, Zhijing and Zhou, Yujia and Liu, Yiqun},
  journal={arXiv preprint arXiv:2403.06448},
  year={2024}
}

@article{wei2022chain,
  title={Chain-of-thought prompting elicits reasoning in large language models},
  author={Wei, Jason and Wang, Xuezhi and Schuurmans, Dale and Bosma, Maarten and Xia, Fei and Chi, Ed and Le, Quoc V and Zhou, Denny and others},
  journal={Advances in neural information processing systems},
  volume={35},
  pages={24824--24837},
  year={2022}
}

@article{sprague2024cot,
  title={To CoT or not to CoT? Chain-of-thought helps mainly on math and symbolic reasoning},
  author={Sprague, Zayne and Yin, Fangcong and Rodriguez, Juan Diego and Jiang, Dongwei and Wadhwa, Manya and Singhal, Prasann and Zhao, Xinyu and Ye, Xi and Mahowald, Kyle and Durrett, Greg},
  journal={arXiv preprint arXiv:2409.12183},
  year={2024}
}

% prob-based
@inproceedings{guo2017calibration,
  title={On calibration of modern neural networks},
  author={Guo, Chuan and Pleiss, Geoff and Sun, Yu and Weinberger, Kilian Q},
  booktitle={International conference on machine learning},
  pages={1321--1330},
  year={2017},
  organization={PMLR}
}

@article{desai2020calibration,
  title={Calibration of pre-trained transformers},
  author={Desai, Shrey and Durrett, Greg},
  journal={arXiv preprint arXiv:2003.07892},
  year={2020}
}

@article{jiang2021can,
  title={How can we know when language models know? on the calibration of language models for question answering},
  author={Jiang, Zhengbao and Araki, Jun and Ding, Haibo and Neubig, Graham},
  journal={Transactions of the Association for Computational Linguistics},
  volume={9},
  pages={962--977},
  year={2021},
  publisher={MIT Press One Rogers Street, Cambridge, MA 02142-1209, USA journals-info~…}
}

@article{kadavath2022language,
  title={Language models (mostly) know what they know},
  author={Kadavath, Saurav and Conerly, Tom and Askell, Amanda and Henighan, Tom and Drain, Dawn and Perez, Ethan and Schiefer, Nicholas and Hatfield-Dodds, Zac and DasSarma, Nova and Tran-Johnson, Eli and others},
  journal={arXiv preprint arXiv:2207.05221},
  year={2022}
}

@article{si2022prompting,
  title={Prompting gpt-3 to be reliable},
  author={Si, Chenglei and Gan, Zhe and Yang, Zhengyuan and Wang, Shuohang and Wang, Jianfeng and Boyd-Graber, Jordan and Wang, Lijuan},
  journal={arXiv preprint arXiv:2210.09150},
  year={2022}
}

@article{kuhn2023semantic,
  title={Semantic uncertainty: Linguistic invariances for uncertainty estimation in natural language generation},
  author={Kuhn, Lorenz and Gal, Yarin and Farquhar, Sebastian},
  journal={arXiv preprint arXiv:2302.09664},
  year={2023}
}

% verbalized
@article{lin2022teaching,
  title={Teaching models to express their uncertainty in words},
  author={Lin, Stephanie and Hilton, Jacob and Evans, Owain},
  journal={arXiv preprint arXiv:2205.14334},
  year={2022}
}

@article{yin2023large,
  title={Do Large Language Models Know What They Don't Know?},
  author={Yin, Zhangyue and Sun, Qiushi and Guo, Qipeng and Wu, Jiawen and Qiu, Xipeng and Huang, Xuanjing},
  journal={arXiv preprint arXiv:2305.18153},
  year={2023}
}

@article{tian2023just,
  title={Just ask for calibration: Strategies for eliciting calibrated confidence scores from language models fine-tuned with human feedback},
  author={Tian, Katherine and Mitchell, Eric and Zhou, Allan and Sharma, Archit and Rafailov, Rafael and Yao, Huaxiu and Finn, Chelsea and Manning, Christopher D},
  journal={arXiv preprint arXiv:2305.14975},
  year={2023}
}

@article{xiong2023can,
  title={Can llms express their uncertainty? an empirical evaluation of confidence elicitation in llms},
  author={Xiong, Miao and Hu, Zhiyuan and Lu, Xinyang and Li, Yifei and Fu, Jie and He, Junxian and Hooi, Bryan},
  journal={arXiv preprint arXiv:2306.13063},
  year={2023}
}

@article{yang2023alignment,
  title={Alignment for honesty},
  author={Yang, Yuqing and Chern, Ethan and Qiu, Xipeng and Neubig, Graham and Liu, Pengfei},
  journal={arXiv preprint arXiv:2312.07000},
  year={2023}
}

% hidden state
@article{azaria2023internal,
  title={The internal state of an LLM knows when it's lying},
  author={Azaria, Amos and Mitchell, Tom},
  journal={arXiv preprint arXiv:2304.13734},
  year={2023}
}

@inproceedings{slobodkin2023curious,
  title={The curious case of hallucinatory (un) answerability: Finding truths in the hidden states of over-confident large language models},
  author={Slobodkin, Aviv and Goldman, Omer and Caciularu, Avi and Dagan, Ido and Ravfogel, Shauli},
  booktitle={Proceedings of the 2023 Conference on Empirical Methods in Natural Language Processing},
  pages={3607--3625},
  year={2023}
}

@article{chen2024inside,
  title={INSIDE: LLMs' Internal States Retain the Power of Hallucination Detection},
  author={Chen, Chao and Liu, Kai and Chen, Ze and Gu, Yi and Wu, Yue and Tao, Mingyuan and Fu, Zhihang and Ye, Jieping},
  journal={arXiv preprint arXiv:2402.03744},
  year={2024}
}

@article{wang2024hidden,
  title={Hidden Question Representations Tell Non-Factuality Within and Across Large Language Models},
  author={Wang, Yanling and Li, Haoyang and Zou, Hao and Zhang, Jing and He, Xinlei and Li, Qi and Xu, Ke},
  journal={arXiv preprint arXiv:2406.05328},
  year={2024}
}



@article{dubey2024llama,
  title={The llama 3 herd of models},
  author={Dubey, Abhimanyu and Jauhri, Abhinav and Pandey, Abhinav and Kadian, Abhishek and Al-Dahle, Ahmad and Letman, Aiesha and Mathur, Akhil and Schelten, Alan and Yang, Amy and Fan, Angela and others},
  journal={arXiv preprint arXiv:2407.21783},
  year={2024}
}