@inproceedings{garg2013geo,
  title={Geo-location estimation from electrical network frequency signals},
  author={Garg, R. and Hajj-Ahmad, A. and Wu, M.},
  booktitle={Proc. of the IEEE International Conference on Acoustics, Speech and Signal Processing (ICASSP)},
  pages={2862--2866},
  year={2013}
}

@misc{garg2021,
      title={Feasibility Study on Intra-Grid Location Estimation Using Power {ENF} Signals}, 
      author={Garg, R. and Hajj-Ahmad, A. and Wu, M.},
      year={2021},
      note={arXiv:2105.00668}     
}

@article{grigoras2005digital,
  title={Digital audio recording analysis--the electric network frequency criterion},
  author={Grigoras, C.},
  journal={International Journal of Speech Language and the Law},
  volume={12},
  number={1},
  pages={63--76},
  year={2005}
}

@article{hajj2015,
  title={{ENF}-based region-of-recording identification for media signals},
  author={Hajj-Ahmad, A. and Garg, R. and Wu, M.},
  journal={IEEE Transactions on Information Forensics and Security},
  volume={10},
  number={6},
  pages={1125--1136},
  year={2015}
}

@article{li2024advanced,
  title={Advanced ENF Region Classification Using UniTS-SinSpec: A Novel Approach Integrating Sinusoidal Activation Function and Spectral Attention},
  author={Li, Y. and Lu, T. and Zeng, G. and Zhao, K. and Peng, S.},
  journal={Applied Sciences},
  volume={14},
  number={19},
  pages={9081},
  year={2024},
  publisher={MDPI}
}

@article{sarkar2019application,
  title={Application of electrical network frequency of digital recordings for location-stamp verification},
  author={Sarkar, M. and Chowdhury, D. and Shahnaz, C. and Fattah, S. A.},
  journal={Applied Sciences},
  volume={9},
  number={15},
  pages={3135},
  year={2019},
  publisher={MDPI}
}

@inproceedings{vsaric2016improving,
  title={Improving location of recording classification using electric network frequency ({ENF}) analysis},
  author={{\v{S}}ari{\'c}, {\v{Z}}. and {\v{Z}}uni{\'c}, A. and Zrni{\'c}, T. and Kne{\v{z}}evi{\'c}, M. and Despotovi{\'c}, D. and Deli{\'c}, T.},
  booktitle={Proc. of the IEEE International Symposium on Intelligent Systems and Informatics},
  pages={51--56},
  year={2016}
}

@article{yao2017source,
  title={Source location identification of distribution-level electric network frequency signals at multiple geographic scales},
  author={Yao, W. and others},
  journal={IEEE Access},
  volume={5},
  pages={11166--11175},
  year={2017}
}

