% cited
@ARTICLE{sp2016,
  author={Wu, M. and Hajj-Ahmad, A. and Kirchner, M. and Ren, Y. and Zhang, C. and Campisi, P.},
  journal={IEEE Signal Processing Magazine}, 
  title={Location Signatures That You Don't See: Highlights from the {IEEE {Signal Processing Cup}} Student Competition}, 
  year={2016},
  volume={33},
  number={5},
      pages={149-156},
  doi={10.1109/MSP.2016.2581738}
}

@article{grigoras2005digital,
  title={Digital audio recording analysis--the electric network frequency criterion},
  author={Grigoras, C.},
  journal={International Journal of Speech Language and the Law},
  volume={12},
  number={1},
  pages={63--76},
  year={2005}
}

@inproceedings{garg2013geo,
  title={Geo-location estimation from electrical network frequency signals},
  author={Garg, R. and Hajj-Ahmad, A. and Wu, M.},
  booktitle={Proc. of the IEEE International Conference on Acoustics, Speech and Signal Processing (ICASSP)},
  pages={2862--2866},
  year={2013}
}

@article{yao2017source,
  title={Source location identification of distribution-level electric network frequency signals at multiple geographic scales},
  author={Yao, W. and others},
  journal={IEEE Access},
  volume={5},
  pages={11166--11175},
  year={2017}
}

@article{sarkar2019application,
  title={Application of electrical network frequency of digital recordings for location-stamp verification},
  author={Sarkar, M. and Chowdhury, D. and Shahnaz, C. and Fattah, S. A.},
  journal={Applied Sciences},
  volume={9},
  number={15},
  pages={3135},
  year={2019},
  publisher={MDPI}
}

@techreport{triantafyllopoulos2016exploring,
  author      = {Triantafyllopoulos, A. and others},
  title       = {Exploring Power Signatures for Location Forensics of Media Recordings},
  institution = {University of Patras, Greece},
  year        = {2016},
  note        = {{Signal Processing Cup}}
}

@article{ohib2017enf,
  title={{ENF} Based Grid Classification System: Identifying the Region of Origin of Digital Recordings},
  author={Ohib, R. and Arnob, S. Y. and Arefin, R. and Amin, M. and Reza, T.},
  journal={Criterion},
  volume={3},
  number={4},
  pages={5},
  year={2017}
}

@article{el2005anovel,
  title={A Novel {ENF} extraction approach for region-of-recording identification of media recordings},
  author={El Helou, M. and Turkmani, A. W. and Chanouha, R. and Charbaji, S.},
  journal={Forensic Science International},
  volume={155},
  number={2-3},
  pages={165},
  year={2005}
}

@techreport{despotovic2016exploring,
  author      = {Despotovi{\'c}, D. and others},
  title       = {Exploring Power Signatures for Location Forensics of Media Recordings},
  institution = {University of Novi Sad, Serbia},
  year        = {2016},
  note        = {{Signal Processing Cup}}
}

@techreport{zhou2016geographic,
  title={Geographic location estimation from {ENF} signals with high accuracy},
  author={Zhou, H. and and others},
  institution = {University of Science and Technology of China},
  year        = {2016},
  note        = {{Signal Processing Cup}}
}

@misc{SPCup2016,
  author       = {Hajj-Ahmad, A.},
  title        = {{ENF} Power Frequency Data for Location Forensics},
  howpublished = {\url{https://dx.doi.org/10.21227/H2159S}},
  month        = {August},
  year         = {2016},
  note         = {{Signal Processing Cup}}
}

@techreport{chow2016multi-harmonic,
  title={Multi-harmonic histogram comparison},
  author={Chow, C. and others},
  institution ={Purdue University},
  year        = {2016},
  note        = {{Signal Processing Cup}}
}


@article{vatansever2019,
    title={Analysis of rolling shutter effect on {ENF}-based video forensics},
    author={Vatansever, S. and Dirik, A. E. and Memon, N.},
    journal={IEEE Transactions on Information Forensics and Security},
    volume={14},
    number={9},
    pages={2262--2275},
    year={2019}
}
@inproceedings{hua2018,
    title={Error analysis of forensic {ENF} matching},
    author={Hua, G.},
    booktitle={Proc. of the IEEE International Workshop on Information Forensics and Security (WIFS},
    pages={1--7},
    year={2018}
}
@article{zheng2017,
    title={Time-of-recording estimation for audio recordings},
    author={Zheng, L. and Zhang, Y. and Lee, C. E. and Thing, V. L. L.},
    journal={Digital Investigation},
    volume={22},
    pages={S115--S126},
    year={2017}
}
@article{hua2014,
    title={A dynamic matching algorithm for audio timestamp identification using the {ENF} criterion},
    author={Hua, G. and Goh, J. and Thing, V. L.L.},
    journal={IEEE Transactions on Information Forensics and Security},
    volume={9},
    number={7},
    pages={1045--1055},
    year={2014}
}

@misc{garg2021,
      title={Feasibility Study on Intra-Grid Location Estimation Using Power {ENF} Signals}, 
      author={Garg, R. and Hajj-Ahmad, A. and Wu, M.},
      year={2021},
      note={arXiv:2105.00668}     
}

@inproceedings{vsaric2016improving,
  title={Improving location of recording classification using electric network frequency ({ENF}) analysis},
  author={{\v{S}}ari{\'c}, {\v{Z}}. and {\v{Z}}uni{\'c}, A. and Zrni{\'c}, T. and Kne{\v{z}}evi{\'c}, M. and Despotovi{\'c}, D. and Deli{\'c}, T.},
  booktitle={Proc. of the IEEE International Symposium on Intelligent Systems and Informatics},
  pages={51--56},
  year={2016}
}

@article{hajj2015,
  title={{ENF}-based region-of-recording identification for media signals},
  author={Hajj-Ahmad, A. and Garg, R. and Wu, M.},
  journal={IEEE Transactions on Information Forensics and Security},
  volume={10},
  number={6},
  pages={1125--1136},
  year={2015}
}
@article{elmesalawy2014,
  title={New forensic {ENF} reference database for media recording authentication based on harmony search technique using {GIS} and wide area frequency measurements},
  author={Elmesalawy, M. M. and Eissa, M. M.},
  journal={IEEE Transactions on Information Forensics and Security},
  volume={9},
  number={4},
  pages={633--644},
  year={2014}
}
@book{bollen2006,
  title={Signal Processing of Power Quality Disturbances},
  author={Bollen, M. H. J. and Gu, I. Y. H. },
  year={2006},
  publisher={John Wiley \& Sons}
}
@article{tsai2007,
  title={Frequency sensitivity and electromechanical propagation simulation study in large power systems},
  author={Tsai, S.-J. and others},
  journal={IEEE Transactions on Circuits and Systems},
  volume={54},
  number={8},
  pages={1819--1828},
  year={2007}
}
@inproceedings{hajj2012,
  title={Instantaneous frequency estimation and localization for {ENF} signals},
  author={Hajj-Ahmad, A. and Garg, R. and Wu, M.},
  booktitle={Proc. of the Asia Pacific Signal and Information Processing Association Annual Summit and Conference},
  pages={1--10},
  year={2012}
}
@inproceedings{jeon2018m,
  title={I'm Listening to your Location! {I}nferring User Location with Acoustic Side Channels},
  author={Jeon, Y. and Kim, M. and Kim, H. and Kim, H. and Huh, J. H. and Yoon, J.},
  booktitle={Proc. of the World Wide Web Conference},
  pages={339--348},
  year={2018}
}
@inproceedings{cui2018,
  title={Exploiting spatial signatures of power {ENF} signal for measurement source authentication},
  author={Cui, Y. and Liu, Y. and Fuhr, P. and Morales-Rodriguez, M.},
  booktitle={Proc. of the IEEE International Symposium on Technologies for Homeland Security},
  pages={1--6},
  year={2018}
}
@inproceedings{hajj2013,
  title={{ENF} based location classification of sensor recordings},
  author={Hajj-Ahmad, A. and Garg, R. and Wu, M.},
  booktitle={Proc. of the IEEE International Workshop on Information Forensics and Security (WIFS)},
  pages={138--143},
  year={2013}
}

@article{jung2019rawnet,
  title={{RawNet}: Advanced end-to-end deep neural network using raw waveforms for text-independent speaker verification},
  author={Jung, J.-W. and Heo, H.-S. and Kim, J.-H. and Shim, H.-J. and Yu, H.-J.},
  journal={arXiv preprint arXiv:1904.08104},
  year={2019}
}
@article{lu2020deep,
  title={A deep neural network for audio classification with a classifier attention mechanism},
  author={Lu, H. and Zhang, H. and Nayak, A.},
  journal={arXiv preprint arXiv:2006.09815},
  year={2020}
}
@inproceedings{avramidis2021deep,
  title={Deep convolutional and recurrent networks for polyphonic instrument classification from monophonic raw audio waveforms},
  author={Avramidis, K. and Kratimenos, A. and Garoufis, C. and Zlatintsi, A. and Maragos, P.},
  booktitle={Proc. of the IEEE International Conference on Acoustics, Speech and Signal Processing (ICASSP)},
  pages={3010--3014},
  year={2021},
  organization={IEEE}
}
@article{abrol2020learning,
  title={Learning hierarchy aware embedding from raw audio for acoustic scene classification},
  author={Abrol, V. and Sharma, P.},
  journal={IEEE/ACM Transactions on Audio, Speech, and Language Processing},
  volume={28},
  pages={1964--1973},
  year={2020},
  publisher={IEEE}
}
@article{lee2017raw,
  title={Raw waveform-based audio classification using sample-level {CNN} architectures},
  author={Lee, J. and Kim, T. and Park, J. and Nam, J.},
  journal={arXiv preprint arXiv:1712.00866},
  year={2017}
}
@article{inik2023cnn,
  title={{CNN} hyper-parameter optimization for environmental sound classification},
  author={{\.I}nik, {\"O}.},
  journal={Applied Acoustics},
  volume={202},
  pages={109168},
  year={2023},
  publisher={Elsevier}
}
@inproceedings{hasan2021automatically,
  title={Automatically designing CNN architectures for acoustic scene classification},
  author={Hasan, N. W. and Saudi, A. S. and Khalil, M. I. and Abbas, H. M.},
  booktitle={Proc. of the 16th International Conference on Computer Engineering and Systems},
  pages={1--6},
  year={2021},
  organization={IEEE}
}
@article{lee2022tasnet,
  title={{NAS-TasNet}: Neural architecture search for time-domain speech separation},
  author={Lee, J.-H.and Chang, J.-H. and Yang, J.-M. and Moon, H.-G.},
  journal={IEEE Access},
  volume={10},
  pages={56031--56043},
  year={2022},
  publisher={IEEE}
}

@article{kingma2014adam,
  title={Adam: A method for stochastic optimization},
  author={Kingma, Diederik P and Ba, Jimmy},
  journal={arXiv preprint arXiv:1412.6980},
  year={2014}
}

@inproceedings{tzolopoulos2024,
title        = {On Spectrogram Analysis in a Multiple Classifier Fusion Framework
                for Power Grid Classification Using Electric Network Frequency},
author       = {Tzolopoulos, G. and Korgialas, C. and Kotropoulos, C.},
booktitle    = {Proc. of the 13th International Conference on Pattern Recognition
                Applications and Methods},
pages        = {91--99},
publisher    = {{SCITEPRESS}},
year         = {2024}
}

@article{korgialas2024,
  title={Leveraging Electric Network Frequency Estimation for Audio Authentication},
  author={Korgialas, C. and Kotropoulos, C. and Plataniotis, K. N.},
  journal={IEEE Access},
  year={2024},
  publisher={IEEE}
}

@inproceedings{garg2012modeling,
  title={Modeling and analysis of electric network frequency signal for timestamp verification},
  author={Garg, R. and Varna, A. L. and Wu, M.},
  booktitle={Proc. of the IEEE International Workshop on Information Forensics and Security (WIFS)},
  pages={67--72},
  year={2012},
  organization={IEEE}
}

@inproceedings{korgialas2024robust,
  title={A Robust {RELAX}-Based Algorithm for Enhanced Electric Network Frequency Estimation},
  author={Korgialas, C. and Kotropoulos, C.},
  booktitle={Proc. of the 13th Hellenic Conference on Artificial Intelligence (SETN)},
  pages={1--6},
  year={2024},
  organization={ACM}
}

@misc{InterGridNet,
  title ={{InterGridNet}: An Electric Network Frequency Approach for Audio Source Location Classification Using Convolutional Neural Networks},
  url ={https://github.com/ckorgial/InterGridNet},
  note = {[Accessed: October 10, 2024]}
}

@article{li2024advanced,
  title={Advanced ENF Region Classification Using UniTS-SinSpec: A Novel Approach Integrating Sinusoidal Activation Function and Spectral Attention},
  author={Li, Y. and Lu, T. and Zeng, G. and Zhao, K. and Peng, S.},
  journal={Applied Sciences},
  volume={14},
  number={19},
  pages={9081},
  year={2024},
  publisher={MDPI}
}

@inproceedings{moysiadis2023electric,
  title={Electric Network Frequency Optical Sensing Devices},
  author={Moysiadis, C. and Karantaidis, G. and Kotropoulos, C.},
  booktitle={Proc. of the 2023 IARIA Annual Congress on Frontiers in Science, Technology, Services, and Applications},
  pages={1--6},
  year={2023},
  organization={IARIA}
}