% Use this file for citations not found in the ACL Anthology (contained in "anthology.bib").

@article{yue2023disc,
  title={Disc-lawllm: Fine-tuning large language models for intelligent legal services},
  author={Yue, Shengbin and Chen, Wei and Wang, Siyuan and Li, Bingxuan and Shen, Chenchen and Liu, Shujun and Zhou, Yuxuan and Xiao, Yao and Yun, Song and Huang, Xuanjing and others},
  journal={arXiv preprint arXiv:2309.11325},
  year={2023}
}

@inproceedings{yao2024lawyer,
  title={Lawyer GPT: A Legal Large Language Model with Enhanced Domain Knowledge and Reasoning Capabilities},
  author={Yao, Shunyu and Ke, Qingqing and Wang, Qiwei and Li, Kangtong and Hu, Jie},
  booktitle={Proceedings of the 2024 3rd International Symposium on Robotics, Artificial Intelligence and Information Engineering},
  pages={108--112},
  year={2024}
}

@inproceedings{yao2022leven,
  title={LEVEN: A Large-Scale Chinese Legal Event Detection Dataset},
  author={Yao, Feng and Xiao, Chaojun and Wang, Xiaozhi and Liu, Zhiyuan and Hou, Lei and Tu, Cunchao and Li, Juanzi and Liu, Yun and Shen, Weixing and Sun, Maosong},
  booktitle={Findings of the Association for Computational Linguistics: ACL 2022},
  pages={183--201},
  year={2022}
}

@article{huang2021dependency,
  title={Dependency learning for legal judgment prediction with a unified text-to-text transformer},
  author={Huang, Yunyun and Shen, Xiaoyu and Li, Chuanyi and Ge, Jidong and Luo, Bin},
  journal={arXiv preprint arXiv:2112.06370},
  year={2021}
}

@inproceedings{feng2022legal,
  title={Legal judgment prediction via event extraction with constraints},
  author={Feng, Yi and Li, Chuanyi and Ng, Vincent},
  booktitle={Proceedings of the 60th Annual Meeting of the Association for Computational Linguistics (Volume 1: Long Papers)},
  pages={648--664},
  year={2022}
}

@article{achiam2023gpt,
  title={Gpt-4 technical report},
  author={Achiam, Josh and Adler, Steven and Agarwal, Sandhini and Ahmad, Lama and Akkaya, Ilge and Aleman, Florencia Leoni and Almeida, Diogo and Altenschmidt, Janko and Altman, Sam and Anadkat, Shyamal and others},
  journal={arXiv preprint arXiv:2303.08774},
  year={2023}
}

@article{ge2021learning,
  title={Learning fine-grained fact-article correspondence in legal cases},
  author={Ge, Jidong and Huang, Yunyun and Shen, Xiaoyu and Li, Chuanyi and Hu, Wei},
  journal={IEEE/ACM Transactions on Audio, Speech, and Language Processing},
  volume={29},
  pages={3694--3706},
  year={2021},
  publisher={IEEE}
}

@article{atkinson2020explanation,
  title={Explanation in AI and law: Past, present and future},
  author={Atkinson, Katie and Bench-Capon, Trevor and Bollegala, Danushka},
  journal={Artificial Intelligence},
  volume={289},
  pages={103387},
  year={2020},
  publisher={Elsevier}
}

@article{fei2023lawbench,
  title={Lawbench: Benchmarking legal knowledge of large language models},
  author={Fei, Zhiwei and Shen, Xiaoyu and Zhu, Dawei and Zhou, Fengzhe and Han, Zhuo and Zhang, Songyang and Chen, Kai and Shen, Zongwen and Ge, Jidong},
  journal={arXiv preprint arXiv:2309.16289},
  year={2023}
}


@article{he2024simucourt,
  title={Simucourt: Building judicial decision-making agents with real-world judgement documents},
  author={He, Zhitao and Cao, Pengfei and Wang, Chenhao and Jin, Zhuoran and Chen, Yubo and Xu, Jiexin and Li, Huaijun and Jiang, Xiaojian and Liu, Kang and Zhao, Jun},
  journal={arXiv preprint arXiv:2403.02959},
  year={2024}
}

@article{yu2024beyond,
  title={BEYOND DIALOGUE: A Profile-Dialogue Alignment Framework Towards General Role-Playing Language Model},
  author={Yu, Yeyong and Yu, Rusheng and Wei, Haojie and Zhang, Zhanqiu and Qian, Quan},
  journal={arXiv preprint arXiv:2408.10903},
  year={2024}
}

@inproceedings{shao2023character,
  title={Character-LLM: A Trainable Agent for Role-Playing},
  author={Shao, Yunfan and Li, Linyang and Dai, Junqi and Qiu, Xipeng},
  booktitle={Proceedings of the 2023 Conference on Empirical Methods in Natural Language Processing},
  pages={13153--13187},
  year={2023}
}

@article{bai2024mt,
  title={Mt-bench-101: A fine-grained benchmark for evaluating large language models in multi-turn dialogues},
  author={Bai, Ge and Liu, Jie and Bu, Xingyuan and He, Yancheng and Liu, Jiaheng and Zhou, Zhanhui and Lin, Zhuoran and Su, Wenbo and Ge, Tiezheng and Zheng, Bo and others},
  journal={arXiv preprint arXiv:2402.14762},
  year={2024}
}

@article{huang2023lawyer,
  title={Lawyer llama technical report},
  author={Huang, Quzhe and Tao, Mingxu and Zhang, Chen and An, Zhenwei and Jiang, Cong and Chen, Zhibin and Wu, Zirui and Feng, Yansong},
  journal={arXiv preprint arXiv:2305.15062},
  year={2023}
}

@article{yu2024large,
  title={Large language model as attributed training data generator: A tale of diversity and bias},
  author={Yu, Yue and Zhuang, Yuchen and Zhang, Jieyu and Meng, Yu and Ratner, Alexander J and Krishna, Ranjay and Shen, Jiaming and Zhang, Chao},
  journal={Advances in Neural Information Processing Systems},
  volume={36},
  year={2024}
}




@article{sun2024identity,
  title={Identity-Driven Hierarchical Role-Playing Agents},
  author={Sun, Libo and Wang, Siyuan and Huang, Xuanjing and Wei, Zhongyu},
  journal={arXiv preprint arXiv:2407.19412},
  year={2024}
}

@article{yang2024qwen2,
  title={Qwen2 technical report},
  author={Yang, An and Yang, Baosong and Hui, Binyuan and Zheng, Bo and Yu, Bowen and Zhou, Chang and Li, Chengpeng and Li, Chengyuan and Liu, Dayiheng and Huang, Fei and others},
  journal={arXiv preprint arXiv:2407.10671},
  year={2024}
}

@article{yang2023baichuan,
  title={Baichuan 2: Open large-scale language models},
  author={Yang, Aiyuan and Xiao, Bin and Wang, Bingning and Zhang, Borong and Bian, Ce and Yin, Chao and Lv, Chenxu and Pan, Da and Wang, Dian and Yan, Dong and others},
  journal={arXiv preprint arXiv:2309.10305},
  year={2023}
}

@article{cai2024internlm2,
  title={Internlm2 technical report},
  author={Cai, Zheng and Cao, Maosong and Chen, Haojiong and Chen, Kai and Chen, Keyu and Chen, Xin and Chen, Xun and Chen, Zehui and Chen, Zhi and Chu, Pei and others},
  journal={arXiv preprint arXiv:2403.17297},
  year={2024}
}

@article{dubey2024llama,
  title={The llama 3 herd of models},
  author={Dubey, Abhimanyu and Jauhri, Abhinav and Pandey, Abhinav and Kadian, Abhishek and Al-Dahle, Ahmad and Letman, Aiesha and Mathur, Akhil and Schelten, Alan and Yang, Amy and Fan, Angela and others},
  journal={arXiv preprint arXiv:2407.21783},
  year={2024}
}

@article{reid2024gemini,
  title={Gemini 1.5: Unlocking multimodal understanding across millions of tokens of context},
  author={Reid, Machel and Savinov, Nikolay and Teplyashin, Denis and Lepikhin, Dmitry and Lillicrap, Timothy and Alayrac, Jean-baptiste and Soricut, Radu and Lazaridou, Angeliki and Firat, Orhan and Schrittwieser, Julian and others},
  journal={arXiv preprint arXiv:2403.05530},
  year={2024}
}

@article{TheC3,
  title={The Claude 3 Model Family: Opus, Sonnet, Haiku},
  author={Anthropic},
  journal={https://api.semanticscholar.org/CorpusID:268232499},
  year={2024}
}

@article{jiang2023mistral,
  title={Mistral 7B},
  author={Jiang, Albert Q and Sablayrolles, Alexandre and Mensch, Arthur and Bamford, Chris and Chaplot, Devendra Singh and Casas, Diego de las and Bressand, Florian and Lengyel, Gianna and Lample, Guillaume and Saulnier, Lucile and others},
  journal={arXiv preprint arXiv:2310.06825},
  year={2023}
}


@inproceedings{hu2021lora,
  title={LoRA: Low-Rank Adaptation of Large Language Models},
  author={Hu, Edward J and Wallis, Phillip and Allen-Zhu, Zeyuan and Li, Yuanzhi and Wang, Shean and Wang, Lu and Chen, Weizhu and others},
  booktitle={International Conference on Learning Representations},
  year={2021}
}


@inproceedings{rasley2020deepspeed,
  title={Deepspeed: System optimizations enable training deep learning models with over 100 billion parameters},
  author={Rasley, Jeff and Rajbhandari, Samyam and Ruwase, Olatunji and He, Yuxiong},
  booktitle={Proceedings of the 26th ACM SIGKDD International Conference on Knowledge Discovery \& Data Mining},
  pages={3505--3506},
  year={2020}
}



@article{bommarito2018lexnlp,
  title={LexNLP: Natural language processing and information extraction for legal and regulatory texts},
  author={Bommarito, MJ and Katz, Daniel Martin and Detterman, E},
  journal={Research Handbook on Big Data Law},
  year={2018}
}


@inproceedings{ji2021discrete,
  title={Discrete Argument Representation Learning for Interactive Argument Pair Identification},
  author={Ji, Lu and Wei, Zhongyu and Li, Jing and Zhang, Qi and Huang, Xuan-Jing},
  booktitle={Proceedings of the 2021 Conference of the North American Chapter of the Association for Computational Linguistics: Human Language Technologies},
  pages={5467--5478},
  year={2021}
}

@article{yuan2021overview,
  title={Overview of SMP-CAIL2020-Argmine: The Interactive Argument-Pair Extraction in Judgement Document Challenge},
  author={Yuan, Jian and Wei, Zhongyu and Gao, Yixu and Chen, Wei and Song, Yun and Zhao, Donghua and Ma, Jinglei and Hu, Zhen and Zou, Shaokun and Li, Donghai and others},
  journal={Data Intelligence},
  volume={3},
  number={2},
  pages={287--307},
  year={2021},
  publisher={MIT Press One Rogers Street, Cambridge, MA 02142-1209, USA journals-info~â€¦}
}

@inproceedings{ma2021lecard,
  title={LeCaRD: a legal case retrieval dataset for Chinese law system},
  author={Ma, Yixiao and Shao, Yunqiu and Wu, Yueyue and Liu, Yiqun and Zhang, Ruizhe and Zhang, Min and Ma, Shaoping},
  booktitle={Proceedings of the 44th international ACM SIGIR conference on research and development in information retrieval},
  pages={2342--2348},
  year={2021}
}



@article{lawyerllama,
  title={Lawyer LLaMA Technical Report},
  author={Quzhe Huang and Mingxu Tao and Zhenwei An and Chen Zhang and Cong Jiang and Zhibin Chen and Zirui Wu and Yansong Feng},
  journal={ArXiv},
  year={2023},
  volume={abs/2305.15062}
}

@inproceedings{park2023generative,
  title={Generative agents: Interactive simulacra of human behavior},
  author={Park, Joon Sung and O'Brien, Joseph and Cai, Carrie Jun and Morris, Meredith Ringel and Liang, Percy and Bernstein, Michael S},
  booktitle={Proceedings of the 36th annual acm symposium on user interface software and technology},
  pages={1--22},
  year={2023}
}

@article{asai2023self,
  title={Self-rag: Learning to retrieve, generate, and critique through self-reflection},
  author={Asai, Akari and Wu, Zeqiu and Wang, Yizhong and Sil, Avirup and Hajishirzi, Hannaneh},
  journal={arXiv preprint arXiv:2310.11511},
  year={2023}
}

@article{xi2023rise,
  title={The rise and potential of large language model based agents: A survey},
  author={Xi, Zhiheng and Chen, Wenxiang and Guo, Xin and He, Wei and Ding, Yiwen and Hong, Boyang and Zhang, Ming and Wang, Junzhe and Jin, Senjie and Zhou, Enyu and others},
  journal={arXiv preprint arXiv:2309.07864},
  year={2023}
}

@article{wang2024survey,
  title={A survey on large language model based autonomous agents},
  author={Wang, Lei and Ma, Chen and Feng, Xueyang and Zhang, Zeyu and Yang, Hao and Zhang, Jingsen and Chen, Zhiyuan and Tang, Jiakai and Chen, Xu and Lin, Yankai and others},
  journal={Frontiers of Computer Science},
  volume={18},
  number={6},
  pages={186345},
  year={2024},
  publisher={Springer}
}

@article{stade2024large,
  title={Large language models could change the future of behavioral healthcare: a proposal for responsible development and evaluation},
  author={Stade, Elizabeth C and Stirman, Shannon Wiltsey and Ungar, Lyle H and Boland, Cody L and Schwartz, H Andrew and Yaden, David B and Sedoc, Jo{\~a}o and DeRubeis, Robert J and Willer, Robb and Eichstaedt, Johannes C},
  journal={NPJ Mental Health Research},
  volume={3},
  number={1},
  pages={12},
  year={2024},
  publisher={Nature Publishing Group UK London}
}

@article{fu2023improving,
  title={Improving language model negotiation with self-play and in-context learning from ai feedback},
  author={Fu, Yao and Peng, Hao and Khot, Tushar and Lapata, Mirella},
  journal={arXiv preprint arXiv:2305.10142},
  year={2023}
}

@article{grossmann2023ai,
  title={AI and the transformation of social science research},
  author={Grossmann, Igor and Feinberg, Matthew and Parker, Dawn C and Christakis, Nicholas A and Tetlock, Philip E and Cunningham, William A},
  journal={Science},
  volume={380},
  number={6650},
  pages={1108--1109},
  year={2023},
  publisher={American Association for the Advancement of Science}
}


@article{yue2024synergistic,
  title={Synergistic Multi-Agent Framework with Trajectory Learning for Knowledge-Intensive Tasks},
  author={Yue, Shengbin and Wang, Siyuan and Chen, Wei and Huang, Xuanjing and Wei, Zhongyu},
  journal={arXiv preprint arXiv:2407.09893},
  year={2024}
}

@inproceedings{deng2023syllogistic,
  title={Syllogistic reasoning for legal judgment analysis},
  author={Deng, Wentao and Pei, Jiahuan and Kong, Keyi and Chen, Zhe and Wei, Furu and Li, Yujun and Ren, Zhaochun and Chen, Zhumin and Ren, Pengjie},
  booktitle={Proceedings of the 2023 Conference on Empirical Methods in Natural Language Processing},
  pages={13997--14009},
  year={2023}
}


@article{fan2024ai,
  title={Ai hospital: Interactive evaluation and collaboration of llms as intern doctors for clinical diagnosis},
  author={Fan, Zhihao and Tang, Jialong and Chen, Wei and Wang, Siyuan and Wei, Zhongyu and Xi, Jun and Huang, Fei and Zhou, Jingren},
  journal={arXiv preprint arXiv:2402.09742},
  year={2024}
}

@article{mou2024agentsense,
  title={AgentSense: Benchmarking Social Intelligence of Language Agents through Interactive Scenarios},
  author={Mou, Xinyi and Liang, Jingcong and Lin, Jiayu and Zhang, Xinnong and Liu, Xiawei and Yang, Shiyue and Ye, Rong and Chen, Lei and Kuang, Haoyu and Huang, Xuanjing and others},
  journal={arXiv preprint arXiv:2410.19346},
  year={2024}
}

@article{gao2024fine,
  title={Fine-tuned large language model for visualization system: A study on self-regulated learning in education},
  author={Gao, Lin and Lu, Jing and Shao, Zekai and Lin, Ziyue and Yue, Shengbin and Ieong, Chiokit and Sun, Yi and Zauner, Rory James and Wei, Zhongyu and Chen, Siming},
  journal={IEEE Transactions on Visualization and Computer Graphics},
  year={2024},
  publisher={IEEE}
}

@inproceedings{lyu2024human,
  title={Human vs. LMMs: Exploring the Discrepancy in Emoji Interpretation and Usage in Digital Communication},
  author={Lyu, Hanjia and Qi, Weihong and Wei, Zhongyu and Luo, Jiebo},
  booktitle={Proceedings of the International AAAI Conference on Web and Social Media},
  volume={18},
  pages={2104--2110},
  year={2024}
}


@article{xie2024can,
  title={Can Large Language Model Agents Simulate Human Trust Behaviors?},
  author={Xie, Chengxing and Chen, Canyu and Jia, Feiran and Ye, Ziyu and Shu, Kai and Bibi, Adel and Hu, Ziniu and Torr, Philip and Ghanem, Bernard and Li, Guohao},
  journal={arXiv preprint arXiv:2402.04559},
  year={2024}
}

@article{jiang2024evaluating,
  title={Evaluating and inducing personality in pre-trained language models},
  author={Jiang, Guangyuan and Xu, Manjie and Zhu, Song-Chun and Han, Wenjuan and Zhang, Chi and Zhu, Yixin},
  journal={Advances in Neural Information Processing Systems},
  volume={36},
  year={2024}
}


@article{dai2023laiw,
  title={LAiW: A Chinese legal large language models benchmark (a technical report)},
  author={Dai, Yongfu and Feng, Duanyu and Huang, Jimin and Jia, Haochen and Xie, Qianqian and Zhang, Yifang and Han, Weiguang and Tian, Wei and Wang, Hao},
  journal={arXiv preprint arXiv:2310.05620},
  year={2023}
}

@inproceedings{kwon2023efficient,
  title={Efficient memory management for large language model serving with pagedattention},
  author={Kwon, Woosuk and Li, Zhuohan and Zhuang, Siyuan and Sheng, Ying and Zheng, Lianmin and Yu, Cody Hao and Gonzalez, Joseph and Zhang, Hao and Stoica, Ion},
  booktitle={Proceedings of the 29th Symposium on Operating Systems Principles},
  pages={611--626},
  year={2023}
}

@inproceedings{shen2024empowering,
  title={Empowering LLMs for Long-Text Information Extraction in Chinese Legal Documents},
  author={Shen, Chenchen and Ji, Chengwei and Yue, Shengbin and Shen, Xiaoyu and Song, Yun and Huang, Xuanjing and Wei, Zhongyu},
  booktitle={CCF International Conference on Natural Language Processing and Chinese Computing},
  pages={457--469},
  year={2024},
  organization={Springer}
}


@article{liu2024ai,
  title={AI-Press: A Multi-Agent News Generating and Feedback Simulation System Powered by Large Language Models},
  author={Liu, Xiawei and Yang, Shiyue and Zhang, Xinnong and Kuang, Haoyu and Sun, Libo and Yang, Yihang and Chen, Siming and Huang, Xuanjing and Wei, Zhongyu},
  journal={arXiv preprint arXiv:2410.07561},
  year={2024}
}


@article{zhang2024electionsim,
  title={ElectionSim: Massive Population Election Simulation Powered by Large Language Model Driven Agents},
  author={Zhang, Xinnong and Lin, Jiayu and Sun, Libo and Qi, Weihong and Yang, Yihang and Chen, Yue and Lyu, Hanjia and Mou, Xinyi and Chen, Siming and Luo, Jiebo and others},
  journal={arXiv preprint arXiv:2410.20746},
  year={2024}
}


@article{tseng2024two,
  title={Two tales of persona in llms: A survey of role-playing and personalization},
  author={Tseng, Yu-Min and Huang, Yu-Chao and Hsiao, Teng-Yun and Hsu, Yu-Ching and Foo, Jia-Yin and Huang, Chao-Wei and Chen, Yun-Nung},
  journal={arXiv preprint arXiv:2406.01171},
  year={2024}
}

@inproceedings{yue2024lawllm,
  title={LawLLM: Intelligent Legal System with Legal Reasoning and Verifiable Retrieval},
  author={Yue, Shengbin and Liu, Shujun and Zhou, Yuxuan and Shen, Chenchen and Wang, Siyuan and Xiao, Yao and Li, Bingxuan and Song, Yun and Shen, Xiaoyu and Chen, Wei and others},
  booktitle={International Conference on Database Systems for Advanced Applications},
  pages={304--321},
  year={2024},
  organization={Springer}
}