@article{bommarito2018lexnlp,
  title={LexNLP: Natural language processing and information extraction for legal and regulatory texts},
  author={Bommarito, MJ and Katz, Daniel Martin and Detterman, E},
  journal={Research Handbook on Big Data Law},
  year={2018}
}

@inproceedings{deng2023syllogistic,
  title={Syllogistic reasoning for legal judgment analysis},
  author={Deng, Wentao and Pei, Jiahuan and Kong, Keyi and Chen, Zhe and Wei, Furu and Li, Yujun and Ren, Zhaochun and Chen, Zhumin and Ren, Pengjie},
  booktitle={Proceedings of the 2023 Conference on Empirical Methods in Natural Language Processing},
  pages={13997--14009},
  year={2023}
}

@article{fan2024ai,
  title={Ai hospital: Interactive evaluation and collaboration of llms as intern doctors for clinical diagnosis},
  author={Fan, Zhihao and Tang, Jialong and Chen, Wei and Wang, Siyuan and Wei, Zhongyu and Xi, Jun and Huang, Fei and Zhou, Jingren},
  journal={arXiv preprint arXiv:2402.09742},
  year={2024}
}

@article{gao2024fine,
  title={Fine-tuned large language model for visualization system: A study on self-regulated learning in education},
  author={Gao, Lin and Lu, Jing and Shao, Zekai and Lin, Ziyue and Yue, Shengbin and Ieong, Chiokit and Sun, Yi and Zauner, Rory James and Wei, Zhongyu and Chen, Siming},
  journal={IEEE Transactions on Visualization and Computer Graphics},
  year={2024},
  publisher={IEEE}
}

@article{huang2021dependency,
  title={Dependency learning for legal judgment prediction with a unified text-to-text transformer},
  author={Huang, Yunyun and Shen, Xiaoyu and Li, Chuanyi and Ge, Jidong and Luo, Bin},
  journal={arXiv preprint arXiv:2112.06370},
  year={2021}
}

@article{jiang2024evaluating,
  title={Evaluating and inducing personality in pre-trained language models},
  author={Jiang, Guangyuan and Xu, Manjie and Zhu, Song-Chun and Han, Wenjuan and Zhang, Chi and Zhu, Yixin},
  journal={Advances in Neural Information Processing Systems},
  volume={36},
  year={2024}
}

@article{lawyerllama,
  title={Lawyer LLaMA Technical Report},
  author={Quzhe Huang and Mingxu Tao and Zhenwei An and Chen Zhang and Cong Jiang and Zhibin Chen and Zirui Wu and Yansong Feng},
  journal={ArXiv},
  year={2023},
  volume={abs/2305.15062}
}

@article{liu2024ai,
  title={AI-Press: A Multi-Agent News Generating and Feedback Simulation System Powered by Large Language Models},
  author={Liu, Xiawei and Yang, Shiyue and Zhang, Xinnong and Kuang, Haoyu and Sun, Libo and Yang, Yihang and Chen, Siming and Huang, Xuanjing and Wei, Zhongyu},
  journal={arXiv preprint arXiv:2410.07561},
  year={2024}
}

@inproceedings{lyu2024human,
  title={Human vs. LMMs: Exploring the Discrepancy in Emoji Interpretation and Usage in Digital Communication},
  author={Lyu, Hanjia and Qi, Weihong and Wei, Zhongyu and Luo, Jiebo},
  booktitle={Proceedings of the International AAAI Conference on Web and Social Media},
  volume={18},
  pages={2104--2110},
  year={2024}
}

@inproceedings{ma2021lecard,
  title={LeCaRD: a legal case retrieval dataset for Chinese law system},
  author={Ma, Yixiao and Shao, Yunqiu and Wu, Yueyue and Liu, Yiqun and Zhang, Ruizhe and Zhang, Min and Ma, Shaoping},
  booktitle={Proceedings of the 44th international ACM SIGIR conference on research and development in information retrieval},
  pages={2342--2348},
  year={2021}
}

@article{mou2024agentsense,
  title={AgentSense: Benchmarking Social Intelligence of Language Agents through Interactive Scenarios},
  author={Mou, Xinyi and Liang, Jingcong and Lin, Jiayu and Zhang, Xinnong and Liu, Xiawei and Yang, Shiyue and Ye, Rong and Chen, Lei and Kuang, Haoyu and Huang, Xuanjing and others},
  journal={arXiv preprint arXiv:2410.19346},
  year={2024}
}

@inproceedings{park2023generative,
  title={Generative agents: Interactive simulacra of human behavior},
  author={Park, Joon Sung and O'Brien, Joseph and Cai, Carrie Jun and Morris, Meredith Ringel and Liang, Percy and Bernstein, Michael S},
  booktitle={Proceedings of the 36th annual acm symposium on user interface software and technology},
  pages={1--22},
  year={2023}
}

@article{xie2024can,
  title={Can Large Language Model Agents Simulate Human Trust Behaviors?},
  author={Xie, Chengxing and Chen, Canyu and Jia, Feiran and Ye, Ziyu and Shu, Kai and Bibi, Adel and Hu, Ziniu and Torr, Philip and Ghanem, Bernard and Li, Guohao},
  journal={arXiv preprint arXiv:2402.04559},
  year={2024}
}

@article{yue2023disc,
  title={Disc-lawllm: Fine-tuning large language models for intelligent legal services},
  author={Yue, Shengbin and Chen, Wei and Wang, Siyuan and Li, Bingxuan and Shen, Chenchen and Liu, Shujun and Zhou, Yuxuan and Xiao, Yao and Yun, Song and Huang, Xuanjing and others},
  journal={arXiv preprint arXiv:2309.11325},
  year={2023}
}

@inproceedings{yue2024lawllm,
  title={LawLLM: Intelligent Legal System with Legal Reasoning and Verifiable Retrieval},
  author={Yue, Shengbin and Liu, Shujun and Zhou, Yuxuan and Shen, Chenchen and Wang, Siyuan and Xiao, Yao and Li, Bingxuan and Song, Yun and Shen, Xiaoyu and Chen, Wei and others},
  booktitle={International Conference on Database Systems for Advanced Applications},
  pages={304--321},
  year={2024},
  organization={Springer}
}

@article{yue2024synergistic,
  title={Synergistic Multi-Agent Framework with Trajectory Learning for Knowledge-Intensive Tasks},
  author={Yue, Shengbin and Wang, Siyuan and Chen, Wei and Huang, Xuanjing and Wei, Zhongyu},
  journal={arXiv preprint arXiv:2407.09893},
  year={2024}
}

