% Use this file for citations not found in the ACL Anthology (contained in "anthology.bib").




@article{hurst2024gpt,
  title={Gpt-4o system card},
  author={Hurst, Aaron and Lerer, Adam and Goucher, Adam P and Perelman, Adam and Ramesh, Aditya and Clark, Aidan and Ostrow, AJ and Welihinda, Akila and Hayes, Alan and Radford, Alec and others},
  journal={arXiv preprint arXiv:2410.21276},
  year={2024}
}

@article{brown2020language,
  title={Language models are few-shot learners},
  author={Brown, Tom and Mann, Benjamin and Ryder, Nick and Subbiah, Melanie and Kaplan, Jared D and Dhariwal, Prafulla and Neelakantan, Arvind and Shyam, Pranav and Sastry, Girish and Askell, Amanda and others},
  journal={Advances in neural information processing systems},
  volume={33},
  pages={1877--1901},
  year={2020}
}

@article{dubey2024llama,
  title={The llama 3 herd of models},
  author={Dubey, Abhimanyu and Jauhri, Abhinav and Pandey, Abhinav and Kadian, Abhishek and Al-Dahle, Ahmad and Letman, Aiesha and Mathur, Akhil and Schelten, Alan and Yang, Amy and Fan, Angela and others},
  journal={arXiv preprint arXiv:2407.21783},
  year={2024}
}

@article{jiang2023mistral,
  title={Mistral 7B},
  author={Jiang, Albert Q and Sablayrolles, Alexandre and Mensch, Arthur and Bamford, Chris and Chaplot, Devendra Singh and Casas, Diego de las and Bressand, Florian and Lengyel, Gianna and Lample, Guillaume and Saulnier, Lucile and others},
  journal={arXiv preprint arXiv:2310.06825},
  year={2023}
}

@misc{qwen2.5,
    title = {Qwen2.5: A Party of Foundation Models},
    url = {https://qwenlm.github.io/blog/qwen2.5/},
    author = {Qwen Team},
    month = {September},
    year = {2024}
}

@article{qwen2,
  title={Qwen2 technical report},
  author={Yang, An and Yang, Baosong and Hui, Binyuan and Zheng, Bo and Yu, Bowen and Zhou, Chang and Li, Chengpeng and Li, Chengyuan and Liu, Dayiheng and Huang, Fei and others},
  journal={arXiv preprint arXiv:2407.10671},
  year={2024}
}

@article{jelinek1977perplexity,
  title={Perplexity—a measure of the difficulty of speech recognition tasks},
  author={Jelinek, Fred and Mercer, Robert L and Bahl, Lalit R and Baker, James K},
  journal={The Journal of the Acoustical Society of America},
  volume={62},
  number={S1},
  pages={S63--S63},
  year={1977},
  publisher={Acoustical Society of America}
}

@article{bai2024measuring,
  title={Measuring implicit bias in explicitly unbiased large language models},
  author={Bai, Xuechunzi and Wang, Angelina and Sucholutsky, Ilia and Griffiths, Thomas L},
  journal={arXiv preprint arXiv:2402.04105},
  year={2024}
}

@article{gallegos2024bias,
  title={Bias and fairness in large language models: A survey},
  author={Gallegos, Isabel O and Rossi, Ryan A and Barrow, Joe and Tanjim, Md Mehrab and Kim, Sungchul and Dernoncourt, Franck and Yu, Tong and Zhang, Ruiyi and Ahmed, Nesreen K},
  journal={Computational Linguistics},
  pages={1--79},
  year={2024},
  publisher={MIT Press 255 Main Street, 9th Floor, Cambridge, Massachusetts 02142, USA~…}
}

@article{bi2023group,
  title={A Group Fairness Lens for Large Language Models},
  author={Bi, Guanqun and Shen, Lei and Xie, Yuqiang and Cao, Yanan and Zhu, Tiangang and He, Xiaodong},
  journal={arXiv preprint arXiv:2312.15478},
  year={2023}
}

@article{hofmann2024ai,
  title={AI generates covertly racist decisions about people based on their dialect},
  author={Hofmann, Valentin and Kalluri, Pratyusha Ria and Jurafsky, Dan and King, Sharese},
  journal={Nature},
  volume={633},
  number={8028},
  pages={147--154},
  year={2024},
  publisher={Nature Publishing Group UK London}
}

@article{del2024angry,
  title={Angry Men, Sad Women: Large Language Models Reflect Gendered Stereotypes in Emotion Attribution.},
  author={del Arco, Flor Miriam Plaza and Curry, Amanda Cercas and Curry, Alba and Abercrombie, Gavin and Hovy, Dirk},
  journal={CoRR},
  year={2024}
}

@inproceedings{kotek2023gender,
  title={Gender bias and stereotypes in large language models},
  author={Kotek, Hadas and Dockum, Rikker and Sun, David},
  booktitle={Proceedings of the ACM collective intelligence conference},
  pages={12--24},
  year={2023}
}

@article{ouyang2022training,
  title={Training language models to follow instructions with human feedback},
  author={Ouyang, Long and Wu, Jeffrey and Jiang, Xu and Almeida, Diogo and Wainwright, Carroll and Mishkin, Pamela and Zhang, Chong and Agarwal, Sandhini and Slama, Katarina and Ray, Alex and others},
  journal={Advances in neural information processing systems},
  volume={35},
  pages={27730--27744},
  year={2022}
}

@article{zhang2023instruction,
  title={Instruction tuning for large language models: A survey},
  author={Zhang, Shengyu and Dong, Linfeng and Li, Xiaoya and Zhang, Sen and Sun, Xiaofei and Wang, Shuhe and Li, Jiwei and Hu, Runyi and Zhang, Tianwei and Wu, Fei and others},
  journal={arXiv preprint arXiv:2308.10792},
  year={2023}
}

@article{peng2023instruction,
  title={Instruction tuning with gpt-4},
  author={Peng, Baolin and Li, Chunyuan and He, Pengcheng and Galley, Michel and Gao, Jianfeng},
  journal={arXiv preprint arXiv:2304.03277},
  year={2023}
}

@article{ji2024beavertails,
  title={Beavertails: Towards improved safety alignment of llm via a human-preference dataset},
  author={Ji, Jiaming and Liu, Mickel and Dai, Josef and Pan, Xuehai and Zhang, Chi and Bian, Ce and Chen, Boyuan and Sun, Ruiyang and Wang, Yizhou and Yang, Yaodong},
  journal={Advances in Neural Information Processing Systems},
  volume={36},
  year={2024}
}

@article{navigli2023biases,
  author       = {Roberto Navigli and
                  Simone Conia and
                  Bj{\"{o}}rn Ross},
  title        = {Biases in Large Language Models: Origins, Inventory, and Discussion},
  journal      = {{ACM} Journal of Data and Information Quality},
  volume       = {15},
  number       = {2},
  pages        = {10:1--10:21},
  year         = {2023},
url = {https://doi.org/10.1145/3597307}
}

@article{cui2024risk,
  title={Risk taxonomy, mitigation, and assessment benchmarks of large language model systems},
  author={Cui, Tianyu and Wang, Yanling and Fu, Chuanpu and Xiao, Yong and Li, Sijia and Deng, Xinhao and Liu, Yunpeng and Zhang, Qinglin and Qiu, Ziyi and Li, Peiyang and others},
  journal={arXiv preprint arXiv:2401.05778},
  year={2024}
}

@article{gallegos2024self,
  title={Self-Debiasing Large Language Models: Zero-Shot Recognition and Reduction of Stereotypes},
  author={Gallegos, Isabel O and Rossi, Ryan A and Barrow, Joe and Tanjim, Md Mehrab and Yu, Tong and Deilamsalehy, Hanieh and Zhang, Ruiyi and Kim, Sungchul and Dernoncourt, Franck},
  journal={arXiv preprint arXiv:2402.01981},
  year={2024}
}

@article{li2024steering,
  title={Steering LLMs Towards Unbiased Responses: A Causality-Guided Debiasing Framework},
  author={Li, Jingling and Tang, Zeyu and Liu, Xiaoyu and Spirtes, Peter and Zhang, Kun and Leqi, Liu and Liu, Yang},
  journal={arXiv preprint arXiv:2403.08743},
  year={2024}
}

@article{zhao2024gender,
  title={Gender Bias in Large Language Models across Multiple Languages},
  author={Zhao, Jinman and Ding, Yitian and Jia, Chen and Wang, Yining and Qian, Zifan},
  journal={arXiv preprint arXiv:2403.00277},
  year={2024}
}