@article{aprile2020robotic,
  title={Robotic rehabilitation: an opportunity to improve cognitive functions in subjects with stroke. an explorative study},
  author={Aprile, Irene and Guardati, Giulia and Cipollini, Valeria and Papadopoulou, Dionysia and Mastrorosa, Alessia and Castelli, Letizia and Monteleone, Serena and Redolfi, Alessandra and Galeri, Silvia and Germanotta, Marco},
  journal={Frontiers in Neurology},
  volume={11},
  pages={588285},
  year={2020},
  publisher={Frontiers Media SA}
}

@inproceedings{banyai2024robotics,
  title={Robotics in physical rehabilitation: Systematic Review},
  author={Banyai, Adriana Daniela and Brișan, Cornel},
  booktitle={Healthcare},
  volume={12},
  number={17},
  pages={1720},
  year={2024},
  organization={MDPI}
}

@article{chen2015evaluation,
  title={Evaluation by expert dancers of a robot that performs partnered stepping via haptic interaction},
  author={Chen, Tiffany L and Bhattacharjee, Tapomayukh and McKay, J Lucas and Borinski, Jacquelyn E and Hackney, Madeleine E and Ting, Lena H and Kemp, Charles C},
  journal={PloS one},
  volume={10},
  number={5},
  pages={e0125179},
  year={2015},
  publisher={Public Library of Science San Francisco, CA USA}
}

@article{chen2017older,
  title={Older adults’ acceptance of a robot for partner dance-based exercise},
  author={Chen, Tiffany L and Bhattacharjee, Tapomayukh and Beer, Jenay M and Ting, Lena H and Hackney, Madeleine E and Rogers, Wendy A and Kemp, Charles C},
  journal={PloS one},
  volume={12},
  number={10},
  pages={e0182736},
  year={2017},
  publisher={Public Library of Science San Francisco, CA USA}
}

@article{clarke2016physiotherapy,
  title={Physiotherapy and occupational therapy vs no therapy in mild to moderate Parkinson disease: a randomized clinical trial},
  author={Clarke, Carl E and Patel, Smitaa and Ives, Natalie and Rick, Caroline E and Dowling, Francis and Woolley, Rebecca and Wheatley, Keith and Walker, Marion F and Sackley, Catherine M and PD REHAB collaborative group and others},
  journal={JAMA neurology},
  volume={73},
  number={3},
  pages={291--299},
  year={2016},
  publisher={American Medical Association}
}

@article{dos2018effects,
  title={Effects of dance practice on functional mobility, motor symptoms and quality of life in people with Parkinson’s disease: a systematic review with meta-analysis},
  author={dos Santos Delabary, Marcela and Komeroski, Isabel Giovannini and Monteiro, Elren Passos and Costa, Rochelle Rocha and Haas, Aline Nogueira},
  journal={Aging clinical and experimental research},
  volume={30},
  pages={727--735},
  year={2018},
  publisher={Springer}
}

@article{doss2023comprehensive,
  title={A comprehensive review of wearable assistive robotic devices used for head and neck rehabilitation},
  author={Doss, Arockia Selvakumar Arockia and Lingampally, Pavan Kalyan and Nguyen, Gia Minh Thao and Schilberg, Daniel},
  journal={Results in Engineering},
  volume={19},
  pages={101306},
  year={2023},
  publisher={Elsevier}
}

@article{fasola2012using,
  title={Using socially assistive human--robot interaction to motivate physical exercise for older adults},
  author={Fasola, Juan and Mataric, Maja J},
  journal={Proceedings of the IEEE},
  volume={100},
  number={8},
  pages={2512--2526},
  year={2012},
  publisher={IEEE}
}

@article{feingold2021robot,
  title={A robot goes to rehab: a novel gamified system for long-term stroke rehabilitation using a socially assistive robot—methodology and usability testing},
  author={Feingold-Polak, Ronit and Barzel, Oren and Levy-Tzedek, Shelly},
  journal={Journal of NeuroEngineering and Rehabilitation},
  volume={18},
  number={1},
  pages={1--18},
  year={2021},
  publisher={BioMed Central}
}

@article{fitter2020exercising,
  title={Exercising with Baxter: preliminary support for assistive social-physical human-robot interaction},
  author={Fitter, Naomi T and Mohan, Mayumi and Kuchenbecker, Katherine J and Johnson, Michelle J},
  journal={Journal of neuroengineering and rehabilitation},
  volume={17},
  pages={1--22},
  year={2020},
  publisher={Springer}
}

@article{foster2021occupational,
  title={Occupational therapy interventions for instrumental activities of daily living for adults with Parkinson’s disease: A systematic review},
  author={Foster, Erin R and Carson, Lisa G and Archer, Jamie and Hunter, Elizabeth G},
  journal={The American Journal of Occupational Therapy},
  volume={75},
  number={3},
  year={2021},
  publisher={American Occupational Therapy Association}
}

@article{gilat2021systematic,
  title={A systematic review on exercise and training-based interventions for freezing of gait in Parkinson’s disease},
  author={Gilat, Moran and Ginis, Pieter and Zoetewei, Demi and De Vleeschhauwer, Joni and Hulzinga, Femke and D’Cruz, Nicholas and Nieuwboer, Alice},
  journal={npj Parkinson's Disease},
  volume={7},
  number={1},
  pages={81},
  year={2021},
  publisher={Nature Publishing Group UK London}
}

@article{hackney2007effects,
  title={Effects of tango on functional mobility in Parkinson's disease: a preliminary study},
  author={Hackney, Madeleine E and Kantorovich, Svetlana and Levin, Rebecca and Earhart, Gammon M},
  journal={Journal of neurologic physical therapy},
  volume={31},
  number={4},
  pages={173--179},
  year={2007},
  publisher={LWW}
}

@article{hackney2008tai,
  title={Tai Chi improves balance and mobility in people with Parkinson disease},
  author={Hackney, Madeleine E and Earhart, Gammon M},
  journal={Gait \& posture},
  volume={28},
  number={3},
  pages={456--460},
  year={2008},
  publisher={Elsevier}
}

@incollection{hart1988development,
  title={Development of NASA-TLX (Task Load Index): Results of empirical and theoretical research},
  author={Hart, Sandra G and Staveland, Lowell E},
  booktitle={Advances in psychology},
  volume={52},
  pages={139--183},
  year={1988},
  publisher={Elsevier}
}

@inproceedings{hart2006nasa,
  title={NASA-task load index (NASA-TLX); 20 years later},
  author={Hart, Sandra G},
  booktitle={Proceedings of the human factors and ergonomics society annual meeting},
  volume={50},
  number={9},
  pages={904--908},
  year={2006},
  organization={Sage publications Sage CA: Los Angeles, CA}
}

@article{janssen2020effects,
  title={The effects of augmented reality visual cues on turning in place in Parkinson's disease patients with freezing of gait},
  author={Janssen, Sabine and de Ruyter van Steveninck, Jaap and Salim, Hizirwan S and Cockx, Helena M and Bloem, Bastiaan R and Heida, Tjitske and Van Wezel, Richard JA},
  journal={Frontiers in neurology},
  volume={11},
  pages={185},
  year={2020},
  publisher={Frontiers Media SA}
}

@article{johnson2003design,
  title={Design and evaluation of Driver's SEAT: A car steering simulation environment for upper limb stroke therapy},
  author={Johnson, Michelle J and Van der Loos, HF Machiel and Burgar, Charles G and Shor, Peggy and Leifer, Larry J},
  journal={Robotica},
  volume={21},
  number={1},
  pages={13--23},
  year={2003},
  publisher={Cambridge University Press}
}

@article{jutai2002psychosocial,
  title={Psychosocial impact of assistive devices scale (PIADS)},
  author={Jutai, Jeffrey and Day, Hy},
  journal={Technology and Disability},
  volume={14},
  number={3},
  pages={107--111},
  year={2002},
  publisher={IOS Press}
}

@article{klaic2024application,
  title={Application of the extended technology acceptance model to explore clinician likelihood to use robotics in rehabilitation},
  author={Klaic, Marlena and Fong, Justin and Crocher, Vincent and Davies, Katie and Brock, Kim and Sutton, Emma and Oetomo, Denny and Tan, Ying and Galea, Mary P},
  journal={Disability and rehabilitation: Assistive Technology},
  volume={19},
  number={1},
  pages={52--59},
  year={2024},
  publisher={Taylor \& Francis}
}

@article{krebs2004rehabilitation,
  title={Rehabilitation robotics: pilot trial of a spatial extension for MIT-Manus},
  author={Krebs, Hermano I and Ferraro, Mark and Buerger, Stephen P and Newbery, Miranda J and Makiyama, Antonio and Sandmann, Michael and Lynch, Daniel and Volpe, Bruce T and Hogan, Neville},
  journal={Journal of neuroengineering and rehabilitation},
  volume={1},
  pages={1--15},
  year={2004},
  publisher={Springer}
}

@article{lamsey2023stretch,
  title={Stretch with Stretch: Physical Therapy Exercise Games Led by a Mobile Manipulator},
  author={Lamsey, Matthew and Tan, You Liang and Wells, Meredith D and Beatty, Madeline and Liu, Zexuan and Majumdar, Arjun and Washington, Kendra and Feldman, Jerry and Kuppuswamy, Naveen and Nguyen, Elizabeth and others},
  journal={arXiv preprint arXiv:2312.13279},
  year={2023}
}

@article{mak2019exercise,
  title={Exercise for Parkinson's disease},
  author={Mak, Margaret KY and Wong-Yu, Irene SK},
  journal={International review of neurobiology},
  volume={147},
  pages={1--44},
  year={2019},
  publisher={Elsevier}
}

@article{mascret2023acceptance,
  title={Acceptance of a Mobile telepresence robot, before use, to remotely supervise older adults’ adapted physical activity},
  author={Mascret, Nicolas and Temprado, Jean-Jacques},
  journal={International Journal of Environmental Research and Public Health},
  volume={20},
  number={4},
  pages={3012},
  year={2023},
  publisher={MDPI}
}

@article{onishi2024moffuly,
  title={Moffuly-II: A robot that hugs and rubs heads},
  author={Onishi, Yuya and Sumioka, Hidenobu and Shiomi, Masahiro},
  journal={International Journal of Social Robotics},
  volume={16},
  number={2},
  pages={299--309},
  year={2024},
  publisher={Springer}
}

@article{pickering2013self,
  title={Self reported adherence to a home-based exercise programme among people with Parkinson's disease},
  author={Pickering, Ruth M and Fitton, Carolyn and Ballinger, Claire and Fazakarley, Louise and Ashburn, Ann},
  journal={Parkinsonism \& related disorders},
  volume={19},
  number={1},
  pages={66--71},
  year={2013},
  publisher={Elsevier}
}

@article{protas2005gait,
  title={Gait and step training to reduce falls in Parkinson's disease},
  author={Protas, Elizabeth J and Mitchell, Katy and Williams, Amanda and Qureshy, Huma and Caroline, Kavitha and Lai, Eugene C},
  journal={NeuroRehabilitation},
  volume={20},
  number={3},
  pages={183--190},
  year={2005},
  publisher={IOS Press}
}

@article{regmi2020design,
  title={Design methodology for robotic manipulator for overground physical interaction tasks},
  author={Regmi, Sambad and Song, Yun Seong},
  journal={Journal of Mechanisms and Robotics},
  volume={12},
  number={4},
  pages={041002},
  year={2020},
  publisher={American Society of Mechanical Engineers}
}

@inproceedings{sobrepera2022therapists,
  title={Therapists' Opinions on Telehealth, Robotics, and Socially Assistive Robot-Augmented Telepresence Systems for Rehabilitation},
  author={Sobrepera, Michael J and Lee, Vera G and Johnson, Michelle J},
  booktitle={2022 9th IEEE RAS/EMBS International Conference for Biomedical Robotics and Biomechatronics (BioRob)},
  pages={1--8},
  year={2022},
  organization={IEEE}
}

@article{tran2021hand,
  title={Hand exoskeleton systems, clinical rehabilitation practices, and future prospects},
  author={Tran, Phillip and Jeong, Seokhwan and Herrin, Kinsey R and Desai, Jaydev P},
  journal={IEEE Transactions on Medical Robotics and Bionics},
  volume={3},
  number={3},
  pages={606--622},
  year={2021},
  publisher={IEEE}
}

@article{tunur2020augmented,
  title={Augmented reality-based dance intervention for individuals with Parkinson’s disease: A pilot study},
  author={Tunur, Tumay and DeBlois, Amy and Yates-Horton, Elizabeth and Rickford, Kara and Columna, Luis A},
  journal={Disability and health journal},
  volume={13},
  number={2},
  pages={100848},
  year={2020},
  publisher={Elsevier}
}

@article{urrutia2023spasticity,
  title={Spasticity evaluation with the Amadeo Tyromotion device in patients with hemispheric stroke},
  author={Urrutia, Roc{\'\i}o and Miren Guti{\'e}rrez-Muto, Ane and Sanz-Mor{\`e}re, Clara B and G{\'o}mez, Arantxa and Politi, Angela M and Lunardini, Francesca and Baccini, Marco and Cecchi, Francesca and Le{\'o}n, Natacha and Oliviero, Antonio and others},
  journal={Frontiers in Neurorobotics},
  volume={17},
  pages={1172770},
  year={2023},
  publisher={Frontiers Media SA}
}

@article{vakili2023impact,
  title={The impact of two robotic-assisted devices on the functional hand recovery in post-stroke adult rehabilitation: a review},
  author={Vakili, Leila},
  year={2023},
  publisher={Laurentian University of Sudbury}
}

@article{venkatesh2000theoretical,
  title={A theoretical extension of the technology acceptance model: Four longitudinal field studies},
  author={Venkatesh, Viswanath and Davis, Fred D},
  journal={Management science},
  volume={46},
  number={2},
  pages={186--204},
  year={2000},
  publisher={INFORMS}
}

@article{venkatesh2008technology,
  title={Technology acceptance model 3 and a research agenda on interventions},
  author={Venkatesh, Viswanath and Bala, Hillol},
  journal={Decision sciences},
  volume={39},
  number={2},
  pages={273--315},
  year={2008},
  publisher={Wiley Online Library}
}

@ARTICLE{wuversatile,
  author={Wu, Mengnan and Qiu, Yingxin and Ueda, Jun and Ting, Lena H.},
  journal={IEEE Robotics and Automation Letters}, 
  title={A Versatile Emulator for Haptic Communication to Alter Human Gait Parameters}, 
  year={2022},
  volume={7},
  number={3},
  pages={7335-7342},
  keywords={Legged locomotion;Haptic interfaces;Robots;Servomotors;Robot kinematics;Force;Bandwidth;Physical human-robot interaction;haptics and haptic interfaces;rehabilitation robotics;haptic communication;robotic emulators},
  doi={10.1109/LRA.2022.3182109}}

