@article{aprile2020robotic,
  title={Robotic rehabilitation: an opportunity to improve cognitive functions in subjects with stroke. an explorative study},
  author={Aprile, Irene and Guardati, Giulia and Cipollini, Valeria and Papadopoulou, Dionysia and Mastrorosa, Alessia and Castelli, Letizia and Monteleone, Serena and Redolfi, Alessandra and Galeri, Silvia and Germanotta, Marco},
  journal={Frontiers in Neurology},
  volume={11},
  pages={588285},
  year={2020},
  publisher={Frontiers Media SA}
}

@inproceedings{banyai2024robotics,
  title={Robotics in physical rehabilitation: Systematic Review},
  author={Banyai, Adriana Daniela and Brișan, Cornel},
  booktitle={Healthcare},
  volume={12},
  number={17},
  pages={1720},
  year={2024},
  organization={MDPI}
}

@article{buerhaus2008current,
  title={Current and future state of the US nursing workforce},
  author={Buerhaus, Peter I},
  journal={Jama},
  volume={300},
  number={20},
  pages={2422--2424},
  year={2008},
  publisher={American Medical Association}
}

@article{caglar2005effects,
  title={Effects of home exercises on motor performance in patients with Parkinson's disease},
  author={Caglar, AT and Gurses, HN and Mutluay, FK and Kiziltan, G},
  journal={Clinical rehabilitation},
  volume={19},
  number={8},
  pages={870--877},
  year={2005},
  publisher={SAGE Publications Sage CA: Thousand Oaks, CA}
}

@article{campo2022wearable,
  title={Wearable immersive virtual reality device for promoting physical activity in Parkinson’s disease patients},
  author={Campo-Prieto, Pablo and Cancela-Carral, Jos{\'e} M{\textordfeminine} and Rodr{\'\i}guez-Fuentes, Gustavo},
  journal={Sensors},
  volume={22},
  number={9},
  pages={3302},
  year={2022},
  publisher={MDPI}
}

@article{chen2015evaluation,
  title={Evaluation by expert dancers of a robot that performs partnered stepping via haptic interaction},
  author={Chen, Tiffany L and Bhattacharjee, Tapomayukh and McKay, J Lucas and Borinski, Jacquelyn E and Hackney, Madeleine E and Ting, Lena H and Kemp, Charles C},
  journal={PloS one},
  volume={10},
  number={5},
  pages={e0125179},
  year={2015},
  publisher={Public Library of Science San Francisco, CA USA}
}

@article{chen2017older,
  title={Older adults’ acceptance of a robot for partner dance-based exercise},
  author={Chen, Tiffany L and Bhattacharjee, Tapomayukh and Beer, Jenay M and Ting, Lena H and Hackney, Madeleine E and Rogers, Wendy A and Kemp, Charles C},
  journal={PloS one},
  volume={12},
  number={10},
  pages={e0182736},
  year={2017},
  publisher={Public Library of Science San Francisco, CA USA}
}

@article{clarke2016physiotherapy,
  title={Physiotherapy and occupational therapy vs no therapy in mild to moderate Parkinson disease: a randomized clinical trial},
  author={Clarke, Carl E and Patel, Smitaa and Ives, Natalie and Rick, Caroline E and Dowling, Francis and Woolley, Rebecca and Wheatley, Keith and Walker, Marion F and Sackley, Catherine M and PD REHAB collaborative group and others},
  journal={JAMA neurology},
  volume={73},
  number={3},
  pages={291--299},
  year={2016},
  publisher={American Medical Association}
}

@article{davis1989perceived,
  title={Perceived usefulness, perceived ease of use, and user acceptance of information technology},
  author={Davis, Fred D},
  journal={MIS quarterly},
  pages={319--340},
  year={1989},
  publisher={JSTOR}
}

@article{dos2018effects,
  title={Effects of dance practice on functional mobility, motor symptoms and quality of life in people with Parkinson’s disease: a systematic review with meta-analysis},
  author={dos Santos Delabary, Marcela and Komeroski, Isabel Giovannini and Monteiro, Elren Passos and Costa, Rochelle Rocha and Haas, Aline Nogueira},
  journal={Aging clinical and experimental research},
  volume={30},
  pages={727--735},
  year={2018},
  publisher={Springer}
}

@article{doss2023comprehensive,
  title={A comprehensive review of wearable assistive robotic devices used for head and neck rehabilitation},
  author={Doss, Arockia Selvakumar Arockia and Lingampally, Pavan Kalyan and Nguyen, Gia Minh Thao and Schilberg, Daniel},
  journal={Results in Engineering},
  volume={19},
  pages={101306},
  year={2023},
  publisher={Elsevier}
}

@article{factor2014freezing,
  title={Freezing of gait subtypes have different cognitive correlates in Parkinson's disease},
  author={Factor, SA and Scullin, MK and Sollinger, AB and Land, JO and Wood-Siverio, C and Zanders, L and Freeman, A and Bliwise, DL and Goldstein, FC},
  journal={Parkinsonism \& related disorders},
  volume={20},
  number={12},
  pages={1359--1364},
  year={2014},
  publisher={Elsevier}
}

@article{fasola2012using,
  title={Using socially assistive human--robot interaction to motivate physical exercise for older adults},
  author={Fasola, Juan and Mataric, Maja J},
  journal={Proceedings of the IEEE},
  volume={100},
  number={8},
  pages={2512--2526},
  year={2012},
  publisher={IEEE}
}

@article{feigin2021burden,
  title={Burden of neurological disorders across the US from 1990-2017: a global burden of disease study},
  author={Feigin, Valery L and Vos, Theo and Alahdab, Fares and Amit, Arianna Maever L and B{\"a}rnighausen, Till Winfried and Beghi, Ettore and Beheshti, Mahya and Chavan, Prachi P and Criqui, Michael H and Desai, Rupak and others},
  journal={JAMA neurology},
  volume={78},
  number={2},
  pages={165--176},
  year={2021},
  publisher={American Medical Association}
}

@article{feingold2021robot,
  title={A robot goes to rehab: a novel gamified system for long-term stroke rehabilitation using a socially assistive robot—methodology and usability testing},
  author={Feingold-Polak, Ronit and Barzel, Oren and Levy-Tzedek, Shelly},
  journal={Journal of NeuroEngineering and Rehabilitation},
  volume={18},
  number={1},
  pages={1--18},
  year={2021},
  publisher={BioMed Central}
}

@article{ferrazzoli2016does,
  title={Does cognitive impairment affect rehabilitation outcome in Parkinson’s disease?},
  author={Ferrazzoli, Davide and Ortelli, Paola and Maestri, Roberto and Bera, Rossana and Giladi, Nir and Ghilardi, Maria Felice and Pezzoli, Gianni and Frazzitta, Giuseppe},
  journal={Frontiers in Aging Neuroscience},
  volume={8},
  pages={192},
  year={2016},
  publisher={Frontiers Media SA}
}

@article{fitter2020exercising,
  title={Exercising with Baxter: preliminary support for assistive social-physical human-robot interaction},
  author={Fitter, Naomi T and Mohan, Mayumi and Kuchenbecker, Katherine J and Johnson, Michelle J},
  journal={Journal of neuroengineering and rehabilitation},
  volume={17},
  pages={1--22},
  year={2020},
  publisher={Springer}
}

@article{foster2021occupational,
  title={Occupational therapy interventions for instrumental activities of daily living for adults with Parkinson’s disease: A systematic review},
  author={Foster, Erin R and Carson, Lisa G and Archer, Jamie and Hunter, Elizabeth G},
  journal={The American Journal of Occupational Therapy},
  volume={75},
  number={3},
  year={2021},
  publisher={American Occupational Therapy Association}
}

@article{geurtsen2014parkinson,
  title={Parkinson's disease mild cognitive impairment: application and validation of the criteria},
  author={Geurtsen, Gert J and Hoogland, Jeroen and Goldman, Jennifer G and Schmand, Ben A and Tr{\"o}ster, Alexander I and Burn, David J and Litvan, Irene and others},
  journal={Journal of Parkinson's disease},
  volume={4},
  number={2},
  pages={131--137},
  year={2014},
  publisher={IOS Press}
}

@article{gilat2021systematic,
  title={A systematic review on exercise and training-based interventions for freezing of gait in Parkinson’s disease},
  author={Gilat, Moran and Ginis, Pieter and Zoetewei, Demi and De Vleeschhauwer, Joni and Hulzinga, Femke and D’Cruz, Nicholas and Nieuwboer, Alice},
  journal={npj Parkinson's Disease},
  volume={7},
  number={1},
  pages={81},
  year={2021},
  publisher={Nature Publishing Group UK London}
}

@article{hackney2007effects,
  title={Effects of tango on functional mobility in Parkinson's disease: a preliminary study},
  author={Hackney, Madeleine E and Kantorovich, Svetlana and Levin, Rebecca and Earhart, Gammon M},
  journal={Journal of neurologic physical therapy},
  volume={31},
  number={4},
  pages={173--179},
  year={2007},
  publisher={LWW}
}

@article{hackney2008tai,
  title={Tai Chi improves balance and mobility in people with Parkinson disease},
  author={Hackney, Madeleine E and Earhart, Gammon M},
  journal={Gait \& posture},
  volume={28},
  number={3},
  pages={456--460},
  year={2008},
  publisher={Elsevier}
}

@incollection{hart1988development,
  title={Development of NASA-TLX (Task Load Index): Results of empirical and theoretical research},
  author={Hart, Sandra G and Staveland, Lowell E},
  booktitle={Advances in psychology},
  volume={52},
  pages={139--183},
  year={1988},
  publisher={Elsevier}
}

@inproceedings{hart2006nasa,
  title={NASA-task load index (NASA-TLX); 20 years later},
  author={Hart, Sandra G},
  booktitle={Proceedings of the human factors and ergonomics society annual meeting},
  volume={50},
  number={9},
  pages={904--908},
  year={2006},
  organization={Sage publications Sage CA: Los Angeles, CA}
}

@article{janssen2020effects,
  title={The effects of augmented reality visual cues on turning in place in Parkinson's disease patients with freezing of gait},
  author={Janssen, Sabine and de Ruyter van Steveninck, Jaap and Salim, Hizirwan S and Cockx, Helena M and Bloem, Bastiaan R and Heida, Tjitske and Van Wezel, Richard JA},
  journal={Frontiers in neurology},
  volume={11},
  pages={185},
  year={2020},
  publisher={Frontiers Media SA}
}

@article{johnson2003design,
  title={Design and evaluation of Driver's SEAT: A car steering simulation environment for upper limb stroke therapy},
  author={Johnson, Michelle J and Van der Loos, HF Machiel and Burgar, Charles G and Shor, Peggy and Leifer, Larry J},
  journal={Robotica},
  volume={21},
  number={1},
  pages={13--23},
  year={2003},
  publisher={Cambridge University Press}
}

@article{jutai2002psychosocial,
  title={Psychosocial impact of assistive devices scale (PIADS)},
  author={Jutai, Jeffrey and Day, Hy},
  journal={Technology and Disability},
  volume={14},
  number={3},
  pages={107--111},
  year={2002},
  publisher={IOS Press}
}

@inproceedings{kemp2022design,
  title={The design of stretch: A compact, lightweight mobile manipulator for indoor human environments},
  author={Kemp, Charles C and Edsinger, Aaron and Clever, Henry M and Matulevich, Blaine},
  booktitle={2022 International Conference on Robotics and Automation (ICRA)},
  pages={3150--3157},
  year={2022},
  organization={IEEE}
}

@article{klaic2024application,
  title={Application of the extended technology acceptance model to explore clinician likelihood to use robotics in rehabilitation},
  author={Klaic, Marlena and Fong, Justin and Crocher, Vincent and Davies, Katie and Brock, Kim and Sutton, Emma and Oetomo, Denny and Tan, Ying and Galea, Mary P},
  journal={Disability and rehabilitation: Assistive Technology},
  volume={19},
  number={1},
  pages={52--59},
  year={2024},
  publisher={Taylor \& Francis}
}

@article{krebs2004rehabilitation,
  title={Rehabilitation robotics: pilot trial of a spatial extension for MIT-Manus},
  author={Krebs, Hermano I and Ferraro, Mark and Buerger, Stephen P and Newbery, Miranda J and Makiyama, Antonio and Sandmann, Michael and Lynch, Daniel and Volpe, Bruce T and Hogan, Neville},
  journal={Journal of neuroengineering and rehabilitation},
  volume={1},
  pages={1--15},
  year={2004},
  publisher={Springer}
}

@article{kwon2023systematic,
  title={A systematic review and meta-analysis on the effect of virtual reality-based rehabilitation for people with Parkinson’s disease},
  author={Kwon, Sun-Ho and Park, Jae Kyung and Koh, Young Ho},
  journal={Journal of neuroengineering and rehabilitation},
  volume={20},
  number={1},
  pages={1--14},
  year={2023},
  publisher={BioMed Central}
}

@article{lamsey2023stretch,
  title={Stretch with Stretch: Physical Therapy Exercise Games Led by a Mobile Manipulator},
  author={Lamsey, Matthew and Tan, You Liang and Wells, Meredith D and Beatty, Madeline and Liu, Zexuan and Majumdar, Arjun and Washington, Kendra and Feldman, Jerry and Kuppuswamy, Naveen and Nguyen, Elizabeth and others},
  journal={arXiv preprint arXiv:2312.13279},
  year={2023}
}

@article{litvan2011mds,
  title={MDS Task Force on mild cognitive impairment in Parkinson's disease: critical review of PD-MCI},
  author={Litvan, Irene and Aarsland, Dag and Adler, Charles H and Goldman, Jennifer G and Kulisevsky, Jaime and Mollenhauer, Brit and Rodriguez-Oroz, Maria C and Tr{\"o}ster, Alexander I and Weintraub, Daniel},
  journal={Movement disorders},
  volume={26},
  number={10},
  pages={1814--1824},
  year={2011},
  publisher={Wiley Online Library}
}

@article{mak2017long,
  title={Long-term effects of exercise and physical therapy in people with Parkinson disease},
  author={Mak, Margaret K and Wong-Yu, Irene S and Shen, Xia and Chung, Chloe L},
  journal={Nature Reviews Neurology},
  volume={13},
  number={11},
  pages={689--703},
  year={2017},
  publisher={Nature Publishing Group UK London}
}

@article{mak2019exercise,
  title={Exercise for Parkinson's disease},
  author={Mak, Margaret KY and Wong-Yu, Irene SK},
  journal={International review of neurobiology},
  volume={147},
  pages={1--44},
  year={2019},
  publisher={Elsevier}
}

@article{mascret2023acceptance,
  title={Acceptance of a Mobile telepresence robot, before use, to remotely supervise older adults’ adapted physical activity},
  author={Mascret, Nicolas and Temprado, Jean-Jacques},
  journal={International Journal of Environmental Research and Public Health},
  volume={20},
  number={4},
  pages={3012},
  year={2023},
  publisher={MDPI}
}

@article{mchugh2012interrater,
  title={Interrater reliability: the kappa statistic},
  author={McHugh, Mary L},
  journal={Biochemia medica},
  volume={22},
  number={3},
  pages={276--282},
  year={2012},
  publisher={Medicinska naklada}
}

@article{o2014clinical,
  title={Clinical decision making and examination},
  author={O’Sullivan, Susan B and Schmitz, Thomas J and Chui, Kevin K and Yen, Sheng-Che and Pappas, Evangelos and White, D Joyce and McKibben, Richard J and Portney, Leslie G and Burnfield, Judith M and Cesar, Guilherme M and others},
  journal={Physical rehabilitation. 6th ed. Philadelphia: FA Davis},
  pages={1--20},
  year={2014}
}

@article{onishi2024moffuly,
  title={Moffuly-II: A robot that hugs and rubs heads},
  author={Onishi, Yuya and Sumioka, Hidenobu and Shiomi, Masahiro},
  journal={International Journal of Social Robotics},
  volume={16},
  number={2},
  pages={299--309},
  year={2024},
  publisher={Springer}
}

@article{pal2016global,
  title={Global cognitive function and processing speed are associated with gait and balance dysfunction in Parkinson’s disease},
  author={Pal, Gian and O’Keefe, Joan and Robertson-Dick, Erin and Bernard, Bryan and Anderson, Sharlet and Hall, Deborah},
  journal={Journal of NeuroEngineering and Rehabilitation},
  volume={13},
  pages={1--8},
  year={2016},
  publisher={Springer}
}

@article{pickering2013self,
  title={Self reported adherence to a home-based exercise programme among people with Parkinson's disease},
  author={Pickering, Ruth M and Fitton, Carolyn and Ballinger, Claire and Fazakarley, Louise and Ashburn, Ann},
  journal={Parkinsonism \& related disorders},
  volume={19},
  number={1},
  pages={66--71},
  year={2013},
  publisher={Elsevier}
}

@article{pretzer2009parkinson,
  title={Parkinson's disease: barriers and facilitators to optimizing function},
  author={Pretzer-Aboff, Ingrid and Galik, Elizabeth and Resnick, Barbara},
  journal={Rehabilitation Nursing},
  volume={34},
  number={2},
  pages={54--60},
  year={2009},
  publisher={Wiley Online Library}
}

@article{protas2005gait,
  title={Gait and step training to reduce falls in Parkinson's disease},
  author={Protas, Elizabeth J and Mitchell, Katy and Williams, Amanda and Qureshy, Huma and Caroline, Kavitha and Lai, Eugene C},
  journal={NeuroRehabilitation},
  volume={20},
  number={3},
  pages={183--190},
  year={2005},
  publisher={IOS Press}
}

@article{regmi2020design,
  title={Design methodology for robotic manipulator for overground physical interaction tasks},
  author={Regmi, Sambad and Song, Yun Seong},
  journal={Journal of Mechanisms and Robotics},
  volume={12},
  number={4},
  pages={041002},
  year={2020},
  publisher={American Society of Mechanical Engineers}
}

@article{rosen2013media,
  title={The media and technology usage and attitudes scale: An empirical investigation},
  author={Rosen, Larry D and Whaling, Kelly and Carrier, L Mark and Cheever, Nancy A and Rokkum, Jeffrey},
  journal={Computers in human behavior},
  volume={29},
  number={6},
  pages={2501--2511},
  year={2013},
  publisher={Elsevier}
}

@article{rosenberg2009everyday,
  title={Everyday technology use questionnaire: psychometric evaluation of a new assessment of competence in technology use},
  author={Rosenberg, Lena and Nyg{\aa}rd, Louise and Kottorp, Anders},
  journal={OTJR: Occupation, Participation and Health},
  volume={29},
  number={2},
  pages={52--62},
  year={2009},
  publisher={Sage Publications Sage CA: Los Angeles, CA}
}

@article{salgado2013evidence,
  title={An evidence-based exercise regimen for patients with mild to moderate Parkinson’s disease},
  author={Salgado, Sanjay and Williams, Nori and Kotian, Rima and Salgado, Miran},
  journal={Brain sciences},
  volume={3},
  number={1},
  pages={87--100},
  year={2013},
  publisher={MDPI}
}

@article{sanchez2020impact,
  title={The impact of a novel immersive virtual reality technology associated with serious games in Parkinson’s disease patients on upper limb rehabilitation: a mixed methods intervention study},
  author={S{\'a}nchez-Herrera-Baeza, Patricia and Cano-de-la-Cuerda, Roberto and O{\~n}a-Simba{\~n}a, Edwin Daniel and Palacios-Ce{\~n}a, Domingo and P{\'e}rez-Corrales, Jorge and Cuenca-Zaldivar, Juan Nicolas and Gueita-Rodriguez, Javier and Balaguer-Bernaldo de Quir{\'o}s, Carlos and Jard{\'o}n-Huete, Alberto and Cuesta-Gomez, Alicia},
  journal={Sensors},
  volume={20},
  number={8},
  pages={2168},
  year={2020},
  publisher={MDPI}
}

@article{schenkman2012exercise,
  title={Exercise for people in early-or mid-stage Parkinson disease: a 16-month randomized controlled trial},
  author={Schenkman, Margaret and Hall, Deborah A and Bar{\'o}n, Anna E and Schwartz, Robert S and Mettler, Pamela and Kohrt, Wendy M},
  journal={Physical therapy},
  volume={92},
  number={11},
  pages={1395--1410},
  year={2012},
  publisher={Oxford University Press}
}

@inproceedings{sobrepera2022therapists,
  title={Therapists' Opinions on Telehealth, Robotics, and Socially Assistive Robot-Augmented Telepresence Systems for Rehabilitation},
  author={Sobrepera, Michael J and Lee, Vera G and Johnson, Michelle J},
  booktitle={2022 9th IEEE RAS/EMBS International Conference for Biomedical Robotics and Biomechatronics (BioRob)},
  pages={1--8},
  year={2022},
  organization={IEEE}
}

@article{stegemoller2014timed,
  title={Timed up and go, cognitive, and quality-of-life correlates in Parkinson's disease},
  author={Stegem{\"o}ller, Elizabeth L and Nocera, Joe and Malaty, Irene and Shelley, Mack and Okun, Michael S and Hass, Chris J and NPF Quality Improvement Initiative Investigators and others},
  journal={Archives of physical medicine and rehabilitation},
  volume={95},
  number={4},
  pages={649--655},
  year={2014},
  publisher={Elsevier}
}

@article{tran2021hand,
  title={Hand exoskeleton systems, clinical rehabilitation practices, and future prospects},
  author={Tran, Phillip and Jeong, Seokhwan and Herrin, Kinsey R and Desai, Jaydev P},
  journal={IEEE Transactions on Medical Robotics and Bionics},
  volume={3},
  number={3},
  pages={606--622},
  year={2021},
  publisher={IEEE}
}

@article{tunur2020augmented,
  title={Augmented reality-based dance intervention for individuals with Parkinson’s disease: A pilot study},
  author={Tunur, Tumay and DeBlois, Amy and Yates-Horton, Elizabeth and Rickford, Kara and Columna, Luis A},
  journal={Disability and health journal},
  volume={13},
  number={2},
  pages={100848},
  year={2020},
  publisher={Elsevier}
}

@article{urrutia2023spasticity,
  title={Spasticity evaluation with the Amadeo Tyromotion device in patients with hemispheric stroke},
  author={Urrutia, Roc{\'\i}o and Miren Guti{\'e}rrez-Muto, Ane and Sanz-Mor{\`e}re, Clara B and G{\'o}mez, Arantxa and Politi, Angela M and Lunardini, Francesca and Baccini, Marco and Cecchi, Francesca and Le{\'o}n, Natacha and Oliviero, Antonio and others},
  journal={Frontiers in Neurorobotics},
  volume={17},
  pages={1172770},
  year={2023},
  publisher={Frontiers Media SA}
}

@article{vakili2023impact,
  title={The impact of two robotic-assisted devices on the functional hand recovery in post-stroke adult rehabilitation: a review},
  author={Vakili, Leila},
  year={2023},
  publisher={Laurentian University of Sudbury}
}

@article{van2013effects,
  title={Effects of exercise on mobility in people with Parkinson's disease},
  author={van der Kolk, Nicolien M and King, Laurie A},
  journal={Movement Disorders},
  volume={28},
  number={11},
  pages={1587--1596},
  year={2013},
  publisher={Wiley Online Library}
}

@book{world2015world,
  title={World report on ageing and health},
  author={World Health Organization},
  year={2015},
  publisher={World Health Organization}
}

@ARTICLE{wuversatile,
  author={Wu, Mengnan and Qiu, Yingxin and Ueda, Jun and Ting, Lena H.},
  journal={IEEE Robotics and Automation Letters}, 
  title={A Versatile Emulator for Haptic Communication to Alter Human Gait Parameters}, 
  year={2022},
  volume={7},
  number={3},
  pages={7335-7342},
  keywords={Legged locomotion;Haptic interfaces;Robots;Servomotors;Robot kinematics;Force;Bandwidth;Physical human-robot interaction;haptics and haptic interfaces;rehabilitation robotics;haptic communication;robotic emulators},
  doi={10.1109/LRA.2022.3182109}}

@article{venkatesh2000theoretical,
  title={A theoretical extension of the technology acceptance model: Four longitudinal field studies},
  author={Venkatesh, Viswanath and Davis, Fred D},
  journal={Management science},
  volume={46},
  number={2},
  pages={186--204},
  year={2000},
  publisher={INFORMS}
}

@article{venkatesh2008technology,
  title={Technology acceptance model 3 and a research agenda on interventions},
  author={Venkatesh, Viswanath and Bala, Hillol},
  journal={Decision sciences},
  volume={39},
  number={2},
  pages={273--315},
  year={2008},
  publisher={Wiley Online Library}
}

@article{yang2020current,
  title={Current and projected future economic burden of Parkinson’s disease in the US},
  author={Yang, Wenya and Hamilton, Jamie L and Kopil, Catherine and Beck, James C and Tanner, Caroline M and Albin, Roger L and Ray Dorsey, E and Dahodwala, Nabila and Cintina, Inna and Hogan, Paul and others},
  journal={npj Parkinson's Disease},
  volume={6},
  number={1},
  pages={15},
  year={2020},
  publisher={Nature Publishing Group UK London}
}
