




@STRING{IEEE_J_GCN        = "{IEEE} Trans. Green Commun. Net. "}



%%%%%   IEEE J.S   %%%%%
% aerospace and military
@STRING{IEEE_J_AES        = "{IEEE} Trans. Aerosp. Electron. Syst."}
@STRING{IEEE_J_ANE        = "{IEEE} Trans. Aerosp. Navig. Electron."}
@STRING{IEEE_J_ANNE       = "{IEEE} Trans. Aeronaut. Navig. Electron."}
@STRING{IEEE_J_AS         = "{IEEE} Trans. Aerosp."}
@STRING{IEEE_J_AIRE       = "{IEEE} Trans. Airborne Electron."}
@STRING{IEEE_J_MIL        = "{IEEE} Trans. Mil. Electron."}

@STRING{IEEE_J_JCN        = "{IEEE} J. Commun. Net."}

% autos, transportation and vehicles (non-aerospace)
@STRING{IEEE_J_ITS        = "{IEEE} Trans. Intell. Transport. Syst."}
@STRING{IEEE_J_VT         = "{IEEE} Trans. Veh. Technol."}
@STRING{IEEE_J_VC         = "{IEEE} Trans. Veh. Commun."}



% circuits, signals, systems, audio and controls
@STRING{IEEE_J_SPL        = "{IEEE} Signal Processing Lett."}
@STRING{IEEE_J_ASSP       = "{IEEE} Trans. Acoust., Speech, Signal Processing"}
@STRING{IEEE_J_AU         = "{IEEE} Trans. Audio"}
@STRING{IEEE_J_AUEA       = "{IEEE} Trans. Audio Electroacoust."}
@STRING{IEEE_J_AC         = "{IEEE} Trans. Automat. Contr."}
@STRING{IEEE_J_CAS        = "{IEEE} Trans. Circuits Syst."}
@STRING{IEEE_J_CASVT      = "{IEEE} Trans. Circuits Syst. Video Technol."}
@STRING{IEEE_J_CASI       = "{IEEE} Trans. Circuits Syst. {I}"}
@STRING{IEEE_J_CASII      = "{IEEE} Trans. Circuits Syst. {II}"}
@STRING{IEEE_J_CT         = "{IEEE} Trans. Circuit Theory"}
@STRING{IEEE_J_CST        = "{IEEE} Trans. Contr. Syst. Technol."}
@STRING{IEEE_J_SP         = "{IEEE} Trans. Signal Processing"}
@STRING{IEEE_J_SU         = "{IEEE} Trans. Sonics Ultrason."}
@STRING{IEEE_J_SAP        = "{IEEE} Trans. Speech Audio Processing"}
@STRING{IEEE_J_UE         = "{IEEE} Trans. Ultrason. Eng."}
@STRING{IEEE_J_UFFC       = "{IEEE} Trans. Ultrason., Ferroelect., Freq. Contr."}
@STRING{IEEE_J_STSP       = "{IEEE} J. Select. Topics Signal Processing"}
@STRING{IEEE_J_ESTCAS     = "{IEEE} J. Emerg. Select. Topics Circuits Syst."}


% communications
@STRING{IEEE_J_COML       = "{IEEE} Commun. Lett."}
@STRING{IEEE_J_WCL       = "{IEEE} Wireless Commun. Lett."}
@STRING{IEEE_J_JSAC       = "{IEEE} J. Select. Areas Commun."}
@STRING{IEEE_J_COM        = "{IEEE} Trans. Commun."}
@STRING{IEEE_J_COMT       = "{IEEE} Trans. Commun. Technol."}
@STRING{IEEE_J_WCOM       = "{IEEE} Trans. Wireless Commun."}

% components, packaging and manufacturing
@STRING{IEEE_J_ADVP       = "{IEEE} Trans. Adv. Packag."}
@STRING{IEEE_J_CHMT       = "{IEEE} Trans. Comp., Hybrids, Manufact. Technol."}
@STRING{IEEE_J_CPMTA      = "{IEEE} Trans. Comp., Packag., Manufact. Technol. {A}"}
@STRING{IEEE_J_CPMTB      = "{IEEE} Trans. Comp., Packag., Manufact. Technol. {B}"}
@STRING{IEEE_J_CPMTC      = "{IEEE} Trans. Comp., Packag., Manufact. Technol. {C}"}
@STRING{IEEE_J_CAPT       = "{IEEE} Trans. Comp. Packag. Technol."}
@STRING{IEEE_J_CAPTS      = "{IEEE} Trans. Comp. Packag. Technol."}
@STRING{IEEE_J_CPART      = "{IEEE} Trans. Comp. Parts"}
@STRING{IEEE_J_EPM        = "{IEEE} Trans. Electron. Packag. Manufact."}
@STRING{IEEE_J_MFT        = "{IEEE} Trans. Manufact. Technol."}
@STRING{IEEE_J_PHP        = "{IEEE} Trans. Parts, Hybrids, Packag."}
@STRING{IEEE_J_PMP        = "{IEEE} Trans. Parts, Mater., Packag."}





% CAD
@STRING{IEEE_J_TCAD       = "{IEEE} J. Technol. Computer Aided Design"}
@STRING{IEEE_J_CAD        = "{IEEE} Trans. Computer-Aided Design"}



% coding, data, information, knowledge
@STRING{IEEE_J_IT         = "{IEEE} Trans. Inform. Theory"}
@STRING{IEEE_J_KDE        = "{IEEE} Trans. Knowledge Data Eng."}



% computers, computation, networking and software
@STRING{IEEE_J_C          = "{IEEE} Trans. Comput."}
@STRING{IEEE_J_ECOMP      = "{IEEE} Trans. Electron. Comput."}
@STRING{IEEE_J_EVC        = "{IEEE} Trans. Evol. Comput."}
@STRING{IEEE_J_FUZZ       = "{IEEE} Trans. Fuzzy Syst."}
% disabled till definition finalized
@STRING{IEEE_J_MC          = "{IEEE} Trans. Mobile Comput."}
@STRING{IEEE_J_NET        = "{IEEE/ACM} Trans. Networking"}
@STRING{IEEE_J_NN         = "{IEEE} Trans. Neural Networks"}
@STRING{IEEE_J_PDS        = "{IEEE} Trans. Parallel Distrib. Syst."}
@STRING{IEEE_J_SE         = "{IEEE} Trans. Software Eng."}



% computer graphics, imaging, and multimedia
@STRING{IEEE_J_IP         = "{IEEE} Trans. Image Processing"}
@STRING{IEEE_J_MM         = "{IEEE} Trans. Multimedia"}
@STRING{IEEE_J_VCG        = "{IEEE} Trans. Visual. Comput. Graphics"}



% cybernetics, ergonomics, robots, man-machine, and automation
@STRING{IEEE_J_JRA        = "{IEEE} J. Robot. Automat."}
@STRING{IEEE_J_HFE        = "{IEEE} Trans. Hum. Factors Electron."}
@STRING{IEEE_J_MMS        = "{IEEE} Trans. Man-Mach. Syst."}
@STRING{IEEE_J_PAMI       = "{IEEE} Trans. Pattern Anal. Machine Intell."}
@STRING{IEEE_J_RA         = "{IEEE} Trans. Robot. Automat."}
@STRING{IEEE_J_SMC        = "{IEEE} Trans. Syst., Man, Cybern."}
@STRING{IEEE_J_SMCA       = "{IEEE} Trans. Syst., Man, Cybern. {A}"}
@STRING{IEEE_J_SMCB       = "{IEEE} Trans. Syst., Man, Cybern. {B}"}
@STRING{IEEE_J_SMCC       = "{IEEE} Trans. Syst., Man, Cybern. {C}"}
@STRING{IEEE_J_SSC        = "{IEEE} Trans. Syst. Sci. Cybernetics"}



% earth, wind, fire and water
@STRING{IEEE_J_GE         = "{IEEE} Trans. Geosci. Electron."}
@STRING{IEEE_J_GRS        = "{IEEE} Trans. Geosci. Remote Sensing"}
@STRING{IEEE_J_OE         = "{IEEE} J. Oceanic Eng."}



% education, engineering, history, IEEE, professional
% disabled till definition is verified
STRING{IEEE_J_CJECE       = "Canadian J. Elect. Comput. Eng."}
@STRING{IEEE_J_PROC       = "Proc. {IEEE}"}
@STRING{IEEE_J_EDU        = "{IEEE} Trans. Educ."}
@STRING{IEEE_J_EM         = "{IEEE} Trans. Eng. Manage."}
% disabled till definition is verified
STRING{IEEE_J_EWS         = "{IEEE} Trans. Eng. Writing Speech"}
@STRING{IEEE_J_PC         = "{IEEE} Trans. Prof. Commun."}



% electromagnetics, antennas, EMI, magnetics and microwave
@STRING{IEEE_J_AWPL       = "{IEEE} Antennas Wireless Propagat. Lett."}
@STRING{IEEE_J_MGWL       = "{IEEE} Microwave Guided Wave Lett."}
% IEEE seems to want "Compon." here, not "Comp."
@STRING{IEEE_J_MWCL       = "{IEEE} Microwave Wireless Compon. Lett."}
@STRING{IEEE_J_AP         = "{IEEE} Trans. Antennas Propagat."}
@STRING{IEEE_J_EMC        = "{IEEE} Trans. Electromagn. Compat."}
@STRING{IEEE_J_MAG        = "{IEEE} Trans. Magn."}
@STRING{IEEE_J_MTT        = "{IEEE} Trans. Microwave Theory Tech."}
@STRING{IEEE_J_RFI        = "{IEEE} Trans. Radio Freq. Interference"}
@STRING{IEEE_J_TJMJ       = "{IEEE} Transl. J. Magn. Jpn."}



% energy and power
@STRING{IEEE_J_EC         = "{IEEE} Trans. Energy Conversion"}
@STRING{IEEE_J_PWRAS      = "{IEEE} Trans. Power App. Syst."}
@STRING{IEEE_J_PWRD       = "{IEEE} Trans. Power Delivery"}
@STRING{IEEE_J_PWRE       = "{IEEE} Trans. Power Electron."}
@STRING{IEEE_J_PWRS       = "{IEEE} Trans. Power Syst."}



% industrial, commercial and consumer
@STRING{IEEE_J_APPIND     = "{IEEE} Trans. Applicat. Ind."}
@STRING{IEEE_J_BC         = "{IEEE} Trans. Broadcast."}
% disabled till definition is verified
STRING{IEEE_J_BCTV        = "{IEEE} Trans. Broadcast Television Receivers"}
@STRING{IEEE_J_CE         = "{IEEE} Trans. Consumer Electron."}
@STRING{IEEE_J_IE         = "{IEEE} Trans. Ind. Electron."}
@STRING{IEEE_J_IECI       = "{IEEE} Trans. Ind. Electron. Contr. Instrum."}
@STRING{IEEE_J_IA         = "{IEEE} Trans. Ind. Applicat."}
@STRING{IEEE_J_IGA        = "{IEEE} Trans. Ind. Gen. Applicat."}
@STRING{IEEE_J_IINF       = "{IEEE} Trans. Ind. Informat."}
@STRING{IEEE_J_PSE        = "{IEEE} J. Product Safety Eng."}



% instrumentation and measurement
@STRING{IEEE_J_IM         = "{IEEE} Trans. Instrum. Meas."}



% insulation and materials
% disabled till definition finalized
STRING{IEEE_J_JEM         = "{IEEE/TMS} J. Electron. Mater."}
@STRING{IEEE_J_DEI        = "{IEEE} Trans. Dielect. Elect. Insulation"}
@STRING{IEEE_J_EI         = "{IEEE} Trans. Elect. Insulation"}



% mechanical
@STRING{IEEE_J_MECH       = "{IEEE/ASME} Trans. Mechatron."}
@STRING{IEEE_J_MEMS       = "J. Microelectromech. Syst."}



% medical and biological
@STRING{IEEE_J_BME        = "{IEEE} Trans. Biomed. Eng."}
@STRING{IEEE_J_BMCS       = "{IEEE} Trans. Biomed. Circ. Syst."}
% Note: The B-ME journal later dropped the hyphen and became the BME.
@STRING{IEEE_J_B-ME       = "{IEEE} Trans. Bio-Med. Eng."}
@STRING{IEEE_J_BMELC      = "{IEEE} Trans. Bio-Med. Electron."}
@STRING{IEEE_J_ITBM       = "{IEEE} Trans. Inform. Technol. Biomed."}
@STRING{IEEE_J_ME         = "{IEEE} Trans. Med. Electron."}
@STRING{IEEE_J_MI         = "{IEEE} Trans. Med. Imag."}
% disabled till definition finalized
STRING{IEEE_J_MCTE        = "{IEEE} Trans. Molecular Cellular Tissue Eng."}
@STRING{IEEE_J_NB         = "{IEEE} Trans. Nanobiosci."}
@STRING{IEEE_J_NSRE       = "{IEEE} Trans. Neural Syst. Rehab. Eng."}
@STRING{IEEE_J_RE         = "{IEEE} Trans. Rehab. Eng."}



% optics, lightwave and photonics
@STRING{IEEE_J_PTL        = "{IEEE} Photon. Technol. Lett."}
@STRING{IEEE_J_JLT        = "J. Lightwave Technol."}



% physics, electrons, nanotechnology, nuclear and quantum electronics
@STRING{IEEE_J_EDL        = "{IEEE} Electron Device Lett."}
@STRING{IEEE_J_JQE        = "{IEEE} J. Quantum Electron."}
@STRING{IEEE_J_JSTQE      = "{IEEE} J. Select. Topics Quantum Electron."}
@STRING{IEEE_J_ED         = "{IEEE} Trans. Electron Devices"}
@STRING{IEEE_J_NANO       = "{IEEE} Trans. Nanotechnol."}
@STRING{IEEE_J_NS         = "{IEEE} Trans. Nucl. Sci."}
@STRING{IEEE_J_PS         = "{IEEE} Trans. Plasma Sci."}



% reliability
% IEEE seems to want "Mat." here, not "Mater."
@STRING{IEEE_J_DMR        = "{IEEE} Trans. Device Mat. Rel."}
@STRING{IEEE_J_R          = "{IEEE} Trans. Rel."}



% semiconductors, superconductors, electrochemical and solid state
% disabled till definition finalized
STRING{IEEE_J_ESSL        = "{IEEE/ECS} Electrochemical Solid-State Lett."}
@STRING{IEEE_J_JSSC       = "{IEEE} J. Solid-State Circuits"}
@STRING{IEEE_J_ASC        = "{IEEE} Trans. Appl. Superconduct."}
@STRING{IEEE_J_SM         = "{IEEE} Trans. Semiconduct. Manufact."}



% sensors
@STRING{IEEE_J_SENSOR     = "{IEEE} Sensors J."}
@STRING{IEEE_J_IOT        = "{IEEE} Internet of Things J."}


% VLSI
@STRING{IEEE_J_VLSI       = "{IEEE} Trans. {VLSI} Syst."}





%%%%%%%%%%%%%%%%%%%%
%% IEEE Magazines %%
%%%%%%%%%%%%%%%%%%%%


@STRING{IEEE_M_AES        = "{IEEE} Aerosp. Electron. Syst. Mag"}
@STRING{IEEE_M_HIST       = "{IEEE} Annals Hist. Comput."}
@STRING{IEEE_M_AP         = "{IEEE} Antennas Propagat. Mag."}
@STRING{IEEE_M_ASSP       = "{IEEE} {ASSP} Mag."}
@STRING{IEEE_M_CD         = "{IEEE} Circuits Devices Mag."}
@STRING{IEEE_M_CAS        = "{IEEE} Circuits Syst. Mag."}
@STRING{IEEE_M_COM        = "{IEEE} Commun. Mag."}
@STRING{IEEE_M_COMSOC     = "{IEEE} Commun. Soc. Mag."}
% CSEM changed to CSE in 1999
@STRING{IEEE_M_CSE        = "{IEEE} Comput. Sci. Eng."}
@STRING{IEEE_M_CSEM       = "{IEEE} Comput. Sci. Eng. Mag."}
@STRING{IEEE_M_C          = "{IEEE} Computer"}
@STRING{IEEE_M_CAP        = "{IEEE} Comput. Appl. Power"}
@STRING{IEEE_M_CGA        = "{IEEE} Comput. Graph. Appl."}
@STRING{IEEE_M_CONC       = "{IEEE} Concurrency"}
@STRING{IEEE_M_CS         = "{IEEE} Control Syst. Mag."}
@STRING{IEEE_M_DTC        = "{IEEE} Des. Test. Comput."}
@STRING{IEEE_M_EI         = "{IEEE} Electr. Insul. Mag."}
@STRING{IEEE_M_EMB        = "{IEEE} Eng. Med. Biol. Mag."}
@STRING{IEEE_M_EMR        = "{IEEE} Eng. Manag. Rev."}
@STRING{IEEE_M_EXP        = "{IEEE} Expert"}
@STRING{IEEE_M_IA         = "{IEEE} Ind. Appl. Mag."}
@STRING{IEEE_M_IM         = "{IEEE} Instrum. Meas. Mag."}
@STRING{IEEE_M_IS         = "{IEEE} Intell. Syst."}
@STRING{IEEE_M_IC         = "{IEEE} Internet Comput."}
@STRING{IEEE_M_ITP        = "{IEEE} {IT} Prof."}
@STRING{IEEE_M_MICRO      = "{IEEE} Micro"}
@STRING{IEEE_M_MW         = "{IEEE} Microwave"}
@STRING{IEEE_M_MM         = "{IEEE} Multimedia"}
@STRING{IEEE_M_NET        = "{IEEE} Network"}
% IEEE's editorial manual lists "Pers. Commun.",
% but "Personal Commun. Mag." seems to be what is used in the journals
@STRING{IEEE_M_PCOM       = "{IEEE} Personal Commun. Mag."}
@STRING{IEEE_M_POT        = "{IEEE} Potentials"}
% CAP and PER merged to form PE in 2003
@STRING{IEEE_M_PE         = "{IEEE} Power Energy Mag."}
@STRING{IEEE_M_PER        = "{IEEE} Power Eng. Rev."}
@STRING{IEEE_M_RA         = "{IEEE} Robot. Automat. Mag."}
@STRING{IEEE_M_SP         = "{IEEE} Signal Processing Mag."}
@STRING{IEEE_M_S          = "{IEEE} Softw."}
@STRING{IEEE_M_SPECT      = "{IEEE} Spectr."}
@STRING{IEEE_M_TS         = "{IEEE} Technol. Soc. Mag."}
@STRING{IEEE_M_WC         = "{IEEE} Wireless Commun. Mag."}
@STRING{IEEE_M_TODAY      = "Today's Eng."}
@STRING{IEEE_M_VT         = "{IEEE} Veh. Technol. Mag."}
@STRING{IEEE_FoTNe       = "Foun. and Trends
 in Net."}

@string{ newslit = {IEEE Inform. Theory Soc. Newslett.}}
@string{ vts = {IEEE Veh. Technol. Society (VTS) News}}

%%%%% OTHER J.S   %%%%%
@string{ ams = {Ann. Math. Stat.}}
@string{ bstj = {Bell Syst. Tech. J.}}
@string{ proceed = {Proc. IEEE}}
@string{ bltj = {Bell Labs Tech. J.}}
@string{ el = {IEE Electron. Lett.}}
@string{ ett = {European Trans. Telecommun.}}
@string{ evsp = {Signal Processing, Elsevier}}
@string{ evis = {Information Sciences, Elsevier}}
@string{ eurasip = {EURASIP J. Applied Signal Processing}}
@string{ eurasipjwcn = {EURASIP J. Wireless Comm. and Netw.}}
@string{ eurasipjasp = {EURASIP J. Advances Signal Processing}}
@string{ ieepr = {IEE Proc.}}
@string{ ieeprf = {IEE Proc. -- Commun.}}
@string{ ieicetrcom = {IEICE Trans. Commun.}}
@string{ ieicetrfund = {IEICE Trans. Fundamentals Elec., Commun. and Comp. Sc.}}
@string{ jaeue = {AE\"{U} Int. J. Electron. and Commun.}}
@string{ jap = {J. Appl. Prob.}}
@string{ jasa = {J. Acoust. Soc. Amer.}}
@string{ jasta = {J. Amer. Stat. Assoc.}}
@string{ jcn = {J. Commun. Netw.}}
@string{ jcam = {J. Comput. Appl. Math.}}
@string{ jota = {J. Opt. Theory Appl.}}
@string{ jrss = {J. Royal Stat. Soc.}}
@string{ jrssb = {J. Royal Stat. Soc -- Series B}}
@string{ jvlsi = {J. {VLSI} Signal Processing-Syst. for Signal, Image, and Video Technol., Kluwer}}
@string{ jwin = {Int. J. Wireless Inform. Networks}}
@string{ siamjco = {SIAM J. Contr. Opt.}}
@string{ siamjna = {SIAM J. Numer. Anal.}}
@string{ siamjam = {SIAM J. Appl. Math.}}
@string{ siamrev = {SIAM Review}}
@string{ siamjma = {SIAM J. Matrix Anal. Appl.}}
@string{ siamjo =  {SIAM J. Opt.}}
@string{ wpc = {Wireless Pers. Commun., Kluwer}}
@string{ wnet = {Wireless Networks, Baltzer}}
@string{ wcmc = {Wireless Commun. and Mobile Comput., Wiley}}
@string{ ieeprfrs = {Proc. Inst. Elec. Eng. F}}
@string{ ieeprrsn = {Proc. Inst. Elec. Eng.-Radar, Sonar and Navigation}}
@string{ amm = {Amer. Math. Monthly}}
@string{ iretrit = {IRE Trans. Inform. Theory}}
@string{ irepr = {Proc. IRE}}
@string{ corr = {CoRR}}
@string{ FT_COM_IT = {Found. Trends Commun. Inform. Th.}}
@string{ FT_NET = {Found. Trends Netw.}}
@string{ jgo = {J. Global Optim., Springer}}
@string{ IEEE_ST_COM = {{IEEE} Commun. Surveys \& Tutorials}}
@string{ sigmobile_mccr = {{ACM SIGMOBILE} Mobile Comp. and Commun. Review}}
@string{ ieeeproc = {Proc. of the IEEE}}
@string{ coa = {Comput. Opt. Appl.}}
@string{ IEEE_J_AIEE = {Trans. Amer. Inst. Elec. Eng.}}
@string{ IET_cds = {IET Circ. Dev. Syst.}}
@string{ IEEE_A = {{IEEE} Acc.}}
@string{ aos = {The Ann. Stat.}}
@string{ pdnp = {Phys. D: Nonlin. Phenom.}}
@string{ ahn = {Ad Hoc Netw.}}
@STRING{ IEEE_J_CNS = "{IEEE} Trans. on Contr. Netw. Syst."}
@string{ fcm = {Found. Comput. Math.}}



%%%%%   IEEE CONFERENCES   %%%%%

@string{ asap = {Proc. IEEE Application-Specific Systems, Architectures, and Processors}}
@string{ ctmcglob = {Proc. Commun. Theory Mini-Conf. (CTMC) in conj. IEEE Glob. Telecommun. Conf.}}
@string{ canelcom = {Proceedings of the IEEE Canadian Conference on Electrical and Computer Engineering}}
@string{ cic = {Proceedings of the IEEE Custom Integrated Circuits}}
@string{ dcc = {Proc. IEEE Data Compr. Conf.}}
@string{ globecom = {Proc. IEEE Global Telecommun. Conf.}}
@string{ icc = {Proc. IEEE Int. Conf. Commun.}}
@string{ icce = {Proc. IEEE Int. Consumer Electronics}}
@string{ icct = {Proc. IEEE Int. Conf. Commun. Technol.}}
@string{ icecs = {Proc. IEEE Int. Conf. Electron., Circuits, Syst.}}
@string{ icsp = {Proc. IEEE Int. Conf. Signal Processing}}
@string{ icupc = {Proc. IEEE Int. Conf. Universal Pers. Commun.}}
@string{ icassp = {Proc. IEEE Int. Conf. Acoust., Speech, Signal Processing}}
@string{ isit = {Proc. IEEE Int. Symp. Inform. Theory}}
@string{ isita = {Proc. IEEE Int. Symp. Inform. Theory and its Applications}}
@string{ isssta = {Proc. IEEE Int. Symp. Spread Spectrum Techniques and Applications}}
@string{ milcom = {Proc. IEEE Military Commun. Conf.}}
@string{ pacrim = {Proc. IEEE Pacific Rim Conf. on Communications, Computers and Signal Processing}}
@string{ pimrc = {Proc. IEEE Int. Symp. Pers., Indoor, Mobile Radio Commun.}}
@string{ secon = {Proc. IEEE Int. Conf. Sens., Commun. and Networking}}
@string{ vtc = {Proc. IEEE Veh. Technol. Conf.}}
@string{ iccs_ispacs = {Proc. IEEE Int. Conf. Commun. Syst. and IEEE Int. Workshop Intelligent Signal Processing \& Commun. Syst.}}
@string{ wcnc = {Proc. IEEE Wireless Commun. and Networking Conf.}}
@string{ icpwc = {Proc. IEEE Int. Conf. Pers. Wireless Commun.}}
@string{ mwcn = {Proc. IEEE Conf. Mobile and Wireless Networks}}
@string{ spawc = {Proc. IEEE Works. on Sign. Proc. Adv. in Wirel. Comms.}}
@string{ sam = {Proc. IEEE Sensor Array and Multichannel Sign. Proc. Workshop}}
@string{ ssp = {Proc. IEEE Works. on Statistical Signal Processing}}
@string{ itw = {Proc. IEEE Inform. Theory Workshop}}
@string{ norsig = {Proc. IEEE Nordic Signal Proc. Symp. }}
@string{ iscas = {Proc. IEEE Int. Symp. Circuits and Systems}}
@string{ dyspan = {Proc. IEEE Int. Symp. Dynamic Spectrum Access Networks}}
@string{ crowncom = {Proc. IEEE Int. Conf. Cognitive Radio Oriented Wireless Networks and Communications}}
@string{ plans = {Proc. IEEE Pos., Loc. and Nav. Symp.}}
@string{ iscn = {Proc. IEEE Computer Networks Int. Symp. on}}
@string{ wcs = {Proc. EEE Wireless Commun. Symp. on}}
@string{ icact = {Proc. IEEE Int. Conf. on Adv. Commun. Technol.}}
@string{ ipsn = {Proc. IEEE Int. Symp. on Inform. Proc. in Sensor Networks}}
@string{ iscas = {Proc. IEEE Int. Symp. on Circuits and Systems}}
@string{ icip = {Proc. IEEE Int. Conf. Image Proc.}}
@string{ globalsip = {Proc. IEEE Global Conf. on Signal and Inform. Proc.}}
@string{ infocom = {Proc. IEEE Int. Conf. on Comp. Commun.}}

%%%%% OTHER CONFERENCES   %%%%%
@string{ allerton = {Proc. Annual Allerton Conf. Commun., Contr., Computing}}
@string{ asilomar = {Proc. Annual Asilomar Conf. Signals, Syst., Comp.}}
@string{ acts = {Proc. ACTS Mobile Commun. Summit}}
@string{ cases = {Proc. Compilers, Architecture and Synthesis for Embedded Systems}}


@string{ secon = {Proc. Commun. Society. Conf. on Sensor, Mesh and Ad Hoc Commun. and Net.}}  

@string{ infocom = {Proc. IEEE Int. Conf. on Computer. Commun.  (INFOCOM)}}
@string{ infocomw = {Proc. IEEE Int. Conf. on Computer. Commun.  (INFOCOM) Workshop}}
@string{ pmc = {Proc. IEEE Princ. of Mobile.  Comp.}}
@string{ ciss = {Proc. Conf. Inform. Sciences Syst. (CISS)}}
@string{ chinacom = {Proc. Int. Conf. on Commun. and Networking in China}}
@string{ cost273 = {Proceedings of the {COST} 273 Workshop}}
@string{ epmcc = {Proc. European Pers. Mobile Commun. Conf.}}
@string{ esscirc = {Proc. Solid-State Circ. Conf.}}
@string{ eusipco = {Proc. European Sign. Proc. Conf.}}
@string{ ew = {Proc. European Wireless Conf.}}
@string{ finsig = {Proc. Finnish Sign. Proc. Symp.}}
@string{ fwcw = {Proc. Finnish Wireless Commun. Workshop}}
@string{ icii = {Proc. Int. Conf. Info-Tech \& Info-Net}}
@string{ iee3g = {Proc. IEE 3G Mobile Commun. Technologies}}
@string{ ist = {Proc. IST Mobile \& Wireless Telecommun. Summit}}
@string{ ita = {Proc. Inform. Theory and Appl. Workshop}}
@string{ itg = {Proc. ITG Workshop Smart Antennas}}
@string{ itgsc = {Proc. ITG Conf. Source and Channel Coding}}
@string{ iwssip = {Proc. Int. Conf. on Syst., Sign. and Image Proc.}}
@string{ izsdc = {Proc. Int. Zurich Seminar Digital Commun.}}
@string{ izs = {Proc. Int. Zurich Seminar Broadband Commun.}}
@string{ mcss = {Proc. Int. Workshop Multi-Carrier Spread-Spectrum}}
@string{ norsig = {Proc. Nordic Signal Processing Symp.}}
@string{ nrs = {Proc. Nordic Radio Symp.}}
@string{ rtss = {Proc. IEEE Real. Time. Sys. Symp. }}
@string{ spie = {Proc. SPIE Int. Symp. Optics, Imaging, Instrumentation}}
@string{ turbosymb = {Proc. Int. Symb. on Turbo Codes}}
@string{ tyrrhenian = {Proc. Tyrrhenian Int. Workshop Digital Commun.}}
@string{ ursi = {Proc. URSI/IEEE Convention Radio Science}}
@string{ wpmc = {Proc. Int. Symp. Wireless Pers. Multimedia Commun.}}
@string{ zsem = {Proc. Int. Zurich Seminar Digital Commun.}}
@string{ nrc = {Proc. IEEE Nat. Radar Conf.}}
@string{ nrsfwcw = {Proc. Nordic Signal Processing Symp. including Finnish Wireless Commun. Workshop}}
@string{ icr = {Proc. CIE Int. Conf. Radar}}
@string{ mimocom = {IEE Seminar on MIMO}}
@string{ wwrf = {Proc. Wireless World Research Forum}}
@string{ iswcs = {Proc. Int. Symp. Wireless Commun. Systems}}
@string{ eucap = {Proc. Eur. Conf. Ant. Prop.}}
@string{ wcsp = {Proc. Int. Conf. Wireless Commun. and Sign. Proc.}}
@string{ itb = {Proc. Symp. Information Theory in the Benelux}}
@string{ icml = {Proc. Int. Conf. Mach. Learn.}}








%%%%%%%%%%%%%%%%%%%%%%%%%%%%%%%%%


@ARTICLE{9519697,
  author={Dogan, Ozancan and Akar, Nail},
  journal=IEEE_J_COM, 
  title={The Multi-Source Probabilistically Preemptive {M/PH/1/1} Queue With Packet Errors}, 
  year={2021},
  volume={69},
  number={11},
  pages={7297--7308},
  doi={10.1109/TCOMM.2021.3106347}}










@ARTICLE{9705518,
  author={Abd-Elmagid, Mohamed A. and Dhillon, Harpreet S.},
  journal=IEEE_J_IT, 
  title={Closed-Form Characterization of the {MGF} of {AoI} in Energy Harvesting Status Update Systems}, 
  year={2022},
  volume={68},
  number={6},
  pages={3896-3919},
month=jun,
  }
















@ARTICLE{10345710,
  author={Zhang, Tianci and Chen, Zhengchuan and Tian, Zhong and Zhen, Li and Jia, Yunjian and Wang, Min and Wu, Dapeng Oliver and Quek, Tony Q. S.},
  journal=IEEE_J_IOT, 
  title={On the Timeliness of the Stalest Stream Among Multiple Status Updating Streams}, 
  year={2024},
  volume={11},
  number={8},
  pages={13622-13635},
month=apr,
}




@ARTICLE{Arxakar2024age,
      title={Age of Information in a Single-Source Generate-at-Will Dual-Server Status Update System}, 
      author={Nail Akar and Sennur Ulukus},
      year={2024},
      url={https://arxiv.org/abs/2404.01229}, 
}





@ARTICLE{10139823,
  author={Akar, Nail and Gamgam, Ege Orkun},
  journal=IEEE_J_COML, 
  title={Distribution of Age of Information in Status Update Systems With Heterogeneous Information Sources: {An} Absorbing Markov Chain-Based Approach}, 
  year={2023},
  volume={27},
  number={8},
  pages={2024-2028},
month=may,
}

@ARTICLE{10731902,
  author={Zhang, Tianci and Chen, Zhengchuan and Tian, Zhong and Wang, Min and Zhen, Li and Wu, Dapeng Oliver and Li, Yonghui and Quek, Tony Q. S.},
  journal=IEEE_J_COM, 
  title={Age of Information in Internet of Vehicles: {A} Discrete-Time Multisource Queueing Model}, 
  year={Early Access, 2024},
  volume={},
  number={},
  pages={},
}




@ARTICLE{10038591,
  author={Fiems, Dieter},
  journal=IEEE_J_COML, 
  title={Age of Information Analysis With Preemptive Packet Management}, 
  year={2023},
  volume={27},
  number={4},
  pages={1105-1109},
month=feb,
 }





@article{zhang2023age,
      title={Age of Information in a Multisource {Ber/Geo/1/1} Preemptive Queueing System}, 
      author={Tianci Zhang and Zhengchuan Chen},
      year={2023},
      url={https://arxiv.org/abs/2308.10265}, 
}




@article{inoue2024exact,
      title={Exact Analysis of the Age of Information in the Multi-Source {M/GI/1} Queueing System}, 
      author={Yoshiaki Inoue and Tetsuya Takine},
      year={2024},
      url={https://arxiv.org/abs/2404.05167}, 
}









@ARTICLE{9869867,
  author={Moltafet, Mohammad and Leinonen, Markus and Codreanu, Marian},
  journal=IEEE_J_COM, 
  title={Moment Generating Function of Age of Information in Multisource {M/G/1/1} Queueing Systems}, 
  year={2022},
  volume={70},
  number={10},
  pages={6503-6516},
}





@book{asmussen2008applied,
  title={Applied probability and queues},
  author={Asmussen, S{\o}ren},
  year={2003},
  publisher={New York, NY,
USA: Springer}
}


@article{arxivMG11,
  author    = {Mohammad Moltafet and
               Markus Leinonen and
               Marian Codreanu},
  title     = {Moment Generating Function of Age of Information in Multi-Source {M/G/1/1} Queueing Systems},
  year      = {2022},
  url       = {http://arxiv.org/abs/2201.10991},
 }









@book{baccelli2003elements,
  title={Elements of Queueing Theory},
  author={Baccelli, Francois and Br{\'e}maud, Pierre},
  year={2003},
  publisher={New York, NY,
USA: Springer}
}

@INPROCEEDINGS{9500775,
  author={Deng, Dapeng and Chen, Zhengchuan and Jia, Yunjian and Liang, Liang and Fang, Shuyang and Wang, Min},
  booktitle=icc, 
  title={Age of Information In A Multiple Stream {M/G/1/1} Non-preemptive Queue}, 
  year={2021},
  volume={},
  number={},
  pages={1--6},
address = {Montreal, QC, Canada},

month=jun  # { 14--23},
  doi={10.1109/ICC42927.2021.9500775}}


@INPROCEEDINGS{8006504,
  author={Najm, Elie and Yates, Roy and Soljanin, Emina},
  booktitle=isit, 
  title={Status updates through {M/G/1/1} queues with {HARQ}}, 
  year={2017},
address = {Aachen, Germany},
  pages={131--135},
month=jun  # { 25--30},
 }





@ARTICLE{9099557,
  author={M. {Moltafet} and M. {Leinonen} and M. {Codreanu}},
  journal=IEEE_J_COM, 
  title={On the Age of Information in Multi-Source Queueing Models}, 
  year={2020},
  volume={68},
  number={8},
  pages={5003--5017},
  month=may,
}

@INPROCEEDINGS{9155314,
  author={M. {Moltafet} and M. {Leinonen} and M. {Codreanu}},
  booktitle=wiopt, 
  title={Average Age of Information for a Multi-Source {M/M/1} Queueing Model with Packet Management and Self-Preemption in Service}, 
  year={2020},
  address = {Volos, Greece},
  month=jun  # { 15--19},
  pages={1--5},}


@ARTICLE{9252168,
  author={Moltafet, Mohammad and Leinonen, Markus and Codreanu, Marian},
  journal=IEEE_J_COM, 
  title={Average {AoI} in Multi-Source Systems With Source-Aware Packet Management}, 
  year={2021},
  volume={69},
  number={2},
  pages={1121--1133},
  month=feb,}


@INPROCEEDINGS{9174099,
  author={M. {Moltafet} and M. {Leinonen} and M. {Codreanu}},
  booktitle=isit, 
  title={Average Age of Information for a Multi-Source {M/M/1} Queueing Model With Packet Management}, 
 address = {Los Angeles, CA, USA},
pages={1765--1769},
year={2020},
month=jun # { 21--26},
}





@INPROCEEDINGS{9162681,
  author={M. {Moltafet} and M. {Leinonen} and M. {Codreanu}},
  booktitle=infocomw, 
  title={Average Age of Information in a Multi-Source {M/M/1} Queueing Model with {LCFS} Prioritized Packet Management}, 
 address = {Toronto, Canada},
pages={303--308},
year={2020},
month=jul # { 6--9,},
}

@ARTICLE{Moltafet2020mgf,
    title={Moment generating function of the {AoI} in a two-source system with packet management},
journal=IEEE_J_WCL,
    author={Mohammad Moltafet and Markus Leinonen and Marian Codreanu},
  year={2021},
  volume={10},
  number={4},
  pages={882--886},
month=apr,
}




@INPROCEEDINGS{9611498,
  author={Moltafet, Mohammad and Leinonen, Markus and Codreanu, Marian},
  booktitle=itw, 
  title={Moment Generating Function of the {AoI} in Multi-Source Systems with Computation-Intensive Status Updates}, 
  address = {Kanazawa, Japan},
pages={1--6},
month=oct # { 17--21,},
year={2021},}
  
  
@article{DBLP:journals/corr/abs-2102-01126,
  author    = {Mohammad Moltafet and
               Markus Leinonen and
               Marian Codreanu},
  title     = {Moment Generating Function of the {AoI} in Multi-Source Systems with
               Computation-Intensive Status Updates},
  journal   = {CoRR},
  volume    = {abs/2102.01126},
  year      = {2021},
  url       = {https://arxiv.org/abs/2102.01126},
  archivePrefix = {arXiv},
  eprint    = {2102.01126},
  timestamp = {Tue, 09 Feb 2021 13:35:56 +0100},
  biburl    = {https://dblp.org/rec/journals/corr/abs-2102-01126.bib},
  bibsource = {dblp computer science bibliography, https://dblp.org}
}










@book{6Bixio2016,
  
title={Principles of Digital Communication: {A} Top-Down Approach},
  
author={Bixio Rimoldi},
  
year={2016},
  
publisher={Cambridge, U.K.: Cambridge University Press} 

}





@ARTICLE{9001219,
  author={Q. {Kuang} and J. {Gong} and X. {Chen} and X. {Ma}},
  journal=IEEE_J_TVT, 
  title={Analysis on Computation-Intensive Status Update in Mobile Edge Computing}, 
  year={2020},
  volume={69},
  number={4},
  pages={4353--4366},
  month=feb,
 }


@INPROCEEDINGS{8927944,
  author={Q. {Kuang} and J. {Gong} and X. {Chen} and X. {Ma}},
  booktitle={2019 11th International Conference on Wireless Communications and Signal Processing (WCSP)}, 
  title={Age-of- Information for Computation- Intensive Messages in Mobile Edge Computing}, 
  year={2019},
 address = { Xian, China},
month = oct# { 23--25,},
  pages={1--6},
}







@ARTICLE{771161,
  author={ {Wei Luo} and A. {Ephremides}},
  journal=IEEE_J_IT, 
  title={Stability of N interacting queues in random-access systems}, 
  year={1999},
  volume={45},
  number={5},
  pages={1579--1587},
 month=jul,}

@ARTICLE{21216,
  author={R. R. {Rao} and A. {Ephremides}},
  journal=IEEE_J_IT, 
  title={On the stability of interacting queues in a multiple-access system}, 
  year={1988},
  volume={34},
  number={5},
  pages={918--930},
  month=sep,}



@ARTICLE{8822722,
  author={A. {Arafa} and J. {Yang} and S. {Ulukus} and H. V. {Poor}},
  journal=IEEE_J_IT, 
  title={Age-Minimal Transmission for Energy Harvesting Sensors With Finite Batteries: Online Policies}, 
  year={2020},
  volume={66},
  number={1},
  pages={534--556},
month=sep,}

@INPROCEEDINGS{8422086,
  author={A. {Arafa} and J. {Yang} and S. {Ulukus}},
  booktitle=icc, 
  title={Age-Minimal Online Policies for Energy Harvesting Sensors with Random Battery Recharges}, 
  year={2018},
 address = {Kansas City, MO, USA},
month = may# { 20--24,},
  pages={1--6},
}


@UNPUBLISHED{soysal2019age,
      title={Age of Information in {G/G/1/1} Systems: Age Expressions, Bounds, Special Cases, and Optimization}, 
      author={Alkan Soysal and Sennur Ulukus},
      year={2019},
      url={https://arxiv.org/abs/1905.13743}
}






@INPROCEEDINGS{9048909,
  author={B. {Buyukates} and A. {Soysal} and S. {Ulukus}},
  booktitle=asilomar, 
  title={Age of Information in Multicast Networks with Multiple Update Streams}, 
  year={2019},
 address = {Pacific Grove, CA, USA,},
  month=nov # {  3--6},
  pages={1977--1981},
}







@misc{gu2020optimizing,
      title={Optimizing Information Freshness in Two-Hop Status Update Systems under a Resource Constraint}, 
      author={Yifan Gu and Qian Wang and He Chen and Yonghui Li and Branka Vucetic},
      year={https://arxiv.org/abs/2007.02531, 2020},
      eprint={2007.02531},
      archivePrefix={arXiv},
      primaryClass={cs.IT}
}


@INPROCEEDINGS{9155420,
  author={Z. {Qian} and F. {Wu} and J. {Pan} and K. {Srinivasan} and N. B. {Shroff}},
  booktitle=infocom, 
  title={Minimizing Age of Information in Multi-channel Time-sensitive Information Update Systems}, 
  year={2020},
 address = {Toronto, ON, Canada,},
  month=jul # {  6--9},
  pages={446--455},
}



@ARTICLE{9181539,
  author={B. {Yu} and Y. {Cai} and D. {Wu}},
  journal=IEEE_J_JSAC, 
  title={Joint Access Control and Resource Allocation for Short-Packet-Based {mMTC} in Status Update Systems}, 
  year={Early Access, 2020},
  }







@ARTICLE{8723545,
  author={A. E. {Kalor} and P. {Popovski}},
  journal=IEEE_J_WCL, 
  title={Minimizing the Age of Information From Sensors With Common Observations}, 
  year={2019},
  volume={8},
  number={5},
  pages={1390--1393},
  month=may,}




%86
@ARTICLE{8943134,
  author={R. {Talak} and S. {Karaman} and E. {Modiano}},
  journal={IEEE/ACM Trans. Net.},
  title={Optimizing Information Freshness in Wireless Networks Under General Interference Constraints}, 
  year={2019},
  volume={28},
  number={1},
  pages={15--28},
  month=dec,}


%87
@INPROCEEDINGS{8437688,
  author={R. {Talak} and I. {Kadota} and S. {Karaman} and E. {Modiano}},
  booktitle=isit,
  title={Scheduling Policies for Age Minimization in Wireless Networks with Unknown Channel State}, 
  year={2018},
  address = {Vail, CO, USA},
  month=jun # {  17--22},
  pages={2564--2568},
 }



@ARTICLE{8648525,
  author={E. T. {Ceran} and D. {Gunduz} and A. {Gyorgy}},
  journal=IEEE_J_WCOM, 
  title={Average Age of Information With Hybrid {ARQ} Under a Resource Constraint}, 
  year={2019},
  volume={18},
  number={3},
  pages={1900--1913},
  month=feb,}

%96
@INPROCEEDINGS{8377368,
  author={E. T. {Ceran} and D. {Gunduz} and A. {Gyorgy}},
  booktitle=wcnc, 
  title={Average age of information with hybrid {ARQ} under a resource constraint}, 
 year={2018},
  address = {Barcelona, Spain},
  month=apr # {  15--18},
  pages={1--6},
}


@INPROCEEDINGS{8845182,
  author={E. T. {Ceran} and D. {Gunduz} and A. {Gyorgy}},
  booktitle=infocomw, 
  title={Reinforcement Learning to Minimize Age of Information with an Energy Harvesting Sensor with {HARQ} and Sensing Cost}, 
  year={2019},
 address = {Paris, France},
  month=apr # { 1--2},
  pages={ 656--661},}


%114
@INPROCEEDINGS{8406974,
  author={S. {Feng} and J. {Yang}},
  booktitle=infocomw, 
  title={Optimal status updating for an energy harvesting sensor with a noisy channel}, 
  year={2018},
  address = {Honolulu, HI, USA},
  month=apr # {  15--19},
  pages={348--353},}



%19
@INPROCEEDINGS{7852321,
  author={I. {Kadota} and E. {Uysal-Biyikoglu} and R. {Singh} and E. {Modiano}},
  booktitle=allerton, 
  title={Minimizing the Age of Information in broadcast wireless networks}, 
  year={2016},
  address = {Monticello, IL, USA},
  month=sep # {  27--30},
  pages={844--851},
  doi={10.1109/ALLERTON.2016.7852321}}
%20
@INPROCEEDINGS{8006590,
  author={Y. {Hsu} and E. {Modiano} and L. {Duan}},
  booktitle=isit, 
  title={Age of information: Design and analysis of optimal scheduling algorithms}, 
 year={2017},
  address = {Aachen, Germany},
  month=jun # {  25--30},
  pages={561--565},}



@INPROCEEDINGS{8647466,
  author={M. K. {Abdel-Aziz} and C. {Liu} and S. {Samarakoon} and M. {Bennis} and W. {Saad}},
  booktitle=globecom, 
  title={Ultra-Reliable Low-Latency Vehicular Networks: Taming the Age of Information Tail}, 
  year={2018},
 address = { Abu Dhabi, United Arab Emirates},
  month=dec # {  9--13},
  pages={1--7},
}

@ARTICLE{8937801,
  author={M. K. {Abdel-Aziz} and S. {Samarakoon} and C. {Liu} and M. {Bennis} and W. {Saad}},
  journal=IEEE_J_COM, 
  title={Optimized Age of Information Tail for Ultra-Reliable Low-Latency Communications in Vehicular Networks}, 
  year={2020},
  volume={68},
  number={3},
  pages={1911--1924},
 month=dec}



%%%NEW





@INPROCEEDINGS{9162733,
  author={P. {Rafiee} and P. {Zou} and O. {Ozel} and S. {Subramaniam}},
  booktitle=infocomw, 
  title={Maintaining Information Freshness in Power-Efficient Status Update Systems}, 
  year={2020},
  address = {Toronto, ON, Canada},
  month=jul # {  6--9},
  pages={31--36},
  }




%%%%%%%%%%%%%%%%%%%%%%%%%%%%%%%%%%%%%%%%%%%%%%%%%%%%%%%%%%%%%%%%%%%%%%%










@misc{hatami2020aoi,
      title={{AoI} Minimization in Status Update Control with Energy Harvesting Sensors}, 
      author={Mohammad Hatami and Markus Leinonen and Marian Codreanu},
      year={https://arxiv.org/abs/2009.04224, 2020},
      eprint={2009.04224},
      archivePrefix={arXiv},
      primaryClass={eess.SP}
}





@ARTICLE{8764468,
  author={A. {Kosta} and N. {Pappas} and A. {Ephremides} and V. {Angelakis}},
  journal=jcn, 
  title={Age of information performance of multiaccess strategies with packet management}, 
  year={2019},
  volume={21},
  number={3},
  pages={244--255},
 month=jul,
 }







@INPROCEEDINGS{9174254,
  author={X. {Chen} and K. {Gatsis} and H. {Hassani} and S. S. {Bidokhti}},
  booktitle=isit, 
  title={Age of Information in Random Access Channels}, 
year={2020},
address = {Los Angeles, CA, USA,},
month=jun # {21--26,},
pages={1770--1775},
}






@INPROCEEDINGS{9048933,
  author={A. {Soysal} and S. {Ulukus}},
  booktitle=asilomar, 
  title={Age of Information in {G/G/1/1} Systems}, 
  year={2019},
address = {Pacific Grove, CA, USA},
month=nov # { 3--6,},
  pages={2022--2027},
}




@ARTICLE{8323423,
  author={C. {Kam} and S. {Kompella} and G. D. {Nguyen} and J. E. {Wieselthier} and A. {Ephremides}},
  journal=IEEE_J_IT, 
  title={On the Age of Information With Packet Deadlines}, 
  year={2018},
  volume={64},
  number={9},
  pages={6419--6428},}




@INPROCEEDINGS{8406909,
  author={J. P. {Champati} and H. {Al-Zubaidy} and J. {Gross}},
  booktitle=infocomw, 
  title={Statistical guarantee optimization for age of information for the {D/G/1} queue}, 
  year={2018},
  pages={130--135},
address = {Honolulu, HI, USA},
month=apr # { 15--19,},
}





@INPROCEEDINGS{7541765,
  author={K. {Chen} and L. {Huang}},
  booktitle=isit, 
  title={Age-of-information in the presence of error}, 
  year={2016},
address = {Barcelona, Spain},
month=jul # { 10--15,},
  pages={2579--2583},}





@ARTICLE{8820073,
  author={Y. {Inoue} and H. {Masuyama} and T. {Takine} and T. {Tanaka}},
  journal=IEEE_J_IT, 
  title={A General Formula for the Stationary Distribution of the Age of Information and Its Application to Single-Server Queues}, 
  year={2019},
  volume={65},
  number={12},
  pages={8305--8324},
month=aug,
}





@ARTICLE{8886357,
  author={E. {Najm} and R. {Nasser} and E. {Telatar}},
  journal=IEEE_J_IT, 
  title={Content Based Status Updates}, 
  year={2020},
  volume={66},
  number={6},
  pages={3846--3863},
  month=oct,
}






@ARTICLE{7364263,
  author={C. {Kam} and S. {Kompella} and G. D. {Nguyen} and A. {Ephremides}},
  journal=IEEE_J_IT, 
  title={Effect of Message Transmission Path Diversity on Status Age}, 
  year={2016},
  volume={62},
  number={3},
  pages={1360--1374},
  month=dec,
}






@article{10.2307/2236285,
 

 author = {David G. Kendall},
 
journal = {The Annals of Mathematical Statistics},
 
number = {3},
 
pages = {338--354},
 
publisher = {Institute of Mathematical Statistics},

 title = {Stochastic Processes Occurring in the Theory of Queues and their Analysis by the Method of the Imbedded {Markov} Chain},

 volume = {24},
 
year = {1953}
}







@ARTICLE{8764465,
  author={Y. {Sun} and B. {Cyr}},
  journal=IEEE_J_JCN, 
  title={Sampling for data freshness optimization: Non-linear age functions}, 
  year={2019},
  volume={21},
  number={3},
  pages={204--219},
  month=jul,
}





@INPROCEEDINGS{8445873,
  author={Y. {Sun} and B. {Cyr}},
  booktitle=spawc, 
  title={Information Aging Through Queues: A Mutual Information Perspective}, 
  year={2018},
  pages={1--5},
address = {Kalamata, Greece},
month=jun # { 25--28,},
}













@ARTICLE{8764471,
  author={B. T. {Bacinoglu} and Y. {Sun} and E. {Uysal} and V. {Mutlu}},
  journal=IEEE_J_JCN, 
  title={Optimal status updating with a finite-battery energy harvesting source}, 
  year={2019},
  volume={21},
  number={3},
  pages={280--294},
month=jul,}







@misc{bedewy2020optimal,
      title={Optimal Sampling and Scheduling for Timely Status Updates in Multi-source Networks}, 
      author={Ahmed M. Bedewy and Yin Sun and Sastry Kompella and Ness B. Shroff},
      year={https://arxiv.org/abs/2001.09863, 2020},
      eprint={2001.09863},
      archivePrefix={arXiv},
      primaryClass={cs.IT}
}




@misc{bedewy2019ageoptimal,
      title={Age-optimal Sampling and Transmission Scheduling in Multi-Source Systems}, 
      author={Ahmed M. Bedewy and Yin Sun and Sastry Kompella and Ness B. Shroff},
      year={https://arxiv.org/abs/1812.09463, 2019},
      eprint={1812.09463},
      archivePrefix={arXiv},
      primaryClass={cs.IT}
}







@INPROCEEDINGS{8437573,
  author={B. T. {Bacinoglu} and Y. {Sun} and E. {Uysal Bivikoglu} and V. {Mutlu}},
  booktitle=isit, 
  title={Achieving the Age-Energy Tradeoff with a Finite-Battery Energy Harvesting Source}, 
  year={2018},
  address = {Vail, CO, USA},
  pages={876--880},
  month=jun # { 17--22,},
}



@INPROCEEDINGS{9174098,
  author={R. D. {Yates} and S. K. {Kaul}},
  booktitle=isit, 
  title={Age of Information in Uncoordinated Unslotted Updating}, 
  year={2020},
   address = {Los Angeles, CA, USA},
pages={1759--1764},
month=jun # { 21--26,}
  
}


























%My Papers






@INPROCEEDINGS{9155314,
  author={M. {Moltafet} and M. {Leinonen} and M. {Codreanu}},
  booktitle=wiopt, 
  title={Average Age of Information for a Multi-Source {M/M/1} Queueing Model with Packet Management and Self-Preemption in Service}, 
  year={2020},
  address = {Volos, Greece},
  month=jun  # { 15--19},
  pages={1--5},}


@INPROCEEDINGS{8877239,
author={M. {Moltafet} and M. {Leinonen} and M. {Codreanu}},
booktitle=iswcs,
title={Worst Case Analysis of Age of Information in a Shared-Access Channel},
year={2019},
pages={613--617},
ISSN={},
month=aug # { 27--30,},
address = {Oulu, Finland},
}




@ARTICLE{8901143,
author={M. {Moltafet} and M. {Leinonen} and M. {Codreanu}},
journal=IEEE_J_WCL,
title={Worst Case Age of Information in Wireless Sensor Networks: {A} Multi-Access Channel},
volume={9},
  number={3},
  pages={321--325},
year={2020},
ISSN={},
month=mar,
}

@INPROCEEDINGS{201912345,
    title={Power Minimization in Wireless Sensor Networks With Constrained {AoI} Using Stochastic Optimization},
    author={Mohammad Moltafet and Markus Leinonen and Marian Codreanu and Nikolaos Pappas},
booktitle=asilomar, 
address = {Pacific Grove, USA},
month = nov # { 3--6,},
year      = {2019},
pages={406--410}
}


@INPROCEEDINGS{ourITW01,
author={M. Moltafet and M. Leinonen and M. Codreanu},
booktitle=itw,
title={Closed-Form Expression for the Average Age of
	Information in a Multi-Source {M/G/1} Queueing
	Model},
year={2019},
pages={1--5},
 address={ Visby, Gotland, Sweden},
month = aug # { 25--28,},
}


@ARTICLE{moltafet2020sourceawareage,
    title={Average {AoI} in Multi-Source Systems with Source-Aware Packet Management },
    author={Mohammad Moltafet and Markus Leinonen and Marian Codreanu},
journal=IEEE_J_COM, 
year={Early Access, 2020},
}


@INPROCEEDINGS{9174099,
  author={M. {Moltafet} and M. {Leinonen} and M. {Codreanu}},
  booktitle=isit, 
  title={Average Age of Information for a Multi-Source {M/M/1} Queueing Model With Packet Management}, 
 address = {Los Angeles, CA, USA},
pages={1765--1769},
month=jun # { 21--26,},
year={2020},}


@INPROCEEDINGS{9083844,
  author={M. {Moltafet} and M. {Leinonen} and M. {Codreanu}},
  booktitle={ Proc. IEEE 6G Wireless Summit (6G SUMMIT)}, 
  title={An Approximate Expression for the Average {AoI} in a Multi-Source {M/G/1} Queueing Model}, 
 address = {Levi, Finland},
pages={1--5},
month=mar # { 17--20,},
year={2020},}




@INPROCEEDINGS{Molfetpimrc020,
  author={M. {Moltafet} and M. {Leinonen} and M. {Codreanu}},
  booktitle=pimrc, 
  title={An exact expression for the average {AoI} in a multi-source {M/M/1} queueing model}, 
 address = {London, United Kingdom},
pages={1--6},
month=sep # { 1--3,},
year={2020},}



@ARTICLE{moltafet2020power,
    title={ Power minimization for {AoI} of information constrained dynamic control in wireless sensor networks},
    author={Mohammad Moltafet and Markus Leinonen and Marian Codreanu and Nikolaos Pappas},
journal=IEEE_J_COM, 
year={(Submitted) [Online]:https://arxiv.org/pdf/2007.05364.pdf, 2020},
}







@ARTICLE{8822722,
  author={A. {Arafa} and J. {Yang} and S. {Ulukus} and H. V. {Poor}},
  journal=IEEE_J_IT, 
  title={Age-Minimal Transmission for Energy Harvesting Sensors With Finite Batteries: Online Policies}, 
  year={2020},
  volume={66},
  number={1},
  pages={534--556},
month=sep,}



@ARTICLE{9119460,
  author={N. {Akar} and O. {Dogan} and E. U. {Atay}},
journal=IEEE_J_COM, 
  title={Finding the Exact Distribution of (Peak) Age of Information for Queues of {PH/PH/1/1} and {M/PH/1/2} Type}, 
  year={2020},
  volume={68},
  number={9},
  pages={5661--5672},
month=jun,}


@INPROCEEDINGS{7283009,
  author={R. D. {Yates}},
  booktitle=isit, 
  title={Lazy is timely: Status updates by an energy harvesting source}, 
  year={2015},
address = {Hong Kong, China},
month = jun# { 14--19,},
  pages={3008--3012},}



@INPROCEEDINGS{7308962,
  author={B. T. {Bacinoglu} and E. T. {Ceran} and E. {Uysal-Biyikoglu}},
  booktitle=itw, 
  title={Age of information under energy replenishment constraints}, 
  year={2015},
address = {San Diego, CA, USA},
month = feb# { 1--6,},
  pages={25--31},}














%%%%%%ARTICLE 1

@ARTICLE{7415972,
author={M. Costa and M. Codreanu and A. Ephremides},
journal=IEEE_J_IT,
title={On the Age of Information in Status Update Systems With Packet Management},
year={2016},
volume={62},
number={4},
pages={1897--1910},
month=apr,}

@ARTICLE{papoulis1965probability,
  title={Probability, random variables, and stochastic processes},
  author={Papoulis, Athanasios},
  year={1965},
  publisher={McGraw-Hill}
}

@ARTICLE{4385788,
author={J. A. Tropp and A. C. Gilbert},
journal=IEEE_J_IT,
title={Signal Recovery From Random Measurements Via Orthogonal Matching Pursuit},
year={2007},
volume={53},
number={12},
pages={4655--4666},
doi={10.1109/TIT.2007.909108},
ISSN={0018-9448},
month=dec,}


@ARTICLE{8187436,
author={A. {Kosta} and N. {Pappas} and V. {Angelakis}},
journal=IEEE_FoTNe,
title={Age of Information: A New Concept, Metric, and Tool},
year={2017},
volume={12},
number={3},
pages={162--259},
publisher={now},
isbn={168083360X},
}


@ARTICLE{corke2010environmental,
  title={Environmental wireless sensor networks},
  author={Corke, Peter and Wark, Tim and Jurdak, Raja and Hu, Wen and Valencia, Philip and Moore, Darren},
  journal=proceed ,
  volume={98},
  number={11},
  pages={1903--1917},
  year={2010},
month=nov,
  publisher={IEEE}
}







@ARTICLE{needell2009uniform,
  title={Uniform uncertainty principle and signal recovery via regularized orthogonal matching pursuit},
  author={Needell, Deanna and Vershynin, Roman},
  journal={Foundations of computational mathematics},
  volume={9},
  number={3},
  pages={317--334},
  year={2009},
  publisher={Springer}
}




@ARTICLE{TCoMstabelqueue01,
author={P. Cantrell},
journal=IEEE_J_COM,
title={Computation of the Transient {M/M/1} Queue cdf, pdf, and Mean with Generalized
{Q}-Functions},
year={1986},
volume={34},
number={8},
pages={814--817},
month=aug,}


@ARTICLE{5307471,
author={P. Papadimitratos and A. D. La Fortelle and K. Evenssen and R. Brignolo and S. Cosenza},
journal=IEEE_M_COM,
title={Vehicular communication systems: Enabling technologies, applications, and future outlook on intelligent transportation},
year={2009},
volume={47},
number={11},
pages={84--95},
month=nov,}


@ARTICLE{8469047,
author={R. D. {Yates} and S. K. {Kaul}},
journal=IEEE_J_IT,
title={The Age of Information: Real-Time Status Updating by Multiple Sources},
year={2019},
volume={65},
number={3},
pages={1807--1827},
month=mar,
}










@ARTICLE{needell2009uniform,
  title={Uniform uncertainty principle and signal recovery via regularized orthogonal matching pursuit},
  author={Needell, Deanna and Vershynin, Roman},
  journal={Foundations of computational mathematics},
  volume={9},
  number={3},
  pages={317--334},
  year={2009},
  publisher={Springer}
}

@UNPUBLISHED{journals/corr/abs-1901-00481,
  author    = {Ali Maatouk and
               Mohamad Assaad and
               Anthony Ephremides},
  title = {Minimizing The Age of Information in a {CSMA} Environment},
  note = {available at https://arxiv.org/abs/1901.00481},
  month = jan,
  year = {2019},
}









@ARTICLE{Takacs1995,
author={L. {Takacs}},
journal={Acta Math. Hung.},
title={Investigation of waiting time problems by reduction to {Markov} processes},
volume={6},
pages={101--129},
  year = {1955},
}










%%%%%%INPROCEEDINGS

@INPROCEEDINGS{hu2002ensuring,
  title={Ensuring cache freshness in on-demand ad hoc network routing protocols},
  author={Hu, Yih-Chun and Johnson, David B},
  booktitle=pmc,
  pages={25--30},
  address = {Toulouse, France},
month = oct # { 30--31,},
 year={2002},
}






@INPROCEEDINGS{6195689,
author={S. Kaul and R. Yates and M. Gruteser},
booktitle=infocom,
title={Real-time status: How often should one update?},
year={2012},
address = {Orlando, FL, USA},
pages={2731--2735},
month=mar # { 25--30,},
}



@INPROCEEDINGS{6310931,
author={S. K. Kaul and R. D. Yates and M. Gruteser},
booktitle=ciss,
title={Status updates through queues},
year={2012},
address ={Princeton, NJ, USA},
pages={1--6},
month=mar  # { 21--23,},}











@INPROCEEDINGS{818826,
author={M. Xiong and K. Ramamritham},
booktitle=rtss,
title={Deriving deadlines and periods for real-time update transactions},
year={1999},
pages={32--43},
address = {Phoenix, AZ, USA},
month=dec  # { 1--3,},}




@INPROCEEDINGS{5984917,
author={S. Kaul and M. Gruteser and V. Rai and J. Kenney},
booktitle=secon ,
title={Minimizing age of information in vehicular networks},
year={2011},
address = {Salt Lake City, UT, USA},
pages={350--358},
month=jun # { 27--30,},}



@INPROCEEDINGS{6875100,
author={M. Costa and M. Codreanu and A. Ephremides},
booktitle=isit,
title={Age of Information with Packet Management},
year={2014},
pages={1583--1587},
 address={Honolulu, HI, USA},
month = jun # { 20--23,},
}













@INPROCEEDINGS{Kosta2018AgeOI,
author={Antzela Kosta and Nikolaos Pappas and Anthony Ephremides and Vangelis Angelakis},
  title={Age of Information and Throughput in a Shared Access Network with Heterogeneous Traffic},
  booktitle=globecom,
address = {Abu Dhabi, United Arab Emirates},
pages={1--6},
  year={2018},
month=dec # { 9--13,},
}


@INPROCEEDINGS{7282742,
author={L. Huang and E. Modiano},
booktitle=isit,
title={Optimizing age-of-information in a multi-class queueing system},
year={2015},
address = {Hong Kong, China},
pages={1681--1685},
month=jun # { 14--19,},}





@INPROCEEDINGS{8006544,
author={R. D. Yates and S. K. Kaul},
booktitle=isit,
title={Status updates over unreliable multiaccess channels},
year={2017},
pages={331--335},
month = jun # { 25--30,},
address = {Aachen, Germany},
}
















@INPROCEEDINGS{8422521,
author={S. Nath and J. Wu and J. Yang},
booktitle=icc,
title={Optimum Energy Efficiency and Age-of-Information Tradeoff in Multicast Scheduling},
year={2018},
pages={1--6},
address={Kansas City, USA},
month= may # { 20--24,},}

@INPROCEEDINGS{8262777,
author={R. Talak and S. Karaman and E. Modiano},
booktitle=allerton ,
title={Minimizing age-of-information in multi-hop wireless networks},
year={2017},
address = {Monticello, IL, USA},
pages={486--493},
month=oct # { 3--6,},}






@INPROCEEDINGS{8445979,
author={R. Talak and S. Karaman and E. Modiano},
booktitle=spawc,
title={Distributed Scheduling Algorithms for Optimizing Information Freshness in Wireless Networks},
year={2018},
address = {Kalamata, Greece},
pages={1--5},
month=jun # { 25--28,},}



@INPROCEEDINGS{8006593,
author={A. M. Bedewy and Y. Sun and N. B. Shroff},
booktitle=isit,
title={Age-Optimal Information Updates in Multihop Networks},
year={2017},
address = {Aachen, Germany},
pages={576--580},
month=jun # { 25--30,},}







@INPROCEEDINGS{8006592,
author={Y. Inoue and H. Masuyama and T. Takine and T. Tanaka},
booktitle=isit,
title={The stationary distribution of the age of information in {FCFS} single-server queues},
year={2017},
address = {Aachen, Germany},
pages={571--575},
month=jun # { 25--30,},}




@INPROCEEDINGS{8406928,
author={E. Najm and E. Telatar},
booktitle=infocom,
title={Status updates in a multi-stream {M/G/1/1} preemptive queue},
year={2018},
address = {Honolulu, HI, USA},
pages={124--129},
month=apr # { 15--19,},}


@INPROCEEDINGS{6284003,
author={R. D. Yates and S. Kaul},
booktitle=isit,
title={Real-time status updating: Multiple sources},
address = {Cambridge, MA, USA},
pages={2666--2670},
month=jul # { 1--6,},
year={2012},}



%%%%%%Book

@book{bertsekas1992data,
  title={Data Networks},
  author={D. Bertsekas and R. Gallager},
  year={1992},
address = { Englewood Cliffs, New Jersey},
  publisher={Prentice-Hall International }
}


@book{gallager2013stochastic,
  title={Stochastic Processes: Theory for Applications},
  author={Gallager, Robert G},
  year={2013},
  publisher={Cambridge University Press}
}




@book{cooper1981introduction,
  title={Introduction to queueing theory},
  author={Cooper, Robert B},
  year={1981},
  publisher={North Holland,}
}



@book{daigle2005basic,
  author={Daigle, John N},
  title={Queueing Theory with Applications to Packet Telecommunication},
  address = {New York},
  year={2005},
  publisher={ Springer Science}
}



@book{rade2013mathematics,
  title={Mathematics Handbook for Science and Engineering},
  author={Rade, Lennart and Westergren, Bertil},
address = {Berlin, Germany},
  year={2005},
  publisher={Springer}
}


@book{kingman1992poisson,
  title={Poisson processes},
  author={Kingman, John Frank Charles},
  volume={3},
  year={1992},
  publisher={Clarendon Press}
}

@book{nelson2013probability,
  title={Probability, Stochastic Processes, and Queueing Theory: The Mathematics of Computer Performance Modeling},
  author={Nelson, Randolph},
  year={1995},
address = {New York},
  publisher={Springer Science }
}



@book{Kleinrock121,
  title={Queueing Systems, Volume 1: Theory},
  author={ Kleinrock, Leonard},
  year={1995},
address = {New York},
  publisher={John Wiley  and Sons}
}





@book{papbook01,
  title={Probability, Random Variables, and Stochastic Processes},
  author={ A. Papoulis},
  year={1984},
address = {New York},
  publisher={McGraw-Hill}
}

@book{ross2014introduction,
  title={Introduction to Probability Models},
  author={Sheldon M, Ross },
  year={2010},
address = {California},
  publisher={Academic press}
}

%%%%%%%%%%%%%%%%%%%%%%%%%%%%%%%%%%%%%%%









%%%%%%ARTICLE 2















@ARTICLE{9103131,
  author={R. D. {Yates}},
  journal=IEEE_J_IT, 
  title={The Age of Information in Networks: Moments, Distributions, and Sampling}, 
   year={2020},
  volume={66},
  number={9},
  pages={5712--5728},
 month=may,}











@ARTICLE{papoulis1965probability,
  title={Probability, random variables, and stochastic processes},
  author={Papoulis, Athanasios},
  year={1965},
  publisher={McGraw-Hill}
}

@ARTICLE{4385788,
author={J. A. Tropp and A. C. Gilbert},
journal=IEEE_J_IT,
title={Signal Recovery From Random Measurements Via Orthogonal Matching Pursuit},
year={2007},
volume={53},
number={12},
pages={4655--4666},
doi={10.1109/TIT.2007.909108},
ISSN={0018-9448},
month=dec,}




@ARTICLE{corke2010environmental,
  title={Environmental wireless sensor networks},
  author={Corke, Peter and Wark, Tim and Jurdak, Raja and Hu, Wen and Valencia, Philip and Moore, Darren},
  journal=proceed ,
  volume={98},
  number={11},
  pages={1903--1917},
  year={2010},
month=nov,
  publisher={IEEE}
}





@ARTICLE{6547814,
author={A. B. {Sediq} and R. H. {Gohary} and R. {Schoenen} and H. {Yanikomeroglu}},
journal=IEEE_J_WCOM,
title={Optimal Tradeoff Between Sum-Rate Efficiency and {Jain}'s Fairness Index in Resource Allocation},
year={2013},
volume={12},
number={7},
pages={3496-3509},
month=jul}












@ARTICLE{needell2009uniform,
  title={Uniform uncertainty principle and signal recovery via regularized orthogonal matching pursuit},
  author={Needell, Deanna and Vershynin, Roman},
  journal={Foundations of computational mathematics},
  volume={9},
  number={3},
  pages={317--334},
  year={2009},
  publisher={Springer}
}




@ARTICLE{TCoMstabelqueue01,
author={P. Cantrell},
journal=IEEE_J_COM,
title={Computation of the Transient {M/M/1} Queue cdf, pdf, and Mean with Generalized
{Q}-Functions},
year={1986},
volume={34},
number={8},
pages={814--817},
month=aug,}


@ARTICLE{5307471,
author={P. Papadimitratos and A. D. La Fortelle and K. Evenssen and R. Brignolo and S. Cosenza},
journal=IEEE_M_COM,
title={Vehicular communication systems: Enabling technologies, applications, and future outlook on intelligent transportation},
year={2009},
volume={47},
number={11},
pages={84--95},
month=nov,}













@ARTICLE{needell2009uniform,
  title={Uniform uncertainty principle and signal recovery via regularized orthogonal matching pursuit},
  author={Needell, Deanna and Vershynin, Roman},
  journal={Foundations of computational mathematics},
  volume={9},
  number={3},
  pages={317--334},
  year={2009},
  publisher={Springer}
}














@ARTICLE{8901143halim,
author={R. {Jain} and  D. {Chiu} and W. {Hawe}},
journal={Digital
Equipment Corporation, DEC-TR-301, Tech. Rep., 1984},
title={A quantitative measure of fairness
and discrimination for resource allocation in shared systems},
note = { Available:
http://www1.cse.wustl.edu/~jain/papers/ftp/fairness.pdf.},
}












@UNPUBLISHED{journals/corr/abs-1901-00481,
  author    = {Ali Maatouk and
               Mohamad Assaad and
               Anthony Ephremides},
  title = {Minimizing The Age of Information in a {CSMA} Environment},
  note = {available at https://arxiv.org/abs/1901.00481},
  month = jan,
  year = {2019},
}
































@ARTICLE{javaniarxive2019,
  author    = {Alireza Javani and
               Zhiying Wang},
  title     = {Age of Information in Multiple Sensing},
  url       = {http://arxiv.org/abs/1902.01975, 2019.},
  archivePrefix = {arXiv},
  eprint    = {1902.01975},
  timestamp = {Tue, 21 May 2019 18:03:37 +0200},
  biburl    = {https://dblp.org/rec/bib/journals/corr/abs-1902-01975},
  bibsource = {dblp computer science bibliography, https://dblp.org}
}


























@ARTICLE{9007478,
author={A. {Maatouk} and M. {Assaad} and A. {Ephremides}},
journal={IEEE/ACM Trans. Net.},
title={On the Age of Information in a {CSMA} Environment},
 year={2020},
  volume={28},
  number={2},
  pages={818--831},
month=feb,
}


%%%%%%INPROCEEDINGS










@INPROCEEDINGS{8406966,
author={R. D. {Yates}},
booktitle=infocom,
title={Age of information in a network of preemptive servers},
year={2018},
address = {Honolulu, HI, USA},
pages={118--123},
month=apr # { 15--19},
}


@INPROCEEDINGS{8437907,
author={R. D. {Yates}},
booktitle=isit,
title={Status Updates through Networks of Parallel Servers},
year={2018},
pages={2281--2285},
address = {Vail, CO, USA},
month=jun  # { 17--22,}
}














@INPROCEEDINGS{hu2002ensuring,
  title={Ensuring cache freshness in on-demand ad hoc network routing protocols},
  author={Hu, Yih-Chun and Johnson, David B},
  booktitle=pmc,
  pages={25--30},
  address = {Toulouse, France},
month = oct # { 30--31,},
 year={2002},
}












@INPROCEEDINGS{818826,
author={M. Xiong and K. Ramamritham},
booktitle=rtss,
title={Deriving deadlines and periods for real-time update transactions},
year={1999},
pages={32--43},
address = {Phoenix, AZ, USA},
month=dec  # { 1--3,},}




@INPROCEEDINGS{5984917,
author={S. Kaul and M. Gruteser and V. Rai and J. Kenney},
booktitle=secon ,
title={Minimizing age of information in vehicular networks},
year={2011},
address = {Salt Lake City, UT, USA},
pages={350--358},
month=jun # { 27--30,},}






@INPROCEEDINGS{9086190,
  author={S. K. {Kaul} and R. D. {Yates}},
  booktitle=ciss, 
  title={Timely Updates By Multiple Sources: The {M/M/1} Queue Revisited}, 
  year={2020},
address={ Princeton, NJ, USA},
month = mar # { 18--20,}
}








@INPROCEEDINGS{Kosta2018AgeOI,
author={Antzela Kosta and Nikolaos Pappas and Anthony Ephremides and Vangelis Angelakis},
  title={Age of Information and Throughput in a Shared Access Network with Heterogeneous Traffic},
  booktitle=globecom,
address = {Abu Dhabi, United Arab Emirates},
pages={1--6},
  year={2018},
month=dec # { 9--13,},
}


@INPROCEEDINGS{7282742,
author={L. Huang and E. Modiano},
booktitle=isit,
title={Optimizing age-of-information in a multi-class queueing system},
year={2015},
address = {Hong Kong, China},
pages={1681--1685},
month=jun # { 14--19,},}





@INPROCEEDINGS{8006544,
author={R. D. Yates and S. K. Kaul},
booktitle=isit,
title={Status updates over unreliable multiaccess channels},
year={2017},
pages={331--335},
month = jun # { 25--30,},
address = {Aachen, Germany},
}









@INPROCEEDINGS{8437591,
author={S. K. {Kaul} and R. D. {Yates}},
booktitle=isit,
title={Age of Information: Updates with Priority},
year={2018},
pages={2644--2648},
month =  jun # { 17--22,},
address = {Vail, CO, USA},
}







@INPROCEEDINGS{8422521,
author={S. Nath and J. Wu and J. Yang},
booktitle=icc,
title={Optimum Energy Efficiency and Age-of-Information Tradeoff in Multicast Scheduling},
year={2018},
pages={1--6},
address={Kansas City, USA},
month= may # { 20--24,},}

@INPROCEEDINGS{8262777,
author={R. Talak and S. Karaman and E. Modiano},
booktitle=allerton ,
title={Minimizing age-of-information in multi-hop wireless networks},
year={2017},
address = {Monticello, IL, USA},
pages={486--493},
month=oct # { 3--6,},}






@INPROCEEDINGS{8445979,
author={R. Talak and S. Karaman and E. Modiano},
booktitle=spawc,
title={Distributed Scheduling Algorithms for Optimizing Information Freshness in Wireless Networks},
year={2018},
address = {Kalamata, Greece},
pages={1--5},
month=jun # { 25--28,},}



@INPROCEEDINGS{8006593,
author={A. M. Bedewy and Y. Sun and N. B. Shroff},
booktitle=isit,
title={Age-Optimal Information Updates in Multihop Networks},
year={2017},
address = {Aachen, Germany},
pages={576--580},
month=jun # { 25--30,},}










@INPROCEEDINGS{6284003,
author={R. D. Yates and S. Kaul},
booktitle=isit,
title={Real-time status updating: Multiple sources},
address = {Cambridge, MA, USA},
pages={2666--2670},
month=jul # { 1--6,},
year={2012},
}

















%%%%%%Book

@book{bertsekas1992data,
  title={Data Networks},
  author={D. Bertsekas and R. Gallager},
  year={1992},
address = { Englewood Cliffs, New Jersey},
  publisher={Prentice-Hall International }
}


@book{gallager2013stochastic,
  title={Stochastic Processes: Theory for Applications},
  author={Gallager, Robert G},
  year={2013},
  publisher={Cambridge University Press}
}




@book{cooper1981introduction,
  title={Introduction to queueing theory},
  author={Cooper, Robert B},
  year={1981},
  publisher={North Holland,}
}



@book{daigle2005basic,
  author={Daigle, John N},
  title={Queueing Theory with Applications to Packet Telecommunication},
  address = {New York},
  year={2005},
  publisher={ Springer Science}
}



@book{rade2013mathematics,
  title={Mathematics Handbook for Science and Engineering},
  author={Rade, Lennart and Westergren, Bertil},
address = {Berlin, Germany},
  year={2005},
  publisher={Springer}
}


@book{kingman1992poisson,
  title={Poisson processes},
  author={Kingman, John Frank Charles},
  volume={3},
  year={1992},
  publisher={Clarendon Press}
}

@book{nelson2013probability,
  title={Probability, Stochastic Processes, and Queueing Theory: The Mathematics of Computer Performance Modeling},
  author={Nelson, Randolph},
  year={1995},
address = {New York},
  publisher={Springer Science }
}



@book{Kleinrock121,
  title={Queueing Systems, Volume 1: Theory},
  author={ Kleinrock, Leonard},
  year={1995},
address = {New York},
  publisher={John Wiley  and Sons}
}





@book{papbook01,
  title={Probability, Random Variables, and Stochastic Processes},
  author={ A. Papoulis},
  year={1984},
address = {New York},
  publisher={McGraw-Hill}
}

@book{ross2014introduction,
  title={Introduction to Probability Models},
  author={Sheldon M, Ross },
  year={2010},
address = {California},
  publisher={Academic press}
}

%%%%%%%%%%%%%%%%%%%%%%%%%%%%%%%%%%%%%%%%%%%%%%%%%%%%%%%%%%%%%%%%%%%%%%
%%%%%%%%%%%%%%%2-2


001
%%%%%%ARTICLE

















@ARTICLE{9103131,
  author={R. D. {Yates}},
  journal=IEEE_J_IT, 
  title={The Age of Information in Networks: Moments, Distributions, and Sampling}, 
  year={2020},
  volume={66},
  number={9},
  pages={5712--5728},
month=sep,
}




@ARTICLE{papoulis1965probability,
  title={Probability, random variables, and stochastic processes},
  author={Papoulis, Athanasios},
  year={1965},
  publisher={McGraw-Hill}
}

@ARTICLE{4385788,
author={J. A. Tropp and A. C. Gilbert},
journal=IEEE_J_IT,
title={Signal Recovery From Random Measurements Via Orthogonal Matching Pursuit},
year={2007},
volume={53},
number={12},
pages={4655--4666},
doi={10.1109/TIT.2007.909108},
ISSN={0018-9448},
month=dec,}





@ARTICLE{corke2010environmental,
  title={Environmental wireless sensor networks},
  author={Corke, Peter and Wark, Tim and Jurdak, Raja and Hu, Wen and Valencia, Philip and Moore, Darren},
  journal=proceed ,
  volume={98},
  number={11},
  pages={1903--1917},
  year={2010},
month=nov,
  publisher={IEEE}
}





@ARTICLE{6547814,
author={A. B. {Sediq} and R. H. {Gohary} and R. {Schoenen} and H. {Yanikomeroglu}},
journal=IEEE_J_WCOM,
title={Optimal Tradeoff Between Sum-Rate Efficiency and {Jain}'s Fairness Index in Resource Allocation},
year={2013},
volume={12},
number={7},
pages={3496-3509},
month=jul}












@ARTICLE{needell2009uniform,
  title={Uniform uncertainty principle and signal recovery via regularized orthogonal matching pursuit},
  author={Needell, Deanna and Vershynin, Roman},
  journal={Foundations of computational mathematics},
  volume={9},
  number={3},
  pages={317--334},
  year={2009},
  publisher={Springer}
}




@ARTICLE{TCoMstabelqueue01,
author={P. Cantrell},
journal=IEEE_J_COM,
title={Computation of the Transient {M/M/1} Queue cdf, pdf, and Mean with Generalized
{Q}-Functions},
year={1986},
volume={34},
number={8},
pages={814--817},
month=aug,}


@ARTICLE{5307471,
author={P. Papadimitratos and A. D. La Fortelle and K. Evenssen and R. Brignolo and S. Cosenza},
journal=IEEE_M_COM,
title={Vehicular communication systems: Enabling technologies, applications, and future outlook on intelligent transportation},
year={2009},
volume={47},
number={11},
pages={84--95},
month=nov,}













@ARTICLE{needell2009uniform,
  title={Uniform uncertainty principle and signal recovery via regularized orthogonal matching pursuit},
  author={Needell, Deanna and Vershynin, Roman},
  journal={Foundations of computational mathematics},
  volume={9},
  number={3},
  pages={317--334},
  year={2009},
  publisher={Springer}
}














@ARTICLE{8901143halim,
author={R. {Jain} and  D. {Chiu} and W. {Hawe}},
journal={Digital
Equipment Corporation, DEC-TR-301, Tech. Rep., 1984},
title={A quantitative measure of fairness
and discrimination for resource allocation in shared systems},
note = { Available:
http://www1.cse.wustl.edu/~jain/papers/ftp/fairness.pdf.},
}












@UNPUBLISHED{journals/corr/abs-1901-00481,
  author    = {Ali Maatouk and
               Mohamad Assaad and
               Anthony Ephremides},
  title = {Minimizing The Age of Information in a {CSMA} Environment},
  note = {available at https://arxiv.org/abs/1901.00481},
  month = jan,
  year = {2019},
}







@ARTICLE{javaniarxive2019,
  author    = {Alireza Javani and
               Zhiying Wang},
  title     = {Age of Information in Multiple Sensing},
  url       = {http://arxiv.org/abs/1902.01975, 2019.},
  archivePrefix = {arXiv},
  eprint    = {1902.01975},
  timestamp = {Tue, 21 May 2019 18:03:37 +0200},
  biburl    = {https://dblp.org/rec/bib/journals/corr/abs-1902-01975},
  bibsource = {dblp computer science bibliography, https://dblp.org}
}



@ARTICLE{kaul2020timely,
    title={Timely Updates By Multiple Sources: The {M/M/1} Queue Revisited},
    author={Sanjit K. Kaul and Roy D. Yates},
url       = {https://arxiv.org/abs/2002.02817, 2020.},
}



@ARTICLE{9007478,
author={A. {Maatouk} and M. {Assaad} and A. {Ephremides}},
journal={IEEE/ACM Trans. Net.},
title={On the Age of Information in a {CSMA} Environment},
 year={2020},
  volume={28},
  number={2},
  pages={818--831},
month=feb,
}






@misc{yates2020age,
    title={Age of Information: An Introduction and Survey},
    author={Roy D. Yates and Yin Sun and D. Richard Brown III and Sanjit K. Kaul and Eytan Modiano and Sennur Ulukus},
    year={https://arxiv.org/abs/2007.08564.2020},
}

























%%%%%%INPROCEEDINGS




@INPROCEEDINGS{9048914,
  author={S. {Farazi} and A. G. {Klein} and D. {Richard Brown}},
  booktitle=asilomar, 
  title={Average Age of Information in Multi-Source Self-Preemptive Status Update Systems with Packet Delivery Errors}, 
  year={2019},
  address = {Pacific Grove, CA, USA},
  pages={396--400},
month=nov # { 3--6,},
}















@INPROCEEDINGS{9013935,
  author={A. {Javani} and M. {Zorgui} and Z. {Wang}},
  booktitle=globecom, 
  title={Age of Information in Multiple Sensing}, 
  year={2019},
month=dec # { 9--13,},
address = {Waikoloa, HI, USA},
}




@INPROCEEDINGS{9086190,
  author={S. K. {Kaul} and R. D. {Yates}},
  booktitle=ciss, 
  title={Timely Updates By Multiple Sources: The {M/M/1} Queue Revisited}, 
  year={2020},
address={ Princeton, NJ, USA},
month = mar # { 18--20,}
}
















@INPROCEEDINGS{hu2002ensuring,
  title={Ensuring cache freshness in on-demand ad hoc network routing protocols},
  author={Hu, Yih-Chun and Johnson, David B},
  booktitle=pmc,
  pages={25--30},
  address = {Toulouse, France},
month = oct # { 30--31,},
 year={2002},
}























@INPROCEEDINGS{818826,
author={M. Xiong and K. Ramamritham},
booktitle=rtss,
title={Deriving deadlines and periods for real-time update transactions},
year={1999},
pages={32--43},
address = {Phoenix, AZ, USA},
month=dec  # { 1--3,},}




@INPROCEEDINGS{5984917,
author={S. Kaul and M. Gruteser and V. Rai and J. Kenney},
booktitle=secon ,
title={Minimizing age of information in vehicular networks},
year={2011},
address = {Salt Lake City, UT, USA},
pages={350--358},
month=jun # { 27--30,},}
















@INPROCEEDINGS{Kosta2018AgeOI,
author={Antzela Kosta and Nikolaos Pappas and Anthony Ephremides and Vangelis Angelakis},
  title={Age of Information and Throughput in a Shared Access Network with Heterogeneous Traffic},
  booktitle=globecom,
address = {Abu Dhabi, United Arab Emirates},
pages={1--6},
  year={2018},
month=dec # { 9--13,},
}


@INPROCEEDINGS{7282742,
author={L. Huang and E. Modiano},
booktitle=isit,
title={Optimizing age-of-information in a multi-class queueing system},
year={2015},
address = {Hong Kong, China},
pages={1681--1685},
month=jun # { 14--19,},}





@INPROCEEDINGS{8006544,
author={R. D. Yates and S. K. Kaul},
booktitle=isit,
title={Status updates over unreliable multiaccess channels},
year={2017},
pages={331--335},
month = jun # { 25--30,},
address = {Aachen, Germany},
}








@INPROCEEDINGS{8422521,
author={S. Nath and J. Wu and J. Yang},
booktitle=icc,
title={Optimum Energy Efficiency and Age-of-Information Tradeoff in Multicast Scheduling},
year={2018},
pages={1--6},
address={Kansas City, USA},
month= may # { 20--24,},}

@INPROCEEDINGS{8262777,
author={R. Talak and S. Karaman and E. Modiano},
booktitle=allerton ,
title={Minimizing age-of-information in multi-hop wireless networks},
year={2017},
address = {Monticello, IL, USA},
pages={486--493},
month=oct # { 3--6,},}






@INPROCEEDINGS{8445979,
author={R. Talak and S. Karaman and E. Modiano},
booktitle=spawc,
title={Distributed Scheduling Algorithms for Optimizing Information Freshness in Wireless Networks},
year={2018},
address = {Kalamata, Greece},
pages={1--5},
month=jun # { 25--28,},}



@INPROCEEDINGS{8006593,
author={A. M. Bedewy and Y. Sun and N. B. Shroff},
booktitle=isit,
title={Age-Optimal Information Updates in Multihop Networks},
year={2017},
address = {Aachen, Germany},
pages={576--580},
month=jun # { 25--30,},}















@INPROCEEDINGS{6284003,
author={R. D. Yates and S. Kaul},
booktitle=isit,
title={Real-time status updating: Multiple sources},
address = {Cambridge, MA, USA},
pages={2666--2670},
month=jul # { 1--6,},
year={2012},}





















%%%%%%Book

@book{bertsekas1992data,
  title={Data Networks},
  author={D. Bertsekas and R. Gallager},
  year={1992},
address = { Englewood Cliffs, New Jersey},
  publisher={Prentice-Hall International }
}


@book{gallager2013stochastic,
  title={Stochastic Processes: Theory for Applications},
  author={Gallager, Robert G},
  year={2013},
  publisher={Cambridge University Press}
}




@book{cooper1981introduction,
  title={Introduction to queueing theory},
  author={Cooper, Robert B},
  year={1981},
  publisher={North Holland,}
}



@book{daigle2005basic,
  author={Daigle, John N},
  title={Queueing Theory with Applications to Packet Telecommunication},
  address = {New York},
  year={2005},
  publisher={ Springer Science}
}



@book{rade2013mathematics,
  title={Mathematics Handbook for Science and Engineering},
  author={Rade, Lennart and Westergren, Bertil},
address = {Berlin, Germany},
  year={2005},
  publisher={Springer}
}


@book{kingman1992poisson,
  title={Poisson processes},
  author={Kingman, John Frank Charles},
  volume={3},
  year={1992},
  publisher={Clarendon Press}
}

@book{nelson2013probability,
  title={Probability, Stochastic Processes, and Queueing Theory: The Mathematics of Computer Performance Modeling},
  author={Nelson, Randolph},
  year={1995},
address = {New York},
  publisher={Springer Science }
}



@book{Kleinrock121,
  title={Queueing Systems, Volume 1: Theory},
  author={ Kleinrock, Leonard},
  year={1995},
address = {New York},
  publisher={John Wiley  and Sons}
}





@book{papbook01,
  title={Probability, Random Variables, and Stochastic Processes},
  author={ A. Papoulis},
  year={1984},
address = {New York},
  publisher={McGraw-Hill}
}

@book{ross2014introduction,
  title={Introduction to Probability Models},
  author={Sheldon M, Ross },
  year={2010},
address = {California},
  publisher={Academic press}
}

@book{Sunbook2019,
  title={Age of Information: {A} New
Metric For Information Freshness},
  author={Y. Sun and  I. Kadota and  R. Talak and E. Modiano},
year={2019}, 
volume={12}, 
number={2}, 
pages={1--224},
  publisher={Synthesis Lectures on Communication
Networks }
} 
























%%%%%%%%%%%%%%%%%%%%%%%%%%%%%%%%%%%%%%%%%%%%%%%%%%%%%%%%%%%%%%%%%%%%%%%%%%%%

%%%%%%333333333333333333333333




%%%%%%ARTICLE




@ARTICLE{8734015,
  author={I. {Kadota} and A. {Sinha} and E. {Modiano}},
  journal=IEEE_J_NET, 
  title={Scheduling Algorithms for Optimizing Age of Information in Wireless Networks With Throughput Constraints}, 
  year={2019},
  volume={27},
  number={4},
  pages={1359--1372},
month=jun,
}


@ARTICLE{8772205,
  author={D. {Qiao} and M. C. {Gursoy}},
  journal=IEEE_J_WCL, 
  title={Age-Optimal Power Control for Status Update Systems With Packet-Based Transmissions}, 
  year={2019},
  volume={8},
  number={6},
  pages={1604--1607},
month=jul,
}







@ARTICLE{793310, 
author={ {Cheong Yui Wong} and R. S. {Cheng} and K. B. {Lataief} and R. D. {Murch}}, journal=IEEE_J_JSAC, 
title={Multiuser OFDM with adaptive subcarrier, bit, and power allocation}, 
year={1999}, 
volume={17}, 
number={10}, 
pages={1747--1758},
month=oct,}


@ARTICLE{5463219, 
author={W. {Dang} and M. {Tao} and H. {Mu} and J. {Huang}},
 journal=IEEE_J_WCOM,
 title={Subcarrier-pair based resource allocation for cooperative multi-relay OFDM systems},
 year={2010}, 
volume={9}, 
number={5}, 
pages={1640--1649},
month=may,
}











@ARTICLE{stochast009om, 
author={L. Georgiadis and  M. J. Neely and L. Tassiulas}, 
journal=FT_NET,
title={Resource allocation and cross-layer control in wireless networks}, 
year={2006}, 
volume={1}, 
number={1}, 
pages={1--144},  
month=apr,}









@ARTICLE{papoulis1965probability,
  title={Probability, random variables, and stochastic processes},
  author={Papoulis, Athanasios},
  year={1965},
  publisher={McGraw-Hill}
}

@ARTICLE{4385788, 
author={J. A. Tropp and A. C. Gilbert}, 
journal=IEEE_J_IT, 
title={Signal Recovery From Random Measurements Via Orthogonal Matching Pursuit}, 
year={2007}, 
volume={53}, 
number={12}, 
pages={4655--4666},  
doi={10.1109/TIT.2007.909108}, 
ISSN={0018-9448}, 
month=dec,}

@ARTICLE{6678362, 
author={D. T. {Ngo} and S. {Khakurel} and T. {Le-Ngoc}}, 
journal=IEEE_J_WCOM, 
title={Joint Subchannel Assignment and Power Allocation for {OFDMA} Femtocell Networks}, 
year={2014}, 
volume={13}, 
number={1}, 
pages={342-355}, 
month=jan}


I. C. Research, CVX: Matlab software for disciplined convex programming,
http://cvxr.com/cvx, August 2012.



@ARTICLE{cvxonline, 
author={I. C. Research}, 
journal={[online] http://cvxr.com/cvx}, 
title={{CVX}: Matlab software for disciplined convex programming}, 
year={2012},  
month=aug}




@ARTICLE{8123937,
author={X. {Wu} and J. {Yang} and J. {Wu}},
journal=IEEE_J_GCN,
title={Optimal Status Update for Age of Information Minimization With an Energy Harvesting Source},
year={2018},
volume={2},
number={1},
pages={193--204},
month=mar,}













@ARTICLE{Optitool, 
author={[online]}, 
journal={ https://www.inverseproblem.co.nz/OPTI/index.php}, 
title={{Opti Toolbox}: A free MATLAB Toolbox for Optimization}, }





@ARTICLE{Nomadalgo, 
author={S. {Le Digabel}}, 
journal=Trans_J_MATH,
title={Algorithm 909: {NOMAD}: Nonlinear Optimization with the {MADS} Algorithm}, 
year={2011}, 
volume={37}, 
number={4}, 
pages={1--15},
month=aug }







@ARTICLE{4752799, 
author={L. {Venturino} and N. {Prasad} and X. {Wang}}, 
journal=IEEE_J_VT, 
title={Coordinated Scheduling and Power Allocation in Downlink Multicell {OFDMA} Networks}, 
year={2009}, 
volume={58}, 
number={6}, 
pages={2835-2848},  
month=jul,}



@ARTICLE{georgiadis2006resource,
author={L. {Georgiadis} and M. J. {Neely} and L.  {Tassiulas}},
journal=IEEE_FoTNe,
title={Resource allocation and cross-layer control in wireless networks},
  volume={1},
  number={1},
  pages={1--144},
  year={2006},
  publisher={Now Publishers, Inc.},
month=apr,}








@ARTICLE{5307471, 
author={P. Papadimitratos and A. D. La Fortelle and K. Evenssen and R. Brignolo and S. Cosenza}, 
journal=IEEE_M_COM, 
title={Vehicular communication systems: Enabling technologies, applications, and future outlook on intelligent transportation}, 
year={2009}, 
volume={47}, 
number={11}, 
pages={84--95},  
month=nov,}


@ARTICLE{corke2010environmental,
  title={Environmental wireless sensor networks},
  author={Corke, Peter and Wark, Tim and Jurdak, Raja and Hu, Wen and Valencia, Philip and Moore, Darren},
  journal=proceed ,
  volume={98},
  number={11},
  pages={1903--1917},
  year={2010},
month=nov,
  publisher={IEEE}
}







@ARTICLE{needell2009uniform,
  title={Uniform uncertainty principle and signal recovery via regularized orthogonal matching pursuit},
  author={Needell, Deanna and Vershynin, Roman},
  journal={Foundations of computational mathematics},
  volume={9},
  number={3},
  pages={317--334},
  year={2009},
  publisher={Springer}
}




@ARTICLE{5307471, 
author={P. Papadimitratos and A. D. La Fortelle and K. Evenssen and R. Brignolo and S. Cosenza}, 
journal=IEEE_M_COM, 
title={Vehicular communication systems: Enabling technologies, applications, and future outlook on intelligent transportation}, 
year={2009}, 
volume={47}, 
number={11}, 
pages={84--95},  
month=nov,}















@ARTICLE{needell2009uniform,
  title={Uniform uncertainty principle and signal recovery via regularized orthogonal matching pursuit},
  author={Needell, Deanna and Vershynin, Roman},
  journal={Foundations of computational mathematics},
  volume={9},
  number={3},
  pages={317--334},
  year={2009},
  publisher={Springer}
}



@ARTICLE{journals/corr/abs-1901-00481,
  author    = {Ali Maatouk and
               Mohamad Assaad and
               Anthony Ephremides},
  title     = {Minimizing The Age of Information in a {CSMA} Environment},
  year      = {[Online]. Available: https://arxiv.org/abs/1901.00481, 2019},
}









@ARTICLE{8933047,
 author={I. {Kadota} and E. {Modiano}},
 journal=IEEE_J_MC,
  title={Minimizing the Age of Information in Wireless Networks with Stochastic Arrivals},
  year={Early Access, 2019},
}













@ARTICLE{8606155,
author={I. {Krikidis}},
journal=IEEE_J_WCL,
title={Average Age of Information in Wireless Powered Sensor Networks},
year={2019},
volume={8},
number={2},
pages={628--631},
month=apr,}



@ARTICLE{6913022,
author={J. {Qi} and K. {Sun} and W. {Kang}},
journal=IEEE_J_TPS,
title={Optimal {PMU} Placement for Power System Dynamic State Estimation by Using Empirical Observability Gramian},
year={2015},
volume={30},
number={4},
pages={2041--2054},
month=jul,}




%%%%%%%Arxiv


@UNPUBLISHED{chen2019optimal,
  author={Zheng Chen and Nikolaos Pappas and Emil Bj\"{o}rnson and Erik G. Larsson},
  title = {Optimal Control of Status Updates in a Multiple Access Channel with Stability Constraints},
  year = {[Online]. https://arxiv.org/abs/1910.05144, 2019},
}


@UNPUBLISHED{bhat2019throughput,
    title={Throughput Maximization with an Average Age of Information Constraint in Fading Channels},
    author={Rajshekhar Vishweshwar Bhat and Rahul Vaze and Mehul Motani},
    year={[Online]. https://arxiv.org/pdf/1911.07499.pdf, 2019},
}



@ARTICLE{Raghunathan-02,
  author = {V. Raghunathan and C. Schurgers and S. Park and M. B. Srivastava},
  journal = IEEE_M_SP,
  title = {Energy-Aware Wireless Microsensor Networks},
  volume = {19},
  number = {2},
  pages = {40-50},
  month = mar,
  year = {2002},
}

@ARTICLE{Anastasi-etal-09,
  author = {G. Anastasi and M. Conti and M. Di Francesco and A. Passarella},
  title = {Energy Conservation in Wireless Sensor Networks: A Survey},
  journal = ahn,
  volume = {7},
  number = {3},
  pages = {537-568},
  month = may,
  year = {2009},
}















@INPROCEEDINGS{fountoulakis2020optimal,
  title={Optimal Sampling Cost in Wireless Networks with Age of Information Constraints},
  author={Fountoulakis, Emmanouil and Pappas, Nikolaos and Codreanu, Marian and Ephremides, Anthony},
booktitle=infocomw, 
  address = {[Online]. https://arxiv.org/pdf/2003.02512.pdf},
  year={2020}
}









%%%%%%INPROCEEDINGS











@INPROCEEDINGS{7341067,
  author={P. {He} and L. {Zhao}},
  booktitle=wcsp, 
  title={Generalized water-filling for sum power minimization with peak power constraints}, 
  pages={1--5},
  address = { Nanjing, China},
month = oct # { 15--17,},
 year={2015},}






@INPROCEEDINGS{hu2002ensuring,
  title={Ensuring cache freshness in on-demand ad hoc network routing protocols},
  author={Hu, Yih-Chun and Johnson, David B},
  booktitle=pmc,
  pages={25--30},
  address = {Toulouse, France},
month = oct # { 30--31,},
 year={2002},
}


@INPROCEEDINGS{7541764, 
author={E. {Najm} and R. {Nasser}}, 
booktitle=isit,
title={Age of information: The gamma awakening}, 
year={2016},  
address = {Barcelona, Spain},
pages={2574--2578}, 
month=jul # { 10--16,},
}












@INPROCEEDINGS{8486307,
author={I. {Kadota} and A. {Sinha} and E. {Modiano}},
booktitle=infocom, 
title={Optimizing Age of Information in Wireless Networks with Throughput Constraints},
year={2018},
volume={},
number={},
address ={Honolulu, HI, USA},
pages={1844--1852},
month=apr # { 15--19,},}








@INPROCEEDINGS{818826, 
author={M. Xiong and K. Ramamritham}, 
booktitle=rtss, 
title={Deriving deadlines and periods for real-time update transactions}, 
year={1999},  
pages={32--43}, 
address = {Phoenix, AZ, USA},
month=dec  # { 1--3,},}




@INPROCEEDINGS{5984917, 
author={S. Kaul and M. Gruteser and V. Rai and J. Kenney}, 
booktitle=secon , 
title={Minimizing age of information in vehicular networks}, 
year={2011}, 
address = {Salt Lake City, UT, USA},
pages={350--358}, 
month=jun # { 27--30,},}









@INPROCEEDINGS{Kosta2018AgeOI,
author={Antzela Kosta and Nikolaos Pappas and Anthony Ephremides and Vangelis Angelakis},
  title={Age of Information and Throughput in a Shared Access Network with Heterogeneous Traffic},
  booktitle=globecom,
address = {Abu Dhabi, United Arab Emirates},
pages={1--6},
  year={2018},
month=dec # { 9--13,},
}


@INPROCEEDINGS{7282742, 
author={L. Huang and E. Modiano}, 
booktitle=isit,
title={Optimizing age-of-information in a multi-class queueing system}, 
year={2015},  
address = {Hong Kong, China},
pages={1681--1685},  
month=jun # { 14--19,},}





@INPROCEEDINGS{8006544, 
author={R. D. Yates and S. K. Kaul}, 
booktitle=isit,
title={Status updates over unreliable multiaccess channels}, 
year={2017}, 
pages={331--335}, 
month = jun # { 25--30,},
address = {Aachen, Germany},
}


@INPROCEEDINGS{8422521, 
author={S. Nath and J. Wu and J. Yang}, 
booktitle=icc, 
title={Optimum Energy Efficiency and Age-of-Information Tradeoff in Multicast Scheduling}, 
year={2018}, 
pages={1--6}, 
address={Kansas City, USA}, 
month= may # { 20--24,},}

@INPROCEEDINGS{8262777, 
author={R. Talak and S. Karaman and E. Modiano}, 
booktitle=allerton , 
title={Minimizing age-of-information in multi-hop wireless networks}, 
year={2017}, 
address = {Monticello, IL, USA}, 
pages={486--493},  
month=oct # { 3--6,},}






@INPROCEEDINGS{8445979, 
author={R. Talak and S. Karaman and E. Modiano}, 
booktitle=spawc,
title={Distributed Scheduling Algorithms for Optimizing Information Freshness in Wireless Networks}, 
year={2018},  
address = {Kalamata, Greece},
pages={1--5},  
month=jun # { 25--28,},}



@INPROCEEDINGS{8006593, 
author={A. M. Bedewy and Y. Sun and N. B. Shroff}, 
booktitle=isit, 
title={Age-Optimal Information Updates in Multihop Networks}, 
year={2017},  
address = {Aachen, Germany},
pages={576--580}, 
month=jun # { 25--30,},}















@INPROCEEDINGS{6284003, 
author={R. D. Yates and S. Kaul}, 
booktitle=isit,
title={Real-time status updating: Multiple sources},  
address = {Cambridge, MA, USA},
pages={2666--2670}, 
month=jul # { 1--6,},
year={2012},}





@INPROCEEDINGS{8006703,
author={B. T. {Bacinoglu} and E. {Uysal-Biyikoglu}},
booktitle=isit,
title={Scheduling status updates to minimize age of information with an energy harvesting sensor},
year={2017},
address = {Aachen, Germany},
month=jun # { 25--30,},}













%%%%%%Book

@book{Sunbook2019,
  title={Age of Information: {A} New
Metric For Information Freshness},
  author={Y. Sun and  I. Kadota and  R. Talak and E. Modiano},
year={2019}, 
volume={12}, 
number={2}, 
pages={1--224},
  publisher={Synthesis Lectures on Communication
Networks }
} 



@book{bertsekas1992data,
  title={Data Networks},
  author={Bertsekas, Dimitri P and Gallager, Robert G and Humblet, Pierre},
  year={1992},
address = { Englewood Cliffs, New Jersey},
  publisher={Prentice-Hall International }
} 


@book{gallager2013stochastic,
  title={Stochastic Processes: Theory for Applications},
  author={Gallager, Robert G},
  year={2013},
  publisher={Cambridge University Press}
}




@book{cooper1981introduction,
  title={Introduction to queueing theory},
  author={Cooper, Robert B},
  year={1981},
  publisher={North Holland,}
}



@book{daigle2005basic,
  author={Daigle, John N},
  title={Queueing Theory with Applications to Packet Telecommunication},
  address = {New York},
  year={2005},
  publisher={ Springer Science}
}



@book{rade2013mathematics,
  title={Mathematics Handbook for Science and Engineering},
  author={Rade, Lennart and Westergren, Bertil},
address = {Berlin, Germany},
  year={2005},
  publisher={Springer}
}


@book{kingman1992poisson,
  title={Poisson processes},
  author={Kingman, John Frank Charles},
  volume={3},
  year={1992},
  publisher={Clarendon Press}
}

@book{nelson2013probability,
  title={Probability, Stochastic Processes, and Queueing Theory: The Mathematics of Computer Performance Modeling},
  author={Nelson, Randolph},
  year={1995},
address = {New York},
  publisher={Springer Science }
}



@book{neely2010stochastic,
  title={Stochastic Network Optimization With Application to Communication and Queueing Systems},
  author={M .J. Neely},
  year={2010},
  publisher={Belmont, MA, USA: Morgan and Claypool} 
}





%%%%%%%%%%%%%%%%%%%%%%%%%%%%%%%%%%%%%%%%
%%444444444444444444


%%%%%%ARTICLE




@ARTICLE{840210, 
author={G. {Bianchi}}, 
journal=IEEE_J_ASC , 
title={Performance analysis of the {IEEE} 802.11 distributed coordination function}, 
year={2000}, 
volume={18}, 
number={3}, 
pages={535--547}, 
month=mar,}












@ARTICLE{papoulis1965probability,
  title={Probability, random variables, and stochastic processes},
  author={Papoulis, Athanasios},
  year={1965},
  publisher={McGraw-Hill}
}

@ARTICLE{4385788, 
author={J. A. Tropp and A. C. Gilbert}, 
journal=IEEE_J_IT, 
title={Signal Recovery From Random Measurements Via Orthogonal Matching Pursuit}, 
year={2007}, 
volume={53}, 
number={12}, 
pages={4655--4666},  
doi={10.1109/TIT.2007.909108}, 
ISSN={0018-9448}, 
month=dec,}





@ARTICLE{5307471, 
author={P. Papadimitratos and A. D. La Fortelle and K. Evenssen and R. Brignolo and S. Cosenza}, 
journal=IEEE_M_COM, 
title={Vehicular communication systems: Enabling technologies, applications, and future outlook on intelligent transportation}, 
year={2009}, 
volume={47}, 
number={11}, 
pages={84--95},  
month=nov,}


@ARTICLE{corke2010environmental,
  title={Environmental wireless sensor networks},
  author={Corke, Peter and Wark, Tim and Jurdak, Raja and Hu, Wen and Valencia, Philip and Moore, Darren},
  journal=proceed ,
  volume={98},
  number={11},
  pages={1903--1917},
  year={2010},
month=nov,
  publisher={IEEE}
}







@ARTICLE{needell2009uniform,
  title={Uniform uncertainty principle and signal recovery via regularized orthogonal matching pursuit},
  author={Needell, Deanna and Vershynin, Roman},
  journal={Foundations of computational mathematics},
  volume={9},
  number={3},
  pages={317--334},
  year={2009},
  publisher={Springer}
}




@ARTICLE{5307471, 
author={P. Papadimitratos and A. D. La Fortelle and K. Evenssen and R. Brignolo and S. Cosenza}, 
journal=IEEE_M_COM, 
title={Vehicular communication systems: Enabling technologies, applications, and future outlook on intelligent transportation}, 
year={2009}, 
volume={47}, 
number={11}, 
pages={84--95},  
month=nov,}














@ARTICLE{needell2009uniform,
  title={Uniform uncertainty principle and signal recovery via regularized orthogonal matching pursuit},
  author={Needell, Deanna and Vershynin, Roman},
  journal={Foundations of computational mathematics},
  volume={9},
  number={3},
  pages={317--334},
  year={2009},
  publisher={Springer}
}



@ARTICLE{journals/corr/abs-1901-00481,
  author    = {Ali Maatouk and
               Mohamad Assaad and
               Anthony Ephremides},
  title     = {Minimizing The Age of Information in a {CSMA} Environment},
  year      = {[Online]. Available: https://arxiv.org/abs/1901.00481, 2019},
}

%%%%%%INPROCEEDINGS

@INPROCEEDINGS{hu2002ensuring,
  title={Ensuring cache freshness in on-demand ad hoc network routing protocols},
  author={Hu, Yih-Chun and Johnson, David B},
  booktitle=pmc,
  pages={25--30},
  address = {Toulouse, France},
month = oct # { 30--31,},
 year={2002},
}























@INPROCEEDINGS{818826, 
author={M. Xiong and K. Ramamritham}, 
booktitle=rtss, 
title={Deriving deadlines and periods for real-time update transactions}, 
year={1999},  
pages={32--43}, 
address = {Phoenix, AZ, USA},
month=dec  # { 1--3,},}




@INPROCEEDINGS{5984917, 
author={S. Kaul and M. Gruteser and V. Rai and J. Kenney}, 
booktitle=secon , 
title={Minimizing age of information in vehicular networks}, 
year={2011}, 
address = {Salt Lake City, UT, USA},
pages={350--358}, 
month=jun # { 27--30,},}








@INPROCEEDINGS{Kosta2018AgeOI,
author={Antzela Kosta and Nikolaos Pappas and Anthony Ephremides and Vangelis Angelakis},
  title={Age of Information and Throughput in a Shared Access Network with Heterogeneous Traffic},
  booktitle=globecom,
address = {Abu Dhabi, United Arab Emirates},
pages={1--6},
  year={2018},
month=dec # { 9--13,},
}


@INPROCEEDINGS{7282742, 
author={L. Huang and E. Modiano}, 
booktitle=isit,
title={Optimizing age-of-information in a multi-class queueing system}, 
year={2015},  
address = {Hong Kong, China},
pages={1681--1685},  
month=jun # { 14--19,},}





@INPROCEEDINGS{8006544, 
author={R. D. Yates and S. K. Kaul}, 
booktitle=isit,
title={Status updates over unreliable multiaccess channels}, 
year={2017}, 
pages={331--335}, 
month = jun # { 25--30,},
address = {Aachen, Germany},
}


@INPROCEEDINGS{8422521, 
author={S. Nath and J. Wu and J. Yang}, 
booktitle=icc, 
title={Optimum Energy Efficiency and Age-of-Information Tradeoff in Multicast Scheduling}, 
year={2018}, 
pages={1--6}, 
address={Kansas City, USA}, 
month= may # { 20--24,},}

@INPROCEEDINGS{8262777, 
author={R. Talak and S. Karaman and E. Modiano}, 
booktitle=allerton , 
title={Minimizing age-of-information in multi-hop wireless networks}, 
year={2017}, 
address = {Monticello, IL, USA}, 
pages={486--493},  
month=oct # { 3--6,},}






@INPROCEEDINGS{8445979, 
author={R. Talak and S. Karaman and E. Modiano}, 
booktitle=spawc,
title={Distributed Scheduling Algorithms for Optimizing Information Freshness in Wireless Networks}, 
year={2018},  
address = {Kalamata, Greece},
pages={1--5},  
month=jun # { 25--28,},}



@INPROCEEDINGS{8006593, 
author={A. M. Bedewy and Y. Sun and N. B. Shroff}, 
booktitle=isit, 
title={Age-Optimal Information Updates in Multihop Networks}, 
year={2017},  
address = {Aachen, Germany},
pages={576--580}, 
month=jun # { 25--30,},}














@INPROCEEDINGS{6284003, 
author={R. D. Yates and S. Kaul}, 
booktitle=isit,
title={Real-time status updating: Multiple sources},  
address = {Cambridge, MA, USA},
pages={2666--2670}, 
month=jul # { 1--6,},
year={2012},}



%%%%%%Book

@book{bertsekas1992data,
  title={Data Networks},
  author={Bertsekas, Dimitri P and Gallager, Robert G and Humblet, Pierre},
  year={1992},
address = { Englewood Cliffs, New Jersey},
  publisher={Prentice-Hall International }
} 


@book{gallager2013stochastic,
  title={Stochastic Processes: Theory for Applications},
  author={Gallager, Robert G},
  year={2013},
  publisher={Cambridge University Press}
}




@book{cooper1981introduction,
  title={Introduction to queueing theory},
  author={Cooper, Robert B},
  year={1981},
  publisher={North Holland,}
}



@book{daigle2005basic,
  author={Daigle, John N},
  title={Queueing Theory with Applications to Packet Telecommunication},
  address = {New York},
  year={2005},
  publisher={ Springer Science}
}



@book{rade2013mathematics,
  title={Mathematics Handbook for Science and Engineering},
  author={Rade, Lennart and Westergren, Bertil},
address = {Berlin, Germany},
  year={2005},
  publisher={Springer}
}


@book{kingman1992poisson,
  title={Poisson processes},
  author={Kingman, John Frank Charles},
  volume={3},
  year={1992},
  publisher={Clarendon Press}
}

@book{nelson2013probability,
  title={Probability, Stochastic Processes, and Queueing Theory: The Mathematics of Computer Performance Modeling},
  author={Nelson, Randolph},
  year={1995},
address = {New York},
  publisher={Springer Science }
}





































001
%%%%%%ARTICLE



@ARTICLE{9103131,
  author={R. D. {Yates}},
  journal=IEEE_J_IT, 
  title={The Age of Information in Networks: Moments, Distributions, and Sampling}, 
  year={2020},
  volume={66},
  number={9},
  pages={5712--5728},
month=sep,
}




@ARTICLE{papoulis1965probability,
  title={Probability, random variables, and stochastic processes},
  author={Papoulis, Athanasios},
  year={1965},
  publisher={McGraw-Hill}
}

@ARTICLE{4385788,
author={J. A. Tropp and A. C. Gilbert},
journal=IEEE_J_IT,
title={Signal Recovery From Random Measurements Via Orthogonal Matching Pursuit},
year={2007},
volume={53},
number={12},
pages={4655--4666},
doi={10.1109/TIT.2007.909108},
ISSN={0018-9448},
month=dec,}





@ARTICLE{corke2010environmental,
  title={Environmental wireless sensor networks},
  author={Corke, Peter and Wark, Tim and Jurdak, Raja and Hu, Wen and Valencia, Philip and Moore, Darren},
  journal=proceed ,
  volume={98},
  number={11},
  pages={1903--1917},
  year={2010},
month=nov,
  publisher={IEEE}
}





@ARTICLE{6547814,
author={A. B. {Sediq} and R. H. {Gohary} and R. {Schoenen} and H. {Yanikomeroglu}},
journal=IEEE_J_WCOM,
title={Optimal Tradeoff Between Sum-Rate Efficiency and {Jain}'s Fairness Index in Resource Allocation},
year={2013},
volume={12},
number={7},
pages={3496-3509},
month=jul}












@ARTICLE{needell2009uniform,
  title={Uniform uncertainty principle and signal recovery via regularized orthogonal matching pursuit},
  author={Needell, Deanna and Vershynin, Roman},
  journal={Foundations of computational mathematics},
  volume={9},
  number={3},
  pages={317--334},
  year={2009},
  publisher={Springer}
}




@ARTICLE{TCoMstabelqueue01,
author={P. Cantrell},
journal=IEEE_J_COM,
title={Computation of the Transient {M/M/1} Queue cdf, pdf, and Mean with Generalized
{Q}-Functions},
year={1986},
volume={34},
number={8},
pages={814--817},
month=aug,}


@ARTICLE{5307471,
author={P. Papadimitratos and A. D. La Fortelle and K. Evenssen and R. Brignolo and S. Cosenza},
journal=IEEE_M_COM,
title={Vehicular communication systems: Enabling technologies, applications, and future outlook on intelligent transportation},
year={2009},
volume={47},
number={11},
pages={84--95},
month=nov,}












@ARTICLE{needell2009uniform,
  title={Uniform uncertainty principle and signal recovery via regularized orthogonal matching pursuit},
  author={Needell, Deanna and Vershynin, Roman},
  journal={Foundations of computational mathematics},
  volume={9},
  number={3},
  pages={317--334},
  year={2009},
  publisher={Springer}
}








@ARTICLE{8901143,
author={M. {Moltafet} and M. {Leinonen} and M. {Codreanu}},
journal=IEEE_J_WCL,
title={Worst Case Age of Information in Wireless Sensor Networks: A Multi-Access Channel},
volume={9},
  number={3},
  pages={321--325},
year={2020},
ISSN={},
month=mar,
}





@ARTICLE{8901143halim,
author={R. {Jain} and  D. {Chiu} and W. {Hawe}},
journal={Digital
Equipment Corporation, DEC-TR-301, Tech. Rep., 1984},
title={A quantitative measure of fairness
and discrimination for resource allocation in shared systems},
note = { Available:
http://www1.cse.wustl.edu/~jain/papers/ftp/fairness.pdf.},
}












@UNPUBLISHED{journals/corr/abs-1901-00481,
  author    = {Ali Maatouk and
               Mohamad Assaad and
               Anthony Ephremides},
  title = {Minimizing The Age of Information in a {CSMA} Environment},
  note = {available at https://arxiv.org/abs/1901.00481},
  month = jan,
  year = {2019},
}






@ARTICLE{moltafet2019age,
    title={On the Age of Information in Multi-Source Queueing Models},
    author={Mohammad Moltafet and Markus Leinonen and Marian Codreanu},
journal={Submitted to IEEE Trans. Commun},
   year      = {[Online]. https://arxiv.org/abs/1911.07029v1, 2019},
}

@ARTICLE{moltafet2020ISIT,
    title={Average Age of Information for a Multi-Source {M/M/1} Queueing Model With Packet Management},
    author={Mohammad Moltafet and Markus Leinonen and Marian Codreanu},
journal={Submitted to IEEE Int. Symp. Inform. Theory},
   year      = {[Online]. https://arxiv.org/abs/2001.03959v1, 2020},
}



@ARTICLE{javaniarxive2019,
  author    = {Alireza Javani and
               Zhiying Wang},
  title     = {Age of Information in Multiple Sensing},
  url       = {http://arxiv.org/abs/1902.01975, 2019.},
  archivePrefix = {arXiv},
  eprint    = {1902.01975},
  timestamp = {Tue, 21 May 2019 18:03:37 +0200},
  biburl    = {https://dblp.org/rec/bib/journals/corr/abs-1902-01975},
  bibsource = {dblp computer science bibliography, https://dblp.org}
}



@ARTICLE{kaul2020timely,
    title={Timely Updates By Multiple Sources: The {M/M/1} Queue Revisited},
    author={Sanjit K. Kaul and Roy D. Yates},
url       = {https://arxiv.org/abs/2002.02817, 2020.},
}



@ARTICLE{9007478,
author={A. {Maatouk} and M. {Assaad} and A. {Ephremides}},
journal={IEEE/ACM Trans. Net.},
title={On the Age of Information in a {CSMA} Environment},
year={Early Access 2020},
volume={ },
number={},
pages={},
}


%%%%%%INPROCEEDINGS









@INPROCEEDINGS{moltafet2019power,
    title={Power Minimization in Wireless Sensor Networks With Constrained {AoI} Using Stochastic Optimization},
    author={Mohammad Moltafet and Markus Leinonen and Marian Codreanu and Nikolaos Pappas},
booktitle=asilomar, 
address = {Pacific Grove, USA},
month = nov # { 3--6,},
year      = {2019},
pages={406--410}
}


@INPROCEEDINGS{ourITW01,
author={M. Moltafet and M. Leinonen and M. Codreanu},
booktitle=itw,
title={Closed-Form Expression for the Average Age of
	Information in a Multi-Source {M/G/1} Queueing
	Model},
year={2019},
pages={},
 address={ Visby, Gotland, Sweden},
month = aug # { 25--28,},
}


@INPROCEEDINGS{8877239,
author={M. {Moltafet} and M. {Leinonen} and M. {Codreanu}},
booktitle=iswcs,
title={Worst Case Analysis of Age of Information in a Shared-Access Channel},
year={2019},
pages={613--617},
ISSN={},
month=aug # { 27--30,},
address = {Oulu, Finland},
}



@INPROCEEDINGS{hu2002ensuring,
  title={Ensuring cache freshness in on-demand ad hoc network routing protocols},
  author={Hu, Yih-Chun and Johnson, David B},
  booktitle=pmc,
  pages={25--30},
  address = {Toulouse, France},
 year={2002},
month = oct # { 30--31,},

}
























@INPROCEEDINGS{818826,
author={M. Xiong and K. Ramamritham},
booktitle=rtss,
title={Deriving deadlines and periods for real-time update transactions},
year={1999},
pages={32--43},
address = {Phoenix, AZ, USA},
month=dec  # { 1--3,},}




@INPROCEEDINGS{5984917,
author={S. Kaul and M. Gruteser and V. Rai and J. Kenney},
booktitle=secon ,
title={Minimizing age of information in vehicular networks},
year={2011},
address = {Salt Lake City, UT, USA},
pages={350--358},
month=jun # { 27--30,},}



@INPROCEEDINGS{ourITW01,
author={M. Moltafet and M. Leinonen and M. Codreanu},
booktitle=itw,
title={Closed-Form Expression for the Average Age of
	Information in a Multi-Source {M/G/1} Queueing
	Model},
year={2019},
pages={},
 address={ Visby, Gotland, Sweden},
month = aug # { 25--28,},
}











@INPROCEEDINGS{Kosta2018AgeOI,
author={Antzela Kosta and Nikolaos Pappas and Anthony Ephremides and Vangelis Angelakis},
  title={Age of Information and Throughput in a Shared Access Network with Heterogeneous Traffic},
  booktitle=globecom,
address = {Abu Dhabi, United Arab Emirates},
pages={1--6},
  year={2018},
month=dec # { 9--13,},
}


@INPROCEEDINGS{7282742,
author={L. Huang and E. Modiano},
booktitle=isit,
title={Optimizing age-of-information in a multi-class queueing system},
year={2015},
address = {Hong Kong, China},
pages={1681--1685},
month=jun # { 14--19,},}





@INPROCEEDINGS{8006544,
author={R. D. Yates and S. K. Kaul},
booktitle=isit,
title={Status updates over unreliable multiaccess channels},
year={2017},
pages={331--335},
month = jun # { 25--30,},
address = {Aachen, Germany},
}





@INPROCEEDINGS{8877239,
author={M. {Moltafet} and M. {Leinonen} and M. {Codreanu}},
booktitle=iswcs,
title={Worst Case Analysis of Age of Information in a Shared-Access Channel},
year={2019},
pages={613--617},
ISSN={},
month=aug # { 27--30,},
address = {Oulu, Finland},
}






author={S. K. {Kaul} and R. D. {Yates}},
booktitle=isit,
title={Age of Information: Updates with Priority},
year={2018},
pages={2644--2648},
month =  jun # { 17--22,},
address = {Vail, CO, USA},
}







@INPROCEEDINGS{8422521,
author={S. Nath and J. Wu and J. Yang},
booktitle=icc,
title={Optimum Energy Efficiency and Age-of-Information Tradeoff in Multicast Scheduling},
year={2018},
pages={1--6},
address={Kansas City, USA},
month= may # { 20--24,},}

@INPROCEEDINGS{8262777,
author={R. Talak and S. Karaman and E. Modiano},
booktitle=allerton ,
title={Minimizing age-of-information in multi-hop wireless networks},
year={2017},
address = {Monticello, IL, USA},
pages={486--493},
month=oct # { 3--6,},}






@INPROCEEDINGS{8445979,
author={R. Talak and S. Karaman and E. Modiano},
booktitle=spawc,
title={Distributed Scheduling Algorithms for Optimizing Information Freshness in Wireless Networks},
year={2018},
address = {Kalamata, Greece},
pages={1--5},
month=jun # { 25--28,},}



@INPROCEEDINGS{8006593,
author={A. M. Bedewy and Y. Sun and N. B. Shroff},
booktitle=isit,
title={Age-Optimal Information Updates in Multihop Networks},
year={2017},
address = {Aachen, Germany},
pages={576--580},
month=jun # { 25--30,},}













@INPROCEEDINGS{6284003,
author={R. D. Yates and S. Kaul},
booktitle=isit,
title={Real-time status updating: Multiple sources},
address = {Cambridge, MA, USA},
pages={2666--2670},
month=jul # { 1--6,},
year={2012},}






%%%%%%Book

@book{bertsekas1992data,
  title={Data Networks},
  author={D. Bertsekas and R. Gallager},
  year={1992},
address = { Englewood Cliffs, New Jersey},
  publisher={Prentice-Hall International }
}


@book{gallager2013stochastic,
  title={Stochastic Processes: Theory for Applications},
  author={Gallager, Robert G},
  year={2013},
  publisher={Cambridge University Press}
}




@book{cooper1981introduction,
  title={Introduction to queueing theory},
  author={Cooper, Robert B},
  year={1981},
  publisher={North Holland,}
}



@book{daigle2005basic,
  author={Daigle, John N},
  title={Queueing Theory with Applications to Packet Telecommunication},
  address = {New York},
  year={2005},
  publisher={ Springer Science}
}



@book{rade2013mathematics,
  title={Mathematics Handbook for Science and Engineering},
  author={Rade, Lennart and Westergren, Bertil},
address = {Berlin, Germany},
  year={2005},
  publisher={Springer}
}


@book{kingman1992poisson,
  title={Poisson processes},
  author={Kingman, John Frank Charles},
  volume={3},
  year={1992},
  publisher={Clarendon Press}
}

@book{nelson2013probability,
  title={Probability, Stochastic Processes, and Queueing Theory: The Mathematics of Computer Performance Modeling},
  author={Nelson, Randolph},
  year={1995},
address = {New York},
  publisher={Springer Science }
}



@book{Kleinrock121,
  title={Queueing Systems, Volume 1: Theory},
  author={ Kleinrock, Leonard},
  year={1995},
address = {New York},
  publisher={John Wiley  and Sons}
}





@book{papbook01,
  title={Probability, Random Variables, and Stochastic Processes},
  author={ A. Papoulis},
  year={1984},
address = {New York},
  publisher={McGraw-Hill}
}

@book{ross2014introduction,
  title={Introduction to Probability Models},
  author={Sheldon M, Ross },
  year={2010},
address = {California},
  publisher={Academic press}
}

