@ARTICLE{10038591,
  author={Fiems, Dieter},
  journal=IEEE_J_COML, 
  title={Age of Information Analysis With Preemptive Packet Management}, 
  year={2023},
  volume={27},
  number={4},
  pages={1105-1109},
month=feb,
 }

@ARTICLE{10139823,
  author={Akar, Nail and Gamgam, Ege Orkun},
  journal=IEEE_J_COML, 
  title={Distribution of Age of Information in Status Update Systems With Heterogeneous Information Sources: {An} Absorbing Markov Chain-Based Approach}, 
  year={2023},
  volume={27},
  number={8},
  pages={2024-2028},
month=may,
}

@INPROCEEDINGS{6195689,
author={S. Kaul and R. Yates and M. Gruteser},
booktitle=infocom,
title={Real-time status: How often should one update?},
year={2012},
address = {Orlando, FL, USA},
pages={2731--2735},
month=mar # { 25--30,},
}

@INPROCEEDINGS{6310931,
author={S. K. Kaul and R. D. Yates and M. Gruteser},
booktitle=ciss,
title={Status updates through queues},
year={2012},
address ={Princeton, NJ, USA},
pages={1--6},
month=mar  # { 21--23,},}

@ARTICLE{7415972,
author={M. Costa and M. Codreanu and A. Ephremides},
journal=IEEE_J_IT,
title={On the Age of Information in Status Update Systems With Packet Management},
year={2016},
volume={62},
number={4},
pages={1897--1910},
month=apr,}

@INPROCEEDINGS{7541764, 
author={E. {Najm} and R. {Nasser}}, 
booktitle=isit,
title={Age of information: The gamma awakening}, 
year={2016},  
address = {Barcelona, Spain},
pages={2574--2578}, 
month=jul # { 10--16,},
}

@INPROCEEDINGS{8006504,
  author={Najm, Elie and Yates, Roy and Soljanin, Emina},
  booktitle=isit, 
  title={Status updates through {M/G/1/1} queues with {HARQ}}, 
  year={2017},
address = {Aachen, Germany},
  pages={131--135},
month=jun  # { 25--30},
 }

@INPROCEEDINGS{8006592,
author={Y. Inoue and H. Masuyama and T. Takine and T. Tanaka},
booktitle=isit,
title={The stationary distribution of the age of information in {FCFS} single-server queues},
year={2017},
address = {Aachen, Germany},
pages={571--575},
month=jun # { 25--30,},}

@INPROCEEDINGS{8406909,
  author={J. P. {Champati} and H. {Al-Zubaidy} and J. {Gross}},
  booktitle=infocomw, 
  title={Statistical guarantee optimization for age of information for the {D/G/1} queue}, 
  year={2018},
  pages={130--135},
address = {Honolulu, HI, USA},
month=apr # { 15--19,},
}

@INPROCEEDINGS{8406928,
author={E. Najm and E. Telatar},
booktitle=infocom,
title={Status updates in a multi-stream {M/G/1/1} preemptive queue},
year={2018},
address = {Honolulu, HI, USA},
pages={124--129},
month=apr # { 15--19,},}

@INPROCEEDINGS{8406966,
author={R. D. {Yates}},
booktitle=infocom,
title={Age of information in a network of preemptive servers},
year={2018},
address = {Honolulu, HI, USA},
pages={118--123},
month=apr # { 15--19},
}

@INPROCEEDINGS{8437591,
author={S. K. {Kaul} and R. D. {Yates}},
booktitle=isit,
title={Age of Information: Updates with Priority},
year={2018},
pages={2644--2648},
month =  jun # { 17--22,},
address = {Vail, CO, USA},
}

@INPROCEEDINGS{8437907,
author={R. D. {Yates}},
booktitle=isit,
title={Status Updates through Networks of Parallel Servers},
year={2018},
pages={2281--2285},
address = {Vail, CO, USA},
month=jun  # { 17--22,}
}

@ARTICLE{8469047,
author={R. D. {Yates} and S. K. {Kaul}},
journal=IEEE_J_IT,
title={The Age of Information: Real-Time Status Updating by Multiple Sources},
year={2019},
volume={65},
number={3},
pages={1807--1827},
month=mar,
}

@ARTICLE{8820073,
  author={Y. {Inoue} and H. {Masuyama} and T. {Takine} and T. {Tanaka}},
  journal=IEEE_J_IT, 
  title={A General Formula for the Stationary Distribution of the Age of Information and Its Application to Single-Server Queues}, 
  year={2019},
  volume={65},
  number={12},
  pages={8305--8324},
month=aug,
}

@ARTICLE{8886357,
  author={E. {Najm} and R. {Nasser} and E. {Telatar}},
  journal=IEEE_J_IT, 
  title={Content Based Status Updates}, 
  year={2020},
  volume={66},
  number={6},
  pages={3846--3863},
  month=oct,
}

@INPROCEEDINGS{9013935,
  author={A. {Javani} and M. {Zorgui} and Z. {Wang}},
  booktitle=globecom, 
  title={Age of Information in Multiple Sensing}, 
  year={2019},
month=dec # { 9--13,},
address = {Waikoloa, HI, USA},
}

@INPROCEEDINGS{9048914,
  author={S. {Farazi} and A. G. {Klein} and D. {Richard Brown}},
  booktitle=asilomar, 
  title={Average Age of Information in Multi-Source Self-Preemptive Status Update Systems with Packet Delivery Errors}, 
  year={2019},
  address = {Pacific Grove, CA, USA},
  pages={396--400},
month=nov # { 3--6,},
}

@INPROCEEDINGS{9048933,
  author={A. {Soysal} and S. {Ulukus}},
  booktitle=asilomar, 
  title={Age of Information in {G/G/1/1} Systems}, 
  year={2019},
address = {Pacific Grove, CA, USA},
month=nov # { 3--6,},
  pages={2022--2027},
}

@ARTICLE{9099557,
  author={M. {Moltafet} and M. {Leinonen} and M. {Codreanu}},
  journal=IEEE_J_COM, 
  title={On the Age of Information in Multi-Source Queueing Models}, 
  year={2020},
  volume={68},
  number={8},
  pages={5003--5017},
  month=may,
}

@ARTICLE{9119460,
  author={N. {Akar} and O. {Dogan} and E. U. {Atay}},
journal=IEEE_J_COM, 
  title={Finding the Exact Distribution of (Peak) Age of Information for Queues of {PH/PH/1/1} and {M/PH/1/2} Type}, 
  year={2020},
  volume={68},
  number={9},
  pages={5661--5672},
month=jun,}

@INPROCEEDINGS{9162681,
  author={M. {Moltafet} and M. {Leinonen} and M. {Codreanu}},
  booktitle=infocomw, 
  title={Average Age of Information in a Multi-Source {M/M/1} Queueing Model with {LCFS} Prioritized Packet Management}, 
 address = {Toronto, Canada},
pages={303--308},
year={2020},
month=jul # { 6--9,},
}

@ARTICLE{9252168,
  author={Moltafet, Mohammad and Leinonen, Markus and Codreanu, Marian},
  journal=IEEE_J_COM, 
  title={Average {AoI} in Multi-Source Systems With Source-Aware Packet Management}, 
  year={2021},
  volume={69},
  number={2},
  pages={1121--1133},
  month=feb,}

@INPROCEEDINGS{9500775,
  author={Deng, Dapeng and Chen, Zhengchuan and Jia, Yunjian and Liang, Liang and Fang, Shuyang and Wang, Min},
  booktitle=icc, 
  title={Age of Information In A Multiple Stream {M/G/1/1} Non-preemptive Queue}, 
  year={2021},
  volume={},
  number={},
  pages={1--6},
address = {Montreal, QC, Canada},

month=jun  # { 14--23},
  doi={10.1109/ICC42927.2021.9500775}}

@INPROCEEDINGS{9611498,
  author={Moltafet, Mohammad and Leinonen, Markus and Codreanu, Marian},
  booktitle=itw, 
  title={Moment Generating Function of the {AoI} in Multi-Source Systems with Computation-Intensive Status Updates}, 
  address = {Kanazawa, Japan},
pages={1--6},
month=oct # { 17--21,},
year={2021},}

@ARTICLE{9705518,
  author={Abd-Elmagid, Mohamed A. and Dhillon, Harpreet S.},
  journal=IEEE_J_IT, 
  title={Closed-Form Characterization of the {MGF} of {AoI} in Energy Harvesting Status Update Systems}, 
  year={2022},
  volume={68},
  number={6},
  pages={3896-3919},
month=jun,
  }

@ARTICLE{9869867,
  author={Moltafet, Mohammad and Leinonen, Markus and Codreanu, Marian},
  journal=IEEE_J_COM, 
  title={Moment Generating Function of Age of Information in Multisource {M/G/1/1} Queueing Systems}, 
  year={2022},
  volume={70},
  number={10},
  pages={6503-6516},
}

@ARTICLE{Arxakar2024age,
      title={Age of Information in a Single-Source Generate-at-Will Dual-Server Status Update System}, 
      author={Nail Akar and Sennur Ulukus},
      year={2024},
      url={https://arxiv.org/abs/2404.01229}, 
}

@ARTICLE{Moltafet2020mgf,
    title={Moment generating function of the {AoI} in a two-source system with packet management},
journal=IEEE_J_WCL,
    author={Mohammad Moltafet and Markus Leinonen and Marian Codreanu},
  year={2021},
  volume={10},
  number={4},
  pages={882--886},
month=apr,
}

@article{inoue2024exact,
      title={Exact Analysis of the Age of Information in the Multi-Source {M/GI/1} Queueing System}, 
      author={Yoshiaki Inoue and Tetsuya Takine},
      year={2024},
      url={https://arxiv.org/abs/2404.05167}, 
}

