@phdthesis{belinkov2018internal,
  title={On internal language representations in deep learning: An analysis of machine translation and speech recognition},
  author={Belinkov, Yonatan},
  year={2018},
  school={Massachusetts Institute of Technology}
}

@article{belinkov2022probing,
    title = "Probing Classifiers: Promises, Shortcomings, and Advances",
    author = "Belinkov, Yonatan",
    journal = "Computational Linguistics",
    volume = "48",
    number = "1",
    month = mar,
    year = "2022",
    address = "Cambridge, MA",
    publisher = "MIT Press",
    pages = "207--219",
}

@inproceedings{broekens2023fine,
  title={Fine-grained affective processing capabilities emerging from large language models},
  author={Broekens, Joost and Hilpert, Bernhard and Verberne, Suzan and Baraka, Kim and Gebhard, Patrick and Plaat, Aske},
  booktitle={2023 11th International Conference on Affective Computing and Intelligent Interaction (ACII)},
  pages={1--8},
  year={2023},
  organization={IEEE}
}

@article{brosch2013comment,
  title={Comment: the appraising brain: towards a neuro-cognitive model of appraisal processes in emotion},
  author={Brosch, Tobias and Sander, David},
  journal={Emotion Review},
  volume={5},
  number={2},
  pages={163--168},
  year={2013},
  publisher={Sage Publications Sage UK: London, England}
}

@article{cammarata2021curve,
  title={Curve circuits},
  author={Cammarata, Nick and Goh, Gabriel and Carter, Shan and Voss, Chelsea and Schubert, Ludwig and Olah, Chris},
  journal={Distill},
  volume={6},
  number={1},
  pages={e00024--006},
  year={2021}
}

@inproceedings{clark2019does,
    title = "What Does {BERT} Look at? An Analysis of {BERT}`s Attention",
    author = "Clark, Kevin  and
      Khandelwal, Urvashi  and
      Levy, Omer  and
      Manning, Christopher D.",
    booktitle = "Proceedings of the 2019 ACL Workshop BlackboxNLP: Analyzing and Interpreting Neural Networks for NLP",
    month = aug,
    year = "2019",
    address = "Florence, Italy",
    publisher = "Association for Computational Linguistics",
    pages = "276--286",
}

@article{coda2023inducing,
  title={Inducing anxiety in large language models increases exploration and bias},
  author={Coda-Forno, Julian and Witte, Kristin and Jagadish, Akshay K and Binz, Marcel and Akata, Zeynep and Schulz, Eric},
  journal={arXiv preprint arXiv:2304.11111},
  year={2023}
}

@article{conmy2023towards,
  title={Towards automated circuit discovery for mechanistic interpretability},
  author={Conmy, Arthur and Mavor-Parker, Augustine and Lynch, Aengus and Heimersheim, Stefan and Garriga-Alonso, Adri{\`a}},
  journal={Advances in Neural Information Processing Systems},
  volume={36},
  pages={16318--16352},
  year={2023}
}

@inproceedings{conneau2018you,
    title = "What you can cram into a single {\$}{\&}!{\#}* vector: Probing sentence embeddings for linguistic properties",
    author = {Conneau, Alexis  and
      Kruszewski, German  and
      Lample, Guillaume  and
      Barrault, Lo{\"i}c  and
      Baroni, Marco},
    booktitle = "Proceedings of the 56th Annual Meeting of the Association for Computational Linguistics (Volume 1: Long Papers)",
    month = jul,
    year = "2018",
    address = "Melbourne, Australia",
    publisher = "Association for Computational Linguistics",
    pages = "2126--2136",
}

@article{croissant2024appraisal,
  title={An appraisal-based chain-of-emotion architecture for affective language model game agents},
  author={Croissant, Maximilian and Frister, Madeleine and Schofield, Guy and McCall, Cade},
  journal={Plos one},
  volume={19},
  number={5},
  pages={e0301033},
  year={2024},
  publisher={Public Library of Science San Francisco, CA USA}
}

@article{elhage2021mathematical,
  title={A mathematical framework for transformer circuits},
  author={Elhage, Nelson and Nanda, Neel and Olsson, Catherine and Henighan, Tom and Joseph, Nicholas and Mann, Ben and Askell, Amanda and Bai, Yuntao and Chen, Anna and Conerly, Tom and others},
  journal={Transformer Circuits Thread},
  volume={1},
  number={1},
  pages={12},
  year={2021}
}

@article{elyoseph2023chatgpt,
  title={ChatGPT outperforms humans in emotional awareness evaluations},
  author={Elyoseph, Zohar and Hadar-Shoval, Dorit and Asraf, Kfir and Lvovsky, Maya},
  journal={Frontiers in Psychology},
  volume={14},
  pages={1199058},
  year={2023},
  publisher={Frontiers}
}

@inproceedings{ettinger2016probing,
  title={Probing for semantic evidence of composition by means of simple classification tasks},
  author={Ettinger, Allyson and Elgohary, Ahmed and Resnik, Philip},
  booktitle={Proceedings of the 1st workshop on evaluating vector-space representations for nlp},
  pages={134--139},
  year={2016}
}

@inproceedings{geva2022transformer,
    title = "Transformer Feed-Forward Layers Build Predictions by Promoting Concepts in the Vocabulary Space",
    author = "Geva, Mor  and
      Caciularu, Avi  and
      Wang, Kevin  and
      Goldberg, Yoav",
    booktitle = "Proceedings of the 2022 Conference on Empirical Methods in Natural Language Processing",
    month = dec,
    year = "2022",
    address = "Abu Dhabi, United Arab Emirates",
    publisher = "Association for Computational Linguistics",
    pages = "30--45",
}

@inproceedings{giulianelli2018under,
    title = "Under the Hood: Using Diagnostic Classifiers to Investigate and Improve how Language Models Track Agreement Information",
    author = "Giulianelli, Mario  and
      Harding, Jack  and
      Mohnert, Florian  and
      Hupkes, Dieuwke  and
      Zuidema, Willem",
    booktitle = "Proceedings of the 2018 {EMNLP} Workshop {B}lackbox{NLP}: Analyzing and Interpreting Neural Networks for {NLP}",
    month = nov,
    year = "2018",
    address = "Brussels, Belgium",
    publisher = "Association for Computational Linguistics",
    pages = "240--248",
}

@inproceedings{gupta2015distributional,
    title = "Distributional vectors encode referential attributes",
    author = "Gupta, Abhijeet  and
      Boleda, Gemma  and
      Baroni, Marco  and
      Pad{\'o}, Sebastian",
    booktitle = "Proceedings of the 2015 Conference on Empirical Methods in Natural Language Processing",
    month = sep,
    year = "2015",
    address = "Lisbon, Portugal",
    publisher = "Association for Computational Linguistics",
    pages = "12--21"
}

@article{heimersheim2024use,
  title={How to use and interpret activation patching},
  author={Heimersheim, Stefan and Nanda, Neel},
  journal={arXiv preprint arXiv:2404.15255},
  year={2024}
}

@inproceedings{hewitt2019designing,
    title = "Designing and Interpreting Probes with Control Tasks",
    author = "Hewitt, John  and
      Liang, Percy",
    booktitle = "Proceedings of the 2019 Conference on Empirical Methods in Natural Language Processing and the 9th International Joint Conference on Natural Language Processing (EMNLP-IJCNLP)",
    month = nov,
    year = "2019",
    address = "Hong Kong, China",
    publisher = "Association for Computational Linguistics",
    pages = "2733--2743",
}

@inproceedings{hupkes2018visualisation,
  title     = {Visualisation and 'Diagnostic Classifiers' Reveal how Recurrent and Recursive Neural Networks Process Hierarchical Structure},
  author    = {Dieuwke Hupkes and Willem Zuidema},
  booktitle = {Proceedings of the Twenty-Seventh International Joint Conference on
               Artificial Intelligence, {IJCAI-18}},
  publisher = {International Joint Conferences on Artificial Intelligence Organization},
  pages     = {5617--5621},
  year      = {2018},
  month     = {7},
}

@article{kadar2017representation,
  title={Representation of linguistic form and function in recurrent neural networks},
  author={K{\'a}d{\'a}r, Akos and Chrupa{\l}a, Grzegorz and Alishahi, Afra},
  journal={Computational Linguistics},
  volume={43},
  number={4},
  pages={761--780},
  year={2017},
  publisher={MIT Press One Rogers Street, Cambridge, MA 02142-1209, USA journals-info~â€¦}
}

@inproceedings{kohn2015s,
    title = "What`s in an Embedding? Analyzing Word Embeddings through Multilingual Evaluation",
    author = {K{\"o}hn, Arne},
    booktitle = "Proceedings of the 2015 Conference on Empirical Methods in Natural Language Processing",
    month = sep,
    year = "2015",
    address = "Lisbon, Portugal",
    publisher = "Association for Computational Linguistics",
    pages = "2067--2073"
}

@incollection{kragel2024can,
  title={Can Brain Data Be Used to Arbitrate Among Emotion Theories?},
  author={Kragel, Philip A and Sander, David and LaBar, Kevin S},
  booktitle={Emotion theory: The Routledge comprehensive guide},
  pages={511--542},
  year={2024},
  publisher={Routledge}
}

@book{lazarus1991emotion,
  title={Emotion and adaptation},
  author={Lazarus, Richard S},
  year={1991},
  publisher={Oxford University Press on Demand}
}

@article{leitao2020computational,
  title={Computational imaging during video game playing shows dynamic synchronization of cortical and subcortical networks of emotions},
  author={Leit{\~a}o, Joana and Meuleman, Ben and Van De Ville, Dimitri and Vuilleumier, Patrik},
  journal={PLoS biology},
  volume={18},
  number={11},
  pages={e3000900},
  year={2020},
  publisher={Public Library of Science San Francisco, CA USA}
}

@article{lieberum2023does,
  title={Does circuit analysis interpretability scale? evidence from multiple choice capabilities in chinchilla},
  author={Lieberum, Tom and Rahtz, Matthew and Kram{\'a}r, J{\'a}nos and Nanda, Neel and Irving, Geoffrey and Shah, Rohin and Mikulik, Vladimir},
  journal={arXiv preprint arXiv:2307.09458},
  year={2023}
}

@article{meng2022locating,
  title={Locating and editing factual associations in GPT},
  author={Meng, Kevin and Bau, David and Andonian, Alex and Belinkov, Yonatan},
  journal={Advances in Neural Information Processing Systems},
  volume={35},
  pages={17359--17372},
  year={2022}
}

@inproceedings{nanda2023emergent,
    title = "Emergent Linear Representations in World Models of Self-Supervised Sequence Models",
    author = "Nanda, Neel  and
      Lee, Andrew  and
      Wattenberg, Martin",
    booktitle = "Proceedings of the 6th BlackboxNLP Workshop: Analyzing and Interpreting Neural Networks for NLP",
    month = dec,
    year = "2023",
    address = "Singapore",
    publisher = "Association for Computational Linguistics",
}

@article{olah2020zoom,
  title={Zoom in: An introduction to circuits},
  author={Olah, Chris and Cammarata, Nick and Schubert, Ludwig and Goh, Gabriel and Petrov, Michael and Carter, Shan},
  journal={Distill},
  volume={5},
  number={3},
  pages={e00024--001},
  year={2020}
}

@article{olsson2022context,
  title={In-context learning and induction heads},
  author={Olsson, Catherine and Elhage, Nelson and Nanda, Neel and Joseph, Nicholas and DasSarma, Nova and Henighan, Tom and Mann, Ben and Askell, Amanda and Bai, Yuntao and Chen, Anna and others},
  journal={arXiv preprint arXiv:2209.11895},
  year={2022}
}

@misc{paech2023eq,
      title={EQ-Bench: An Emotional Intelligence Benchmark for Large Language Models}, 
      author={Samuel J. Paech},
      year={2023},
      eprint={2312.06281},
      archivePrefix={arXiv},
      primaryClass={cs.CL}
}

@inproceedings{peters2018dissecting,
    title = "Dissecting Contextual Word Embeddings: Architecture and Representation",
    author = "Peters, Matthew E.  and
      Neumann, Mark  and
      Zettlemoyer, Luke  and
      Yih, Wen-tau",
    booktitle = "Proceedings of the 2018 Conference on Empirical Methods in Natural Language Processing",
    month = oct # "-" # nov,
    year = "2018",
    address = "Brussels, Belgium",
    publisher = "Association for Computational Linguistics",
    pages = "1499--1509",
}

@misc{prakash2024finetuningenhancesexistingmechanisms,
      title={Fine-Tuning Enhances Existing Mechanisms: A Case Study on Entity Tracking}, 
      author={Nikhil Prakash and Tamar Rott Shaham and Tal Haklay and Yonatan Belinkov and David Bau},
      year={2024},
      eprint={2402.14811},
      archivePrefix={arXiv},
      primaryClass={cs.CL},
}

@article{rai2024practical,
  title={A practical review of mechanistic interpretability for transformer-based language models},
  author={Rai, Daking and Zhou, Yilun and Feng, Shi and Saparov, Abulhair and Yao, Ziyu},
  journal={arXiv preprint arXiv:2407.02646},
  year={2024}
}

@inproceedings{shi2016does,
    title = "Does String-Based Neural {MT} Learn Source Syntax?",
    author = "Shi, Xing  and
      Padhi, Inkit  and
      Knight, Kevin",
    booktitle = "Proceedings of the 2016 Conference on Empirical Methods in Natural Language Processing",
    month = nov,
    year = "2016",
    address = "Austin, Texas",
    publisher = "Association for Computational Linguistics",
    pages = "1526--1534"
}

@article{smith2011role,
  title={The role of appraisal and emotion in coping and adaptation},
  author={Smith, Craig A and Kirby, Leslie D},
  journal={The handbook of stress science: Biology, psychology, and health},
  pages={195--208},
  year={2011}
}

@article{templeton2024scaling,
       title={Scaling Monosemanticity: Extracting Interpretable Features from Claude 3 Sonnet},
       author={Templeton, Adly and Conerly, Tom and Marcus, Jonathan and Lindsey, Jack and Bricken, Trenton and Chen, Brian and Pearce, Adam and Citro, Craig and Ameisen, Emmanuel and Jones, Andy and Cunningham, Hoagy and Turner, Nicholas L and McDougall, Callum and MacDiarmid, Monte and Freeman, C. Daniel and Sumers, Theodore R. and Rees, Edward and Batson, Joshua and Jermyn, Adam and Carter, Shan and Olah, Chris and Henighan, Tom},
       year={2024},
       journal={Transformer Circuits Thread},
    }

@inproceedings{tenney2019bert,
    title = "{BERT} Rediscovers the Classical {NLP} Pipeline",
    author = "Tenney, Ian  and
      Das, Dipanjan  and
      Pavlick, Ellie",
    booktitle = "Proceedings of the 57th Annual Meeting of the Association for Computational Linguistics",
    month = jul,
    year = "2019",
    address = "Florence, Italy",
    publisher = "Association for Computational Linguistics",
    pages = "4593--4601",
}

@article{turner2308activation,
  title={Activation addition: Steering language models without optimization},
  author={Turner, Alexander Matt and Thiergart, Lisa and Leech, Gavin and Udell, David and Vazquez, Juan J and Mini, Ulisse and MacDiarmid, Monte},
  journal={arXiv e-prints},
  pages={arXiv--2308},
  year={2023}
}

@article{vig2020investigating,
  title={Investigating gender bias in language models using causal mediation analysis},
  author={Vig, Jesse and Gehrmann, Sebastian and Belinkov, Yonatan and Qian, Sharon and Nevo, Daniel and Singer, Yaron and Shieber, Stuart},
  journal={Advances in neural information processing systems},
  volume={33},
  pages={12388--12401},
  year={2020}
}

@article{vu2024psychadapter,
  title={PsychAdapter: Adapting LLM Transformers to Reflect Traits, Personality and Mental Health},
  author={Vu, Huy and Nguyen, Huy Anh and Ganesan, Adithya V and Juhng, Swanie and Kjell, Oscar NE and Sedoc, Joao and Kern, Margaret L and Boyd, Ryan L and Ungar, Lyle and Schwartz, H Andrew and others},
  journal={arXiv preprint arXiv:2412.16882},
  year={2024}
}

@article{wang2023emotional,
  title={Emotional intelligence of large language models},
  author={Wang, Xuena and Li, Xueting and Yin, Zi and Wu, Yue and Liu, Jia},
  journal={Journal of Pacific Rim Psychology},
  volume={17},
  pages={18344909231213958},
  year={2023},
  publisher={SAGE Publications Sage UK: London, England}
}

@inproceedings{yongsatianchot2023investigating,
  title={Investigating large language modelsâ€™ perception of emotion using appraisal theory},
  author={Yongsatianchot, Nutchanon and Torshizi, Parisa Ghanad and Marsella, Stacy},
  booktitle={2023 11th International Conference on Affective Computing and Intelligent Interaction Workshops and Demos (ACIIW)},
  pages={1--8},
  year={2023},
  organization={IEEE}
}

@inproceedings{yongsatianchot2023s,
  title={Whatâ€™s Next in Affective Modeling? Large Language Models},
  author={Yongsatianchot, Nutchanon and Thejll-Madsen, Tobias and Marsella, Stacy},
  booktitle={2023 11th International Conference on Affective Computing and Intelligent Interaction Workshops and Demos (ACIIW)},
  pages={1--7},
  year={2023},
  organization={IEEE}
}

@inproceedings{zhao2024both,
    title = "Both Matter: Enhancing the Emotional Intelligence of Large Language Models without Compromising the General Intelligence",
    author = "Zhao, Weixiang  and
      Li, Zhuojun  and
      Wang, Shilong  and
      Wang, Yang  and
      Hu, Yulin  and
      Zhao, Yanyan  and
      Wei, Chen  and
      Qin, Bing",
    booktitle = "Findings of the Association for Computational Linguistics: ACL 2024",
    month = aug,
    year = "2024",
    address = "Bangkok, Thailand",
    publisher = "Association for Computational Linguistics",
    pages = "11157--11176",
}

