% Use this file for citations not found in the ACL Anthology (contained in "anthology.bib").

@inproceedings{geiger2024finding,
  title={Finding alignments between interpretable causal variables and distributed neural representations},
  author={Geiger, Atticus and Wu, Zhengxuan and Potts, Christopher and Icard, Thomas and Goodman, Noah},
  booktitle={Causal Learning and Reasoning},
  pages={160--187},
  year={2024},
  organization={PMLR}
}


@article{turner2308activation,
  title={Activation addition: Steering language models without optimization},
  author={Turner, Alexander Matt and Thiergart, Lisa and Leech, Gavin and Udell, David and Vazquez, Juan J and Mini, Ulisse and MacDiarmid, Monte},
  journal={arXiv e-prints},
  pages={arXiv--2308},
  year={2023}
}

@article{lieberum2023does,
  title={Does circuit analysis interpretability scale? evidence from multiple choice capabilities in chinchilla},
  author={Lieberum, Tom and Rahtz, Matthew and Kram{\'a}r, J{\'a}nos and Nanda, Neel and Irving, Geoffrey and Shah, Rohin and Mikulik, Vladimir},
  journal={arXiv preprint arXiv:2307.09458},
  year={2023}
}


@article{templeton2024scaling,
       title={Scaling Monosemanticity: Extracting Interpretable Features from Claude 3 Sonnet},
       author={Templeton, Adly and Conerly, Tom and Marcus, Jonathan and Lindsey, Jack and Bricken, Trenton and Chen, Brian and Pearce, Adam and Citro, Craig and Ameisen, Emmanuel and Jones, Andy and Cunningham, Hoagy and Turner, Nicholas L and McDougall, Callum and MacDiarmid, Monte and Freeman, C. Daniel and Sumers, Theodore R. and Rees, Edward and Batson, Joshua and Jermyn, Adam and Carter, Shan and Olah, Chris and Henighan, Tom},
       year={2024},
       journal={Transformer Circuits Thread},
    }

@inproceedings{nanda2023emergent,
    title = "Emergent Linear Representations in World Models of Self-Supervised Sequence Models",
    author = "Nanda, Neel  and
      Lee, Andrew  and
      Wattenberg, Martin",
    booktitle = "Proceedings of the 6th BlackboxNLP Workshop: Analyzing and Interpreting Neural Networks for NLP",
    month = dec,
    year = "2023",
    address = "Singapore",
    publisher = "Association for Computational Linguistics",
}

@inproceedings{broekens2023fine,
  title={Fine-grained affective processing capabilities emerging from large language models},
  author={Broekens, Joost and Hilpert, Bernhard and Verberne, Suzan and Baraka, Kim and Gebhard, Patrick and Plaat, Aske},
  booktitle={2023 11th International Conference on Affective Computing and Intelligent Interaction (ACII)},
  pages={1--8},
  year={2023},
  organization={IEEE}
}


@inproceedings{ettinger2016probing,
  title={Probing for semantic evidence of composition by means of simple classification tasks},
  author={Ettinger, Allyson and Elgohary, Ahmed and Resnik, Philip},
  booktitle={Proceedings of the 1st workshop on evaluating vector-space representations for nlp},
  pages={134--139},
  year={2016}
}

@article{kadar2017representation,
  title={Representation of linguistic form and function in recurrent neural networks},
  author={K{\'a}d{\'a}r, Akos and Chrupa{\l}a, Grzegorz and Alishahi, Afra},
  journal={Computational Linguistics},
  volume={43},
  number={4},
  pages={761--780},
  year={2017},
  publisher={MIT Press One Rogers Street, Cambridge, MA 02142-1209, USA journals-info~â€¦}
}

@inproceedings{giulianelli2018under,
    title = "Under the Hood: Using Diagnostic Classifiers to Investigate and Improve how Language Models Track Agreement Information",
    author = "Giulianelli, Mario  and
      Harding, Jack  and
      Mohnert, Florian  and
      Hupkes, Dieuwke  and
      Zuidema, Willem",
    booktitle = "Proceedings of the 2018 {EMNLP} Workshop {B}lackbox{NLP}: Analyzing and Interpreting Neural Networks for {NLP}",
    month = nov,
    year = "2018",
    address = "Brussels, Belgium",
    publisher = "Association for Computational Linguistics",
    pages = "240--248",
}

@inproceedings{tenney2019bert,
    title = "{BERT} Rediscovers the Classical {NLP} Pipeline",
    author = "Tenney, Ian  and
      Das, Dipanjan  and
      Pavlick, Ellie",
    booktitle = "Proceedings of the 57th Annual Meeting of the Association for Computational Linguistics",
    month = jul,
    year = "2019",
    address = "Florence, Italy",
    publisher = "Association for Computational Linguistics",
    pages = "4593--4601",
}

@inproceedings{
tenney2019you,
title={What do you learn from context? Probing for sentence structure in contextualized word representations},
author={Ian Tenney and Patrick Xia and Berlin Chen and Alex Wang and Adam Poliak and R Thomas McCoy and Najoung Kim and Benjamin Van Durme and Sam Bowman and Dipanjan Das and Ellie Pavlick},
booktitle={International Conference on Learning Representations},
year={2019},
}

@inproceedings{clark2019does,
    title = "What Does {BERT} Look at? An Analysis of {BERT}`s Attention",
    author = "Clark, Kevin  and
      Khandelwal, Urvashi  and
      Levy, Omer  and
      Manning, Christopher D.",
    booktitle = "Proceedings of the 2019 ACL Workshop BlackboxNLP: Analyzing and Interpreting Neural Networks for NLP",
    month = aug,
    year = "2019",
    address = "Florence, Italy",
    publisher = "Association for Computational Linguistics",
    pages = "276--286",
}

@inproceedings{peters2018dissecting,
    title = "Dissecting Contextual Word Embeddings: Architecture and Representation",
    author = "Peters, Matthew E.  and
      Neumann, Mark  and
      Zettlemoyer, Luke  and
      Yih, Wen-tau",
    booktitle = "Proceedings of the 2018 Conference on Empirical Methods in Natural Language Processing",
    month = oct # "-" # nov,
    year = "2018",
    address = "Brussels, Belgium",
    publisher = "Association for Computational Linguistics",
    pages = "1499--1509",
}

@phdthesis{belinkov2018internal,
  title={On internal language representations in deep learning: An analysis of machine translation and speech recognition},
  author={Belinkov, Yonatan},
  year={2018},
  school={Massachusetts Institute of Technology}
}

@inproceedings{conneau2018you,
    title = "What you can cram into a single {\$}{\&}!{\#}* vector: Probing sentence embeddings for linguistic properties",
    author = {Conneau, Alexis  and
      Kruszewski, German  and
      Lample, Guillaume  and
      Barrault, Lo{\"i}c  and
      Baroni, Marco},
    booktitle = "Proceedings of the 56th Annual Meeting of the Association for Computational Linguistics (Volume 1: Long Papers)",
    month = jul,
    year = "2018",
    address = "Melbourne, Australia",
    publisher = "Association for Computational Linguistics",
    pages = "2126--2136",
}

@article{cammarata2021curve,
  title={Curve circuits},
  author={Cammarata, Nick and Goh, Gabriel and Carter, Shan and Voss, Chelsea and Schubert, Ludwig and Olah, Chris},
  journal={Distill},
  volume={6},
  number={1},
  pages={e00024--006},
  year={2021}
}

@article{elhage2021mathematical,
  title={A mathematical framework for transformer circuits},
  author={Elhage, Nelson and Nanda, Neel and Olsson, Catherine and Henighan, Tom and Joseph, Nicholas and Mann, Ben and Askell, Amanda and Bai, Yuntao and Chen, Anna and Conerly, Tom and others},
  journal={Transformer Circuits Thread},
  volume={1},
  number={1},
  pages={12},
  year={2021}
}

@inproceedings{
chen2023sudden,
title={Sudden Drops in the Loss: Syntax Acquisition, Phase Transitions, and Simplicity Bias in {MLM}s},
author={Angelica Chen and Ravid Shwartz-Ziv and Kyunghyun Cho and Matthew L Leavitt and Naomi Saphra},
booktitle={The Twelfth International Conference on Learning Representations},
year={2024},
}

@article{vig2020investigating,
  title={Investigating gender bias in language models using causal mediation analysis},
  author={Vig, Jesse and Gehrmann, Sebastian and Belinkov, Yonatan and Qian, Sharon and Nevo, Daniel and Singer, Yaron and Shieber, Stuart},
  journal={Advances in neural information processing systems},
  volume={33},
  pages={12388--12401},
  year={2020}
}

@article{vu2024psychadapter,
  title={PsychAdapter: Adapting LLM Transformers to Reflect Traits, Personality and Mental Health},
  author={Vu, Huy and Nguyen, Huy Anh and Ganesan, Adithya V and Juhng, Swanie and Kjell, Oscar NE and Sedoc, Joao and Kern, Margaret L and Boyd, Ryan L and Ungar, Lyle and Schwartz, H Andrew and others},
  journal={arXiv preprint arXiv:2412.16882},
  year={2024}
}


@article{heimersheim2024use,
  title={How to use and interpret activation patching},
  author={Heimersheim, Stefan and Nanda, Neel},
  journal={arXiv preprint arXiv:2404.15255},
  year={2024}
}

@inproceedings{
wang2022interpretability,
title={Interpretability in the Wild: a Circuit for Indirect Object Identification in {GPT}-2 Small},
author={Kevin Ro Wang and Alexandre Variengien and Arthur Conmy and Buck Shlegeris and Jacob Steinhardt},
booktitle={The Eleventh International Conference on Learning Representations },
year={2023},
}


@article{olsson2022context,
  title={In-context learning and induction heads},
  author={Olsson, Catherine and Elhage, Nelson and Nanda, Neel and Joseph, Nicholas and DasSarma, Nova and Henighan, Tom and Mann, Ben and Askell, Amanda and Bai, Yuntao and Chen, Anna and others},
  journal={arXiv preprint arXiv:2209.11895},
  year={2022}
}


@article{olah2020zoom,
  title={Zoom in: An introduction to circuits},
  author={Olah, Chris and Cammarata, Nick and Schubert, Ludwig and Goh, Gabriel and Petrov, Michael and Carter, Shan},
  journal={Distill},
  volume={5},
  number={3},
  pages={e00024--001},
  year={2020}
}

@article{belinkov2022probing,
    title = "Probing Classifiers: Promises, Shortcomings, and Advances",
    author = "Belinkov, Yonatan",
    journal = "Computational Linguistics",
    volume = "48",
    number = "1",
    month = mar,
    year = "2022",
    address = "Cambridge, MA",
    publisher = "MIT Press",
    pages = "207--219",
}

@inproceedings{hupkes2018visualisation,
  title     = {Visualisation and 'Diagnostic Classifiers' Reveal how Recurrent and Recursive Neural Networks Process Hierarchical Structure},
  author    = {Dieuwke Hupkes and Willem Zuidema},
  booktitle = {Proceedings of the Twenty-Seventh International Joint Conference on
               Artificial Intelligence, {IJCAI-18}},
  publisher = {International Joint Conferences on Artificial Intelligence Organization},
  pages     = {5617--5621},
  year      = {2018},
  month     = {7},
}



@inproceedings{
adi2016fine,
title={Fine-grained Analysis of Sentence Embeddings Using Auxiliary Prediction Tasks},
author={Yossi Adi and Einat Kermany and Yonatan Belinkov and Ofer Lavi and Yoav Goldberg},
booktitle={International Conference on Learning Representations},
year={2017},
}

@inproceedings{shi2016does,
    title = "Does String-Based Neural {MT} Learn Source Syntax?",
    author = "Shi, Xing  and
      Padhi, Inkit  and
      Knight, Kevin",
    booktitle = "Proceedings of the 2016 Conference on Empirical Methods in Natural Language Processing",
    month = nov,
    year = "2016",
    address = "Austin, Texas",
    publisher = "Association for Computational Linguistics",
    pages = "1526--1534"
}

@inproceedings{gupta2015distributional,
    title = "Distributional vectors encode referential attributes",
    author = "Gupta, Abhijeet  and
      Boleda, Gemma  and
      Baroni, Marco  and
      Pad{\'o}, Sebastian",
    booktitle = "Proceedings of the 2015 Conference on Empirical Methods in Natural Language Processing",
    month = sep,
    year = "2015",
    address = "Lisbon, Portugal",
    publisher = "Association for Computational Linguistics",
    pages = "12--21"
}

@inproceedings{kohn2015s,
    title = "What`s in an Embedding? Analyzing Word Embeddings through Multilingual Evaluation",
    author = {K{\"o}hn, Arne},
    booktitle = "Proceedings of the 2015 Conference on Empirical Methods in Natural Language Processing",
    month = sep,
    year = "2015",
    address = "Lisbon, Portugal",
    publisher = "Association for Computational Linguistics",
    pages = "2067--2073"
}


@article{croissant2024appraisal,
  title={An appraisal-based chain-of-emotion architecture for affective language model game agents},
  author={Croissant, Maximilian and Frister, Madeleine and Schofield, Guy and McCall, Cade},
  journal={Plos one},
  volume={19},
  number={5},
  pages={e0301033},
  year={2024},
  publisher={Public Library of Science San Francisco, CA USA}
}


@article{coda2023inducing,
  title={Inducing anxiety in large language models increases exploration and bias},
  author={Coda-Forno, Julian and Witte, Kristin and Jagadish, Akshay K and Binz, Marcel and Akata, Zeynep and Schulz, Eric},
  journal={arXiv preprint arXiv:2304.11111},
  year={2023}
}


@inproceedings{zhao2024both,
    title = "Both Matter: Enhancing the Emotional Intelligence of Large Language Models without Compromising the General Intelligence",
    author = "Zhao, Weixiang  and
      Li, Zhuojun  and
      Wang, Shilong  and
      Wang, Yang  and
      Hu, Yulin  and
      Zhao, Yanyan  and
      Wei, Chen  and
      Qin, Bing",
    booktitle = "Findings of the Association for Computational Linguistics: ACL 2024",
    month = aug,
    year = "2024",
    address = "Bangkok, Thailand",
    publisher = "Association for Computational Linguistics",
    pages = "11157--11176",
}

@inproceedings{yongsatianchot2023s,
  title={Whatâ€™s Next in Affective Modeling? Large Language Models},
  author={Yongsatianchot, Nutchanon and Thejll-Madsen, Tobias and Marsella, Stacy},
  booktitle={2023 11th International Conference on Affective Computing and Intelligent Interaction Workshops and Demos (ACIIW)},
  pages={1--7},
  year={2023},
  organization={IEEE}
}

@misc{paech2023eq,
      title={EQ-Bench: An Emotional Intelligence Benchmark for Large Language Models}, 
      author={Samuel J. Paech},
      year={2023},
      eprint={2312.06281},
      archivePrefix={arXiv},
      primaryClass={cs.CL}
}




@inproceedings{mikolov-etal-2013-linguistic,
    title = "Linguistic Regularities in Continuous Space Word Representations",
    author = "Mikolov, Tomas  and
      Yih, Wen-tau  and
      Zweig, Geoffrey",
    booktitle = "Proceedings of the 2013 Conference of the North {A}merican Chapter of the Association for Computational Linguistics: Human Language Technologies",
    month = jun,
    year = "2013",
    address = "Atlanta, Georgia",
    publisher = "Association for Computational Linguistics",
    pages = "746--751",
}


@inproceedings{hewitt2019designing,
    title = "Designing and Interpreting Probes with Control Tasks",
    author = "Hewitt, John  and
      Liang, Percy",
    booktitle = "Proceedings of the 2019 Conference on Empirical Methods in Natural Language Processing and the 9th International Joint Conference on Natural Language Processing (EMNLP-IJCNLP)",
    month = nov,
    year = "2019",
    address = "Hong Kong, China",
    publisher = "Association for Computational Linguistics",
    pages = "2733--2743",
}

@article{belrose2023eliciting,
  title={Eliciting latent predictions from transformers with the tuned lens},
  author={Belrose, Nora and Furman, Zach and Smith, Logan and Halawi, Danny and Ostrovsky, Igor and McKinney, Lev and Biderman, Stella and Steinhardt, Jacob},
  journal={arXiv preprint arXiv:2303.08112},
  year={2023}
}

@inproceedings{
huben2024sparse,
title={Sparse Autoencoders Find Highly Interpretable Features in Language Models},
author={Robert Huben and Hoagy Cunningham and Logan Riggs Smith and Aidan Ewart and Lee Sharkey},
booktitle={The Twelfth International Conference on Learning Representations},
year={2024},
}


@INPROCEEDINGS {10388119,
author = { Tak, Ala N. and Gratch, Jonathan },
booktitle = { 2023 11th International Conference on Affective Computing and Intelligent Interaction (ACII) },
title = {{ Is GPT a Computational Model of Emotion? }},
year = {2023},
volume = {},
ISSN = {},
pages = {1-8},
publisher = {IEEE Computer Society},
address = {Los Alamitos, CA, USA},
month =sep}

@misc{tak2024gpt4emulatesaveragehumanemotional,
      title={GPT-4 Emulates Average-Human Emotional Cognition from a Third-Person Perspective}, 
      author={Ala N. Tak and Jonathan Gratch},
      year={2024},
      eprint={2408.13718},
      archivePrefix={arXiv},
      primaryClass={cs.AI},
}

@article{openai2023technical,
  title={Gpt-4 technical report},
  author={Achiam, Josh and Adler, Steven and Agarwal, Sandhini and Ahmad, Lama and Akkaya, Ilge and Aleman, Florencia Leoni and Almeida, Diogo and Altenschmidt, Janko and Altman, Sam and Anadkat, Shyamal and others},
  journal={arXiv preprint arXiv:2303.08774},
  year={2023}
}

@article{team2023gemini,
  title={Gemini: a family of highly capable multimodal models},
  author={GeminiTeam, Google and Anil, Rohan and Borgeaud, Sebastian and Wu, Yonghui and Alayrac, Jean-Baptiste and Yu, Jiahui and Soricut, Radu and Schalkwyk, Johan and Dai, Andrew M and Hauth, Anja and others},
  journal={arXiv preprint arXiv:2312.11805},
  year={2023}
}

@article{bubeck2023sparks,
  title={Sparks of artificial general intelligence: Early experiments with gpt-4},
  author={Bubeck, S{\'e}bastien and Chandrasekaran, Varun and Eldan, Ronen and Gehrke, Johannes and Horvitz, Eric and Kamar, Ece and Lee, Peter and Lee, Yin Tat and Li, Yuanzhi and Lundberg, Scott and others},
  journal={arXiv preprint arXiv:2303.12712},
  year={2023}
}

@article{gagne2023inner,
  title={The Inner Sentiments of a Thought},
  author={Gagne, Chris and Dayan, Peter},
  journal={arXiv preprint arXiv:2307.01784},
  year={2023}
}

@inproceedings{klinger2023we,
    title = "Where are We in Event-centric Emotion Analysis? Bridging Emotion Role Labeling and Appraisal-based Approaches",
    author = "Klinger, Roman",
    booktitle = "Proceedings of the Big Picture Workshop",
    month = dec,
    year = "2023",
    address = "Singapore",
    publisher = "Association for Computational Linguistics",
    pages = "1--17",
}

@inproceedings{liu2024emollms,
author = {Liu, Zhiwei and Yang, Kailai and Xie, Qianqian and Zhang, Tianlin and Ananiadou, Sophia},
title = {EmoLLMs: A Series of Emotional Large Language Models and Annotation Tools for Comprehensive Affective Analysis},
year = {2024},
isbn = {9798400704901},
publisher = {Association for Computing Machinery},
address = {New York, NY, USA},
booktitle = {Proceedings of the 30th ACM SIGKDD Conference on Knowledge Discovery and Data Mining},
pages = {5487â€“5496},
numpages = {10},
location = {Barcelona, Spain},
series = {KDD '24}
}

@article{madani2024steering,
  title={Steering Conversational Large Language Models for Long Emotional Support Conversations},
  author={Madani, Navid and Saha, Sougata and Srihari, Rohini},
  journal={arXiv preprint arXiv:2402.10453},
  year={2024}
}

@article{vaswani2017attention,
  title={Attention is all you need},
  author={Vaswani, Ashish and Shazeer, Noam and Parmar, Niki and Uszkoreit, Jakob and Jones, Llion and Gomez, Aidan N and Kaiser, {\L}ukasz and Polosukhin, Illia},
  journal={Advances in neural information processing systems},
  volume={30},
  year={2017}
}

@inproceedings{brown2020language,
 author = {Brown, Tom and Mann, Benjamin and Ryder, Nick and Subbiah, Melanie and Kaplan, Jared D and Dhariwal, Prafulla and Neelakantan, Arvind and Shyam, Pranav and Sastry, Girish and Askell, Amanda and Agarwal, Sandhini and Herbert-Voss, Ariel and Krueger, Gretchen and Henighan, Tom and Child, Rewon and Ramesh, Aditya and Ziegler, Daniel and Wu, Jeffrey and Winter, Clemens and Hesse, Chris and Chen, Mark and Sigler, Eric and Litwin, Mateusz and Gray, Scott and Chess, Benjamin and Clark, Jack and Berner, Christopher and McCandlish, Sam and Radford, Alec and Sutskever, Ilya and Amodei, Dario},
 booktitle = {Advances in Neural Information Processing Systems},
 pages = {1877--1901},
 publisher = {Curran Associates, Inc.},
 title = {Language Models are Few-Shot Learners},
 volume = {33},
 year = {2020}
}

@article{touvron2023llama,
  title={Llama: Open and efficient foundation language models},
  author={Touvron, Hugo and Lavril, Thibaut and Izacard, Gautier and Martinet, Xavier and Lachaux, Marie-Anne and Lacroix, Timoth{\'e}e and Rozi{\`e}re, Baptiste and Goyal, Naman and Hambro, Eric and Azhar, Faisal and others},
  journal={arXiv preprint arXiv:2302.13971},
  year={2023}
}

@article{ouyang2022training,
  title={Training language models to follow instructions with human feedback},
  author={Ouyang, Long and Wu, Jeffrey and Jiang, Xu and Almeida, Diogo and Wainwright, Carroll and Mishkin, Pamela and Zhang, Chong and Agarwal, Sandhini and Slama, Katarina and Ray, Alex and others},
  journal={Advances in Neural Information Processing Systems},
  volume={35},
  pages={27730--27744},
  year={2022}
}

@article{smith2011role,
  title={The role of appraisal and emotion in coping and adaptation},
  author={Smith, Craig A and Kirby, Leslie D},
  journal={The handbook of stress science: Biology, psychology, and health},
  pages={195--208},
  year={2011}
}


@article{scherer2021evidence,
  title={Evidence for the existence of emotion dispositions and the effects of appraisal bias.},
  author={Scherer, Klaus R},
  journal={Emotion},
  volume={21},
  number={6},
  pages={1224},
  year={2021},
  publisher={American Psychological Association}
}

@article{scherer2022appraisal,
  title={Appraisal bias and emotion dispositions are risk factors for depression and generalized anxiety: Empirical evidence},
  author={Scherer, Klaus R and Costa, Marco and Ricci-Bitti, Pio and Ryser, Val{\'e}rie-Anne},
  journal={Frontiers in Psychology},
  volume={13},
  pages={857419},
  year={2022},
  publisher={Frontiers Media SA}
}

@article{scherer2019emotion,
  title={The emotion process: Event appraisal and component differentiation},
  author={Scherer, Klaus R and Moors, Agnes},
  journal={Annual review of psychology},
  volume={70},
  pages={719--745},
  year={2019},
  publisher={Annual Reviews}
}

@article{klausGEA,
    author = {Scherer, Klaus R. AND Meuleman, Ben},
    journal = {PLOS ONE},
    publisher = {Public Library of Science},
    title = {Human Emotion Experiences Can Be Predicted on Theoretical Grounds: Evidence from Verbal Labeling},
    year = {2013},
    month = {03},
    volume = {8},
    pages = {1-8},
    number = {3},
}

@article{smith2009relational,
  title={Relational antecedents of appraised problem-focused coping potential and its associated emotions},
  author={Smith, Craig A and Kirby, Leslie D},
  journal={Cognition and Emotion},
  volume={23},
  number={3},
  pages={481--503},
  year={2009},
  publisher={Taylor \& Francis}
}

@article{poluektova2023using,
  title={Using Bandura's Self-Efficacy Theory to Explain Individual Differences in the Appraisal of Problem-Focused Coping Potential},
  author={Poluektova, Olga and Kappas, Arvid and Smith, Craig A},
  journal={Emotion Review},
  volume={15},
  number={4},
  pages={302--312},
  year={2023},
  publisher={Sage Publications Sage UK: London, England}
}

@article{touvron2023llama2,
  title={Llama 2: Open foundation and fine-tuned chat models},
  author={Touvron, Hugo and Martin, Louis and Stone, Kevin and Albert, Peter and Almahairi, Amjad and Babaei, Yasmine and Bashlykov, Nikolay and Batra, Soumya and Bhargava, Prajjwal and Bhosale, Shruti and others},
  journal={arXiv preprint arXiv:2307.09288},
  year={2023}
}

@article{jiang2023mistral,
  title={Mistral 7B},
  author={Jiang, Albert Q and Sablayrolles, Alexandre and Mensch, Arthur and Bamford, Chris and Chaplot, Devendra Singh and Casas, Diego de las and Bressand, Florian and Lengyel, Gianna and Lample, Guillaume and Saulnier, Lucile and others},
  journal={arXiv preprint arXiv:2310.06825},
  year={2023}
}



@book{ortony2022cognitive,
  title={The cognitive structure of emotions},
  author={Ortony, Andrew and Clore, Gerald L and Collins, Allan},
  year={2022},
  publisher={Cambridge university press}
}



@book{lazarus1991emotion,
  title={Emotion and adaptation},
  author={Lazarus, Richard S},
  year={1991},
  publisher={Oxford University Press on Demand}
}

@article{moors2013appraisal,
  title={Appraisal theories of emotion: State of the art and future development},
  author={Moors, Agnes and Ellsworth, Phoebe C and Scherer, Klaus R and Frijda, Nico H},
  journal={Emotion Review},
  volume={5},
  number={2},
  pages={119--124},
  year={2013},
  publisher={Sage Publications Sage UK: London, England}
}

@article{marsella2010computational,
  title={Computational models of emotion},
  author={Marsella, Stacy and Gratch, Jonathan and Petta, Paolo and others},
  journal={A Blueprint for Affective Computing-A sourcebook and manual},
  volume={11},
  number={1},
  pages={21--46},
  year={2010},
  publisher={Oxford Univ. Press New York, NY, USA}
}



@inproceedings{yongsatianchot2023investigating,
  title={Investigating large language modelsâ€™ perception of emotion using appraisal theory},
  author={Yongsatianchot, Nutchanon and Torshizi, Parisa Ghanad and Marsella, Stacy},
  booktitle={2023 11th International Conference on Affective Computing and Intelligent Interaction Workshops and Demos (ACIIW)},
  pages={1--8},
  year={2023},
  organization={IEEE}
}



@article{wang2023emotional,
  title={Emotional intelligence of large language models},
  author={Wang, Xuena and Li, Xueting and Yin, Zi and Wu, Yue and Liu, Jia},
  journal={Journal of Pacific Rim Psychology},
  volume={17},
  pages={18344909231213958},
  year={2023},
  publisher={SAGE Publications Sage UK: London, England}
}

@article{elyoseph2023chatgpt,
  title={ChatGPT outperforms humans in emotional awareness evaluations},
  author={Elyoseph, Zohar and Hadar-Shoval, Dorit and Asraf, Kfir and Lvovsky, Maya},
  journal={Frontiers in Psychology},
  volume={14},
  pages={1199058},
  year={2023},
  publisher={Frontiers}
}

@article{zhao2023chatgpt,
  title={Is ChatGPT Equipped with Emotional Dialogue Capabilities?},
  author={Zhao, Weixiang and Zhao, Yanyan and Lu, Xin and Wang, Shilong and Tong, Yanpeng and Qin, Bing},
  journal={arXiv preprint arXiv:2304.09582},
  year={2023}
}

@inproceedings{
huang2023emotionally,
title={Apathetic or Empathetic? Evaluating {LLM}s' Emotional Alignments with Humans},
author={Jen-tse Huang and Man Ho LAM and Eric John Li and Shujie Ren and Wenxuan Wang and Wenxiang Jiao and Zhaopeng Tu and Michael Lyu},
booktitle={The Thirty-eighth Annual Conference on Neural Information Processing Systems},
year={2024},
}

@inproceedings{yongsatianchot2023s,
  title={Whatâ€™s Next in Affective Modeling? Large Language Models},
  author={Yongsatianchot, Nutchanon and Thejll-Madsen, Tobias and Marsella, Stacy},
  booktitle={2023 11th International Conference on Affective Computing and Intelligent Interaction Workshops and Demos (ACIIW)},
  pages={1--7},
  year={2023},
  organization={IEEE}
}

@article{maccann2008new,
  title={New paradigms for assessing emotional intelligence: theory and data.},
  author={MacCann, Carolyn and Roberts, Richard D},
  journal={Emotion},
  volume={8},
  number={4},
  pages={540},
  year={2008},
  publisher={American Psychological Association}
}

@article{coda2023inducing,
  title={Inducing anxiety in large language models increases exploration and bias},
  author={Coda-Forno, Julian and Witte, Kristin and Jagadish, Akshay K and Binz, Marcel and Akata, Zeynep and Schulz, Eric},
  journal={arXiv preprint arXiv:2304.11111},
  year={2023}
}

@article{ree2008distinguishing,
  title={Distinguishing cognitive and somatic dimensions of state and trait anxiety: Development and validation of the State-Trait Inventory for Cognitive and Somatic Anxiety (STICSA)},
  author={Ree, Melissa J and French, Davina and MacLeod, Colin and Locke, Vance},
  journal={Behavioural and Cognitive Psychotherapy},
  volume={36},
  number={3},
  pages={313--332},
  year={2008},
  publisher={Cambridge University Press}
}


@inproceedings{liu-etal-2021-towards,
  title={Towards Emotional Support Dialog Systems},
  author={Liu, Siyang  and 
    Zheng, Chujie  and 
    Demasi, Orianna  and 
    Sabour, Sahand  and 
    Li, Yu  and 
    Yu, Zhou  and 
    Jiang, Yong  and 
    Huang, Minlie},
  booktitle={ACL},
  year={2021}
}



@article{baranczuk2019five,
  title={The five factor model of personality and emotion regulation: A meta-analysis},
  author={Bara{\'n}czuk, Urszula},
  journal={Personality and Individual Differences},
  volume={139},
  pages={217--227},
  year={2019},
  publisher={Elsevier}
}

@incollection{bandura2013health,
  title={Health promotion from the perspective of social cognitive theory},
  author={Bandura, Albert},
  booktitle={Understanding and changing health behaviour},
  pages={299--339},
  year={2013},
  publisher={Psychology Press}
}

@article{demszky2023using,
  title={Using large language models in psychology},
  author={Demszky, Dorottya and Yang, Diyi and Yeager, David S and Bryan, Christopher J and Clapper, Margarett and Chandhok, Susannah and Eichstaedt, Johannes C and Hecht, Cameron and Jamieson, Jeremy and Johnson, Meghann and others},
  journal={Nature Reviews Psychology},
  volume={2},
  number={11},
  pages={688--701},
  year={2023},
  publisher={Nature Publishing Group US New York}
}

@article{geirhos2020shortcut,
  title={Shortcut learning in deep neural networks},
  author={Geirhos, Robert and Jacobsen, J{\"o}rn-Henrik and Michaelis, Claudio and Zemel, Richard and Brendel, Wieland and Bethge, Matthias and Wichmann, Felix A},
  journal={Nature Machine Intelligence},
  volume={2},
  number={11},
  pages={665--673},
  year={2020},
  publisher={Nature Publishing Group UK London}
}

@article{ullman2023large,
  title={Large language models fail on trivial alterations to theory-of-mind tasks},
  author={Ullman, Tomer},
  journal={arXiv preprint arXiv:2302.08399},
  year={2023}
}

@inproceedings{shapira2023clever,
    title = "Clever Hans or Neural Theory of Mind? Stress Testing Social Reasoning in Large Language Models",
    author = "Shapira, Natalie  and
      Levy, Mosh  and
      Alavi, Seyed Hossein  and
      Zhou, Xuhui  and
      Choi, Yejin  and
      Goldberg, Yoav  and
      Sap, Maarten  and
      Shwartz, Vered",
    booktitle = "Proceedings of the 18th Conference of the European Chapter of the Association for Computational Linguistics (Volume 1: Long Papers)",
    month = mar,
    year = "2024",
    address = "St. Julian{'}s, Malta",
    publisher = "Association for Computational Linguistics",
    pages = "2257--2273",
}

@article{gandhi2024understanding,
  title={Understanding social reasoning in language models with language models},
  author={Gandhi, Kanishk and Fr{\"a}nken, Jan-Philipp and Gerstenberg, Tobias and Goodman, Noah},
  journal={Advances in Neural Information Processing Systems},
  volume={36},
  year={2024}
}


@inproceedings{hensel2023large,
  title={Large language models in textual analysis for gesture selection},
  author={Hensel, Laura Birka and Yongsatianchot, Nutchanon and Torshizi, Parisa and Minucci, Elena and Marsella, Stacy},
  booktitle={Proceedings of the 25th International Conference on Multimodal Interaction},
  pages={378--387},
  year={2023}
}

@article{zhao2023survey,
  title={A survey of large language models},
  author={Zhao, Wayne Xin and Zhou, Kun and Li, Junyi and Tang, Tianyi and Wang, Xiaolei and Hou, Yupeng and Min, Yingqian and Zhang, Beichen and Zhang, Junjie and Dong, Zican and others},
  journal={arXiv preprint arXiv:2303.18223},
  year={2023}
}



@article{barrett2019emotional,
  title={Emotional expressions reconsidered: Challenges to inferring emotion from human facial movements},
  author={Barrett, Lisa Feldman and Adolphs, Ralph and Marsella, Stacy and Martinez, Aleix M and Pollak, Seth D},
  journal={Psychological science in the public interest},
  volume={20},
  number={1},
  pages={1--68},
  year={2019},
  publisher={Sage Publications Sage CA: Los Angeles, CA}
}

@article{liu2024visual,
  title={Visual instruction tuning},
  author={Liu, Haotian and Li, Chunyuan and Wu, Qingyang and Lee, Yong Jae},
  journal={Advances in neural information processing systems},
  volume={36},
  year={2024}
}

@inproceedings{
dai2023instructblip,
title={Instruct{BLIP}: Towards General-purpose Vision-Language Models with Instruction Tuning},
author={Wenliang Dai and Junnan Li and Dongxu Li and Anthony Tiong and Junqi Zhao and Weisheng Wang and Boyang Li and Pascale Fung and Steven Hoi},
booktitle={Thirty-seventh Conference on Neural Information Processing Systems},
year={2023},
}

@article{betker2023improving,
  title={Improving image generation with better captions},
  author={Betker, James and Goh, Gabriel and Jing, Li and Brooks, Tim and Wang, Jianfeng and Li, Linjie and Ouyang, Long and Zhuang, Juntang and Lee, Joyce and Guo, Yufei and others},
  journal={Computer Science.},
  volume={2},
  number={3},
  pages={8},
  year={2023}
}

@inproceedings{rombach2022high,
  title={High-resolution image synthesis with latent diffusion models},
  author={Rombach, Robin and Blattmann, Andreas and Lorenz, Dominik and Esser, Patrick and Ommer, Bj{\"o}rn},
  booktitle={Proceedings of the IEEE/CVF conference on computer vision and pattern recognition},
  pages={10684--10695},
  year={2022}
}

@inproceedings{wan2013regularization,
  title={Regularization of neural networks using dropconnect},
  author={Wan, Li and Zeiler, Matthew and Zhang, Sixin and Le Cun, Yann and Fergus, Rob},
  booktitle={International conference on machine learning},
  pages={1058--1066},
  year={2013},
  organization={PMLR}
}

@article{manning2020emergent,
  title={Emergent linguistic structure in artificial neural networks trained by self-supervision},
  author={Manning, Christopher D and Clark, Kevin and Hewitt, John and Khandelwal, Urvashi and Levy, Omer},
  journal={Proceedings of the National Academy of Sciences},
  volume={117},
  number={48},
  pages={30046--30054},
  year={2020},
  publisher={National Acad Sciences}
}

@inproceedings{liu2019linguistic,
    title = "Linguistic Knowledge and Transferability of Contextual Representations",
    author = "Liu, Nelson F.  and
      Gardner, Matt  and
      Belinkov, Yonatan  and
      Peters, Matthew E.  and
      Smith, Noah A.",
    booktitle = "Proceedings of the 2019 Conference of the North {A}merican Chapter of the Association for Computational Linguistics: Human Language Technologies, Volume 1 (Long and Short Papers)",
    month = jun,
    year = "2019",
    address = "Minneapolis, Minnesota",
    publisher = "Association for Computational Linguistics",
    pages = "1073--1094",
}



@article{cowen2017self,
  title={Self-report captures 27 distinct categories of emotion bridged by continuous gradients},
  author={Cowen, Alan S and Keltner, Dacher},
  journal={Proceedings of the national academy of sciences},
  volume={114},
  number={38},
  pages={E7900--E7909},
  year={2017},
  publisher={National Acad Sciences}
}

@article{clore1987psychological,
  title={The psychological foundations of the affective lexicon.},
  author={Clore, Gerald L and Ortony, Andrew and Foss, Mark A},
  journal={Journal of personality and social psychology},
  volume={53},
  number={4},
  pages={751},
  year={1987},
  publisher={American Psychological Association}
}

@article{hendrycks2020measuring,
  title={Measuring Massive Multitask Language Understanding},
  author={Dan Hendrycks and Collin Burns and Steven Basart and Andy Zou and Mantas Mazeika and Dawn Song and Jacob Steinhardt},
  journal={Proceedings of the International Conference on Learning Representations (ICLR)},
  year={2021}
}

@inproceedings{
sclar2023quantifying,
title={Quantifying Language Models' Sensitivity to Spurious Features in Prompt Design or: How I learned to start worrying about prompt formatting},
author={Melanie Sclar and Yejin Choi and Yulia Tsvetkov and Alane Suhr},
booktitle={The Twelfth International Conference on Learning Representations},
year={2024},
}

@article{conmy2024towards,
  title={Towards automated circuit discovery for mechanistic interpretability},
  author={Conmy, Arthur and Mavor-Parker, Augustine and Lynch, Aengus and Heimersheim, Stefan and Garriga-Alonso, Adri{\`a}},
  journal={Advances in Neural Information Processing Systems},
  volume={36},
  year={2024}
}

@inproceedings{
nanda2023progress,
title={Progress measures for grokking via mechanistic interpretability},
author={Neel Nanda and Lawrence Chan and Tom Lieberum and Jess Smith and Jacob Steinhardt},
booktitle={The Eleventh International Conference on Learning Representations },
year={2023},
}

@article{arrindell1984phobic,
  title={Phobic dimensions: I. Reliability and generalizability across samples, gender and nations: The fear survey schedule (FSS-III) and the fear questionnaire (FQ)},
  author={Arrindell, Willem A and Emmelkamp, Paul MG and others},
  journal={Advances in Behaviour Research and Therapy},
  volume={6},
  number={4},
  pages={207--253},
  year={1984},
  publisher={Elsevier}
}

@inproceedings{honovich2022instruction,
    title = "Instruction Induction: From Few Examples to Natural Language Task Descriptions",
    author = "Honovich, Or  and
      Shaham, Uri  and
      Bowman, Samuel R.  and
      Levy, Omer",
    booktitle = "Proceedings of the 61st Annual Meeting of the Association for Computational Linguistics (Volume 1: Long Papers)",
    month = jul,
    year = "2023",
    address = "Toronto, Canada",
    publisher = "Association for Computational Linguistics",
    pages = "1935--1952",
}




@article{frijda1989relations,
  title={Relations among emotion, appraisal, and emotional action readiness.},
  author={Frijda, Nico H and Kuipers, Peter and Ter Schure, Elisabeth},
  journal={Journal of personality and social psychology},
  volume={57},
  number={2},
  pages={212},
  year={1989},
  publisher={American Psychological Association}
}


@article{scherer1984nature,
  title={On the nature and function of emotion: A component process approach},
  author={Scherer, Klaus R and others},
  journal={Approaches to emotion},
  volume={2293},
  number={317},
  pages={31},
  year={1984},
  publisher={New Jersey}
}

@article{smith1985patterns,
  title={Patterns of cognitive appraisal in emotion.},
  author={Smith, Craig A and Ellsworth, Phoebe C},
  journal={Journal of personality and social psychology},
  volume={48},
  number={4},
  pages={813},
  year={1985},
  publisher={American Psychological Association}
}






@misc{llama3,
      title={The Llama 3 Herd of Models}, 
      author={Aaron Grattafiori and Abhimanyu Dubey and Abhinav Jauhri and Abhinav Pandey and others},
      year={2024},
      eprint={2407.21783},
      archivePrefix={arXiv},
      primaryClass={cs.AI}, 
}

@misc{gemma2,
      title={Gemma 2: Improving Open Language Models at a Practical Size}, 
      author={Gemma Team and Morgane Riviere and Shreya Pathak and Pier Giuseppe Sessa and Cassidy Hardin and Surya Bhupatiraju and LÃ©onard Hussenot and others},
      year={2024},
      eprint={2408.00118},
      archivePrefix={arXiv},
      primaryClass={cs.CL},
}

@misc{olmo,
      title={OLMo: Accelerating the Science of Language Models}, 
      author={Dirk Groeneveld and Iz Beltagy and Pete Walsh and Akshita Bhagia and Rodney Kinney and Oyvind Tafjord and others},
      year={2024},
      eprint={2402.00838},
      archivePrefix={arXiv},
      primaryClass={cs.CL}, 
}

@misc{mistral2024nemo,
  author= {MistralAI},
  title= {Mistral Nemo},
  year= {2024},
  url= {https://mistral.ai/news/mistral-nemo/},
  urldate= {2024-12-07},
  note= {Accessed: 2024-12-07}
}


@article{olmo2,
  title={2 OLMo 2 Furious},
  author={OLMo, Team and Walsh, Pete and Soldaini, Luca and Groeneveld, Dirk and Lo, Kyle and Arora, Shane and Bhagia, Akshita and Gu, Yuling and Huang, Shengyi and Jordan, Matt and others},
  journal={arXiv preprint arXiv:2501.00656},
  year={2024}
}


@inproceedings{li2021implicit,
    title = "Implicit Representations of Meaning in Neural Language Models",
    author = "Li, Belinda Z.  and
      Nye, Maxwell  and
      Andreas, Jacob",
    booktitle = "Proceedings of the 59th Annual Meeting of the Association for Computational Linguistics and the 11th International Joint Conference on Natural Language Processing (Volume 1: Long Papers)",
    month = aug,
    year = "2021",
    address = "Online",
    publisher = "Association for Computational Linguistics",
    pages = "1813--1827",
}

@misc{prakash2024finetuningenhancesexistingmechanisms,
      title={Fine-Tuning Enhances Existing Mechanisms: A Case Study on Entity Tracking}, 
      author={Nikhil Prakash and Tamar Rott Shaham and Tal Haklay and Yonatan Belinkov and David Bau},
      year={2024},
      eprint={2402.14811},
      archivePrefix={arXiv},
      primaryClass={cs.CL},
}

@inproceedings{
feng2024monitoringlatentworldstates,
title={Monitoring Latent World States in Language Models with Propositional Probes},
author={Jiahai Feng and Stuart Russell and Jacob Steinhardt},
booktitle={The Thirteenth International Conference on Learning Representations},
year={2025},
}

@article{abdin2024phi,
  title={Phi-3 technical report: A highly capable language model locally on your phone},
  author={Abdin, Marah and Aneja, Jyoti and Awadalla, Hany and Awadallah, Ahmed and Awan, Ammar Ahmad and Bach, Nguyen and Bahree, Amit and Bakhtiari, Arash and Bao, Jianmin and Behl, Harkirat and others},
  journal={arXiv preprint arXiv:2404.14219},
  year={2024}
}

@inproceedings{
patchscopes,
title={Patchscopes: A Unifying Framework for Inspecting Hidden Representations of Language Models},
author={Asma Ghandeharioun and Avi Caciularu and Adam Pearce and Lucas Dixon and Mor Geva},
booktitle={Forty-first International Conference on Machine Learning},
year={2024},
}


@misc{
laguna2024beyond,
title={Beyond Concept Bottleneck Models: How to Make Black Boxes Intervenable?},
author={Ri{\v{c}}ards Marcinkevi{\v{c}}s and Sonia Laguna and Moritz Vandenhirtz and Julia E Vogt},
year={2024},
}



@article{conmy2023towards,
  title={Towards automated circuit discovery for mechanistic interpretability},
  author={Conmy, Arthur and Mavor-Parker, Augustine and Lynch, Aengus and Heimersheim, Stefan and Garriga-Alonso, Adri{\`a}},
  journal={Advances in Neural Information Processing Systems},
  volume={36},
  pages={16318--16352},
  year={2023}
}

@article{meng2022locating,
  title={Locating and editing factual associations in GPT},
  author={Meng, Kevin and Bau, David and Andonian, Alex and Belinkov, Yonatan},
  journal={Advances in Neural Information Processing Systems},
  volume={35},
  pages={17359--17372},
  year={2022}
}

@inproceedings{geva2022transformer,
    title = "Transformer Feed-Forward Layers Build Predictions by Promoting Concepts in the Vocabulary Space",
    author = "Geva, Mor  and
      Caciularu, Avi  and
      Wang, Kevin  and
      Goldberg, Yoav",
    booktitle = "Proceedings of the 2022 Conference on Empirical Methods in Natural Language Processing",
    month = dec,
    year = "2022",
    address = "Abu Dhabi, United Arab Emirates",
    publisher = "Association for Computational Linguistics",
    pages = "30--45",
}

@inproceedings{
2024circuitreuse,
title={Circuit Component Reuse Across Tasks in Transformer Language Models},
author={Jack Merullo and Carsten Eickhoff and Ellie Pavlick},
booktitle={The Twelfth International Conference on Learning Representations},
year={2024},
}

@inproceedings{koh2020concept,
  title={Concept bottleneck models},
  author={Koh, Pang Wei and Nguyen, Thao and Tang, Yew Siang and Mussmann, Stephen and Pierson, Emma and Kim, Been and Liang, Percy},
  booktitle={International conference on machine learning},
  pages={5338--5348},
  year={2020},
  organization={PMLR}
}

@inproceedings{kim2018interpretability,
  title={Interpretability beyond feature attribution: Quantitative testing with concept activation vectors (tcav)},
  author={Kim, Been and Wattenberg, Martin and Gilmer, Justin and Cai, Carrie and Wexler, James and Viegas, Fernanda and others},
  booktitle={International conference on machine learning},
  pages={2668--2677},
  year={2018},
  organization={PMLR}
}


#######################

@book{ellsworth2003appraisal,
  title={Appraisal processes in emotion},
  author={Ellsworth, Phoebe C and Scherer, Klaus R},
  year={2003},
  publisher={Oxford University Press}
}


@article{rosenman2001appraisal,
  title={Appraisal theory: Overview, assumptions, varieties, controversies},
  author={Rosenman, I and Smith, C},
  journal={Appraisal processes in emotion. Theory, methods, research},
  pages={3--19},
  year={2001}
}

@article{moors2013causal,
  title={On the causal role of appraisal in emotion},
  author={Moors, Agnes},
  journal={Emotion Review},
  volume={5},
  number={2},
  pages={132--140},
  year={2013},
  publisher={Sage Publications Sage UK: London, England}
}

@incollection{kragel2024can,
  title={Can Brain Data Be Used to Arbitrate Among Emotion Theories?},
  author={Kragel, Philip A and Sander, David and LaBar, Kevin S},
  booktitle={Emotion theory: The Routledge comprehensive guide},
  pages={511--542},
  year={2024},
  publisher={Routledge}
}

@article{brosch2013comment,
  title={Comment: the appraising brain: towards a neuro-cognitive model of appraisal processes in emotion},
  author={Brosch, Tobias and Sander, David},
  journal={Emotion Review},
  volume={5},
  number={2},
  pages={163--168},
  year={2013},
  publisher={Sage Publications Sage UK: London, England}
}

@article{barrett2017theory,
  title={The theory of constructed emotion: an active inference account of interoception and categorization},
  author={Barrett, Lisa Feldman},
  journal={Social cognitive and affective neuroscience},
  volume={12},
  number={1},
  pages={1--23},
  year={2017},
  publisher={Oxford University Press}
}

@article{barrett2006solving,
  title={Solving the emotion paradox: Categorization and the experience of emotion},
  author={Barrett, Lisa Feldman},
  journal={Personality and social psychology review},
  volume={10},
  number={1},
  pages={20--46},
  year={2006},
  publisher={Sage Publications Sage CA: Los Angeles, CA}
}

@incollection{Barrett2009-BARCM-3,
	author = {L. F. Barrett and J. A. Russell},
	booktitle = {Oxford Companion to Emotion and the Affective Sciences},
	pages = {85--88},
	publisher = {Oxford University Press},
	title = {Circumplex Models},
	year = {2009}
}

@article{leitao2020computational,
  title={Computational imaging during video game playing shows dynamic synchronization of cortical and subcortical networks of emotions},
  author={Leit{\~a}o, Joana and Meuleman, Ben and Van De Ville, Dimitri and Vuilleumier, Patrik},
  journal={PLoS biology},
  volume={18},
  number={11},
  pages={e3000900},
  year={2020},
  publisher={Public Library of Science San Francisco, CA USA}
}

@misc{nandatransformerlens2022,
    title  = {TransformerLens},
    author = {Nanda, Neel},
    url    = {https://github.com/neelnanda-io/TransformerLens},
    year   = {2022}
}


@article{envent,
    title = "Dimensional Modeling of Emotions in Text with Appraisal Theories: Corpus Creation, Annotation Reliability, and Prediction",
    author = {Troiano, Enrica  and
      Oberl{\"a}nder, Laura  and
      Klinger, Roman},
    journal = "Computational Linguistics",
    volume = "49",
    number = "1",
    month = mar,
    year = "2023",
    address = "Cambridge, MA",
    publisher = "MIT Press",
    pages = "1--72",
}
@article{Ellsworth2015,
author = {Wondra, Joshua and Ellsworth, Phoebe},
year = {2015},
month = {05},
pages = {},
title = {An Appraisal Theory of Empathy and Other Vicarious Emotional Experiences},
volume = {122},
journal = {Psychological review},
}

@article{rai2024practical,
  title={A practical review of mechanistic interpretability for transformer-based language models},
  author={Rai, Daking and Zhou, Yilun and Feng, Shi and Saparov, Abulhair and Yao, Ziyu},
  journal={arXiv preprint arXiv:2407.02646},
  year={2024}
}

@misc{elhage2022toymodelssuperposition,
      title={Toy Models of Superposition}, 
      author={Nelson Elhage and Tristan Hume and Catherine Olsson and Nicholas Schiefer and Tom Henighan and Shauna Kravec and Zac Hatfield-Dodds and Robert Lasenby and Dawn Drain and Carol Chen and Roger Grosse and Sam McCandlish and Jared Kaplan and Dario Amodei and Martin Wattenberg and Christopher Olah},
      year={2022},
      eprint={2209.10652},
      archivePrefix={arXiv},
      primaryClass={cs.LG},
}

@article{welivita2024chatgpt,
  title={Is ChatGPT More Empathetic than Humans?},
  author={Welivita, Anuradha and Pu, Pearl},
  journal={arXiv preprint arXiv:2403.05572},
  year={2024}
}

@article{lindquist2012brain,
  title={The brain basis of emotion: a meta-analytic review},
  author={Lindquist, Kristen A and Wager, Tor D and Kober, Hedy and Bliss-Moreau, Eliza and Barrett, Lisa Feldman},
  journal={Behavioral and brain sciences},
  volume={35},
  number={3},
  pages={121--143},
  year={2012},
  publisher={Cambridge University Press}
}

@article{
bereska2024mechanisticinterpretabilityaisafety,
title={Mechanistic Interpretability for {AI} Safety - A Review},
author={Leonard Bereska and Stratis Gavves},
journal={Transactions on Machine Learning Research},
year={2024},
}

@misc{wu2024replymakelovetal,
      title={A Reply to Makelov et al. (2023)'s "Interpretability Illusion" Arguments}, 
      author={Zhengxuan Wu and Atticus Geiger and Jing Huang and Aryaman Arora and Thomas Icard and Christopher Potts and Noah D. Goodman},
      year={2024},
      eprint={2401.12631},
      archivePrefix={arXiv},
      primaryClass={cs.LG},
}

@inproceedings{
li2024inferencetimeinterventionelicitingtruthful,
title={Inference-Time Intervention: Eliciting Truthful Answers from a Language Model},
author={Kenneth Li and Oam Patel and Fernanda Vi{\'e}gas and Hanspeter Pfister and Martin Wattenberg},
booktitle={Thirty-seventh Conference on Neural Information Processing Systems},
year={2023},
}


@inproceedings{casper2024black,
  title={Black-box access is insufficient for rigorous ai audits},
  author={Casper, Stephen and Ezell, Carson and Siegmann, Charlotte and Kolt, Noam and Curtis, Taylor Lynn and Bucknall, Benjamin and Haupt, Andreas and Wei, Kevin and Scheurer, J{\'e}r{\'e}my and Hobbhahn, Marius and others},
  booktitle={The 2024 ACM Conference on Fairness, Accountability, and Transparency},
  pages={2254--2272},
  year={2024}
}

@inproceedings{2023_cognitive,
    title = "Cognitive Reframing of Negative Thoughts through Human-Language Model Interaction",
    author = "Sharma, Ashish  and
      Rushton, Kevin  and
      Lin, Inna  and
      Wadden, David  and
      Lucas, Khendra  and
      Miner, Adam  and
      Nguyen, Theresa  and
      Althoff, Tim",
    booktitle = "Proceedings of the 61st Annual Meeting of the Association for Computational Linguistics (Volume 1: Long Papers)",
    month = jul,
    year = "2023",
    address = "Toronto, Canada",
    publisher = "Association for Computational Linguistics",
    pages = "9977--10000"
}

@article{lai2024large,
  title={Large language models in law: A survey},
  author={Lai, Jinqi and Gan, Wensheng and Wu, Jiayang and Qi, Zhenlian and Philip, S Yu},
  journal={AI Open},
  year={2024},
  publisher={Elsevier}
}

@inproceedings{jiang2023personality,
  title={Evaluating and Inducing Personality in Pre-trained Language Models},
  author={Jiang, Guangyuan and Xu, Manjie and Zhu, Song-Chun and Han, Wenjuan and Zhang, Chi and Zhu, Yixin},
  booktitle={NeurIPS},
  year={2023}
}

@inproceedings{
  hanna2023doesgpt2,
  title={How does {GPT}-2 compute greater-than?: Interpreting mathematical abilities in a pre-trained language model},
  author={Michael Hanna and Ollie Liu and Alexandre Variengien},
  booktitle={Thirty-seventh Conference on Neural Information Processing Systems},
  year={2023},
}

@misc{
li2024big5,
title={{BIG}5-{CHAT}: Shaping {LLM} Personalities Through Training on Human-Grounded Data},
author={Wenkai Li and Jiarui Liu and Andy Liu and Xuhui Zhou and Mona T. Diab and Maarten Sap},
year={2024},
}

@inproceedings{
suh2024rediscovering,
title={Rediscovering the Latent Dimensions of Personality with Large Language Models as Trait Descriptors},
author={Joseph Suh and Suhong Moon and Minwoo Kang and David Chan},
booktitle={NeurIPS 2024 Workshop on Behavioral Machine Learning},
year={2024},
}

@article{petrov2024limited,
  title={Limited Ability of LLMs to Simulate Human Psychological Behaviours: a Psychometric Analysis},
  author={Petrov, Nikolay B and Serapio-Garc{\'\i}a, Gregory and Rentfrow, Jason},
  journal={arXiv preprint arXiv:2405.07248},
  year={2024}
}

@inproceedings{jiang268032940personallm,
    title = "{P}ersona{LLM}: Investigating the Ability of Large Language Models to Express Personality Traits",
    author = "Jiang, Hang  and
      Zhang, Xiajie  and
      Cao, Xubo  and
      Breazeal, Cynthia  and
      Roy, Deb  and
      Kabbara, Jad",
    booktitle = "Findings of the Association for Computational Linguistics: NAACL 2024",
    month = jun,
    year = "2024",
    address = "Mexico City, Mexico",
    publisher = "Association for Computational Linguistics",
    pages = "3605--3627",
}


@inproceedings{parklinearhype,
author = {Park, Kiho and Choe, Yo Joong and Veitch, Victor},
title = {The linear representation hypothesis and the geometry of large language models},
year = {2024},
booktitle={International conference on machine learning},
publisher = {JMLR.org},
articleno = {1605},
numpages = {24},
location = {Vienna, Austria},
series = {ICML'24}
}

@article{jiang2024uncovering,
  title={Uncovering meanings of embeddings via partial orthogonality},
  author={Jiang, Yibo and Aragam, Bryon and Veitch, Victor},
  journal={Advances in Neural Information Processing Systems},
  volume={36},
  year={2024}
}

@inproceedings{levy2014linguistic,
  title={Linguistic regularities in sparse and explicit word representations},
  author={Levy, Omer and Goldberg, Yoav},
  booktitle={Proceedings of the eighteenth conference on computational natural language learning},
  pages={171--180},
  year={2014}
}

@article{mikolov2013exploiting,
  title={Exploiting similarities among languages for machine translation},
  author={Mikolov, Tomas and Le, Quoc V and Sutskever, Ilya},
  journal={arXiv preprint arXiv:1309.4168},
  year={2013}
}



@inproceedings{
todd2024function,
title={Function Vectors in Large Language Models},
author={Eric Todd and Millicent Li and Arnab Sen Sharma and Aaron Mueller and Byron C Wallace and David Bau},
booktitle={The Twelfth International Conference on Learning Representations},
year={2024},
}


@article{thornton_neuroscience,
    author = {Sievers, Beau and Thornton, Mark A},
    title = {Deep social neuroscience: the promise and peril of using artificial neural networks to study the social brain},
    journal = {Social Cognitive and Affective Neuroscience},
    volume = {19},
    number = {1},
    pages = {nsae014},
    year = {2024},
    month = {02},
    issn = {1749-5016},
}
