@misc{estermann2024puzzlesbenchmarkneuralalgorithmic,
      title={{PUZZLES: A Benchmark for Neural Algorithmic Reasoning}}, 
      author={Benjamin Estermann and Luca A. Lanzendörfer and Yannick Niedermayr and Roger Wattenhofer},
      year={2024},
      eprint={2407.00401},
      archivePrefix={arXiv},
      primaryClass={cs.LG},
      url={https://arxiv.org/abs/2407.00401}, 
}
@misc{phan2025humanitysexam,
      title={{Humanity's Last Exam}}, 
      author={Long Phan and Alice Gatti and Ziwen Han and Nathaniel Li and Josephina Hu and Hugh Zhang and Mohamed Shaaban and John Ling and Sean Shi and Michael Choi and Anish Agrawal and Arnav Chopra and Adam Khoja and Ryan Kim and Richard Ren and Jason Hausenloy and Oliver Zhang and Mantas Mazeika and Summer Yue and Alexandr Wang and Dan Hendrycks},
      year={2025},
      eprint={2501.14249},
      archivePrefix={arXiv},
      primaryClass={cs.LG},
      url={https://arxiv.org/abs/2501.14249}, 
}
@misc{anonymous2025puzzleplex,
title={{PuzzlePlex: A Benchmark to Evaluate the Reasoning and Planning of Large Language Models on Puzzles}},
author={Anonymous},
year={2025},
url={https://openreview.net/forum?id=GT4gMdvVFp}
}
@article{mittal2024puzzlebench,
  title={{PuzzleBench: Can LLMs Solve Challenging First-Order Combinatorial Reasoning Problems?}},
  author={Mittal, Chinmay and Kartik, Krishna and Singla, Parag and others},
  journal={arXiv preprint arXiv:2402.02611},
  year={2024}
}
@article{tyagi2024step,
  title={{Step-by-Step Reasoning to Solve Grid Puzzles: Where do LLMs Falter?}},
  author={Tyagi, Nemika and Parmar, Mihir and Kulkarni, Mohith and Rrv, Aswin and Patel, Nisarg and Nakamura, Mutsumi and Mitra, Arindam and Baral, Chitta},
  journal={arXiv preprint arXiv:2407.14790},
  year={2024}
}
@article{RiddleSense,
  author       = {Bill Yuchen Lin and
                  Ziyi Wu and
                  Yichi Yang and
                  Dong{-}Ho Lee and
                  Xiang Ren},
  title        = {RiddleSense: Answering Riddle Questions as Commonsense Reasoning},
  journal      = {CoRR},
  volume       = {abs/2101.00376},
  year         = {2021},
  url          = {https://arxiv.org/abs/2101.00376},
  eprinttype    = {arXiv},
  eprint       = {2101.00376},
  timestamp    = {Mon, 01 Mar 2021 13:46:55 +0100},
  biburl       = {https://dblp.org/rec/journals/corr/abs-2101-00376.bib},
  bibsource    = {dblp computer science bibliography, https://dblp.org}
}
@misc{puzzledpint,
  title = {{Puzzled Pint}},
  howpublished = {\url{https://puzzledpint.org/}},
  note = {CC BY-NC-SA Intl. 4.0}
}
@misc{puzzlepotluck,
  title = {{Puzzle Potluck}},
  author={Bradley Wu and Curtis Liu and Darren Yin and Julz Huang and Lindsey Shi and Rajeev Nayak and Stephanie Chang},
  howpublished = {\url{https://puzzlepotluck.com/}}
}
@misc{markhalpinpuzzles,
  title = {{SOME PUZZLES by Mark Halpin}},
  author = {Mark Halpin},
  howpublished = {\url{https://www.markhalpin.com/puzzles/puzzles.html}}
}
@misc{mitmysteryhunt,
  title = {{MIT Mystery Hunt}},
  howpublished = {\url{https://puzzles.mit.edu/}}
}
@misc{cs50x,
  title = {{CS50x Puzzle Day}},
  author = {David J. Malan},
  howpublished = {\url{https://cs50.harvard.edu/x/2025/puzzles/}}
}
@misc{gmpuzzles,
  title = {{Grandmaster Puzzles}},
  author = {Thomas Snyder},
  howpublished = {\url{https://www.gmpuzzles.com/about/}}
}
@misc{crums,
  title = {{CRUMS}},
  author = {Zach Barnett and Alex Walker and Sara Walker},
  howpublished = {\url{https://crumspuzzlehunt.com/}},
  note = {CC BY-NC 3.0}
}
@misc{chollet2019measureintelligence,
      title={On the Measure of Intelligence}, 
      author={François Chollet},
      year={2019},
      eprint={1911.01547},
      archivePrefix={arXiv},
      primaryClass={cs.AI},
      url={https://arxiv.org/abs/1911.01547}, 
}
@misc{hendrycks2021measuringmassivemultitasklanguage,
      title={Measuring Massive Multitask Language Understanding}, 
      author={Dan Hendrycks and Collin Burns and Steven Basart and Andy Zou and Mantas Mazeika and Dawn Song and Jacob Steinhardt},
      year={2021},
      eprint={2009.03300},
      archivePrefix={arXiv},
      primaryClass={cs.CY},
      url={https://arxiv.org/abs/2009.03300}, 
}
@inproceedings{yue2023mmmu,
            title={MMMU: A Massive Multi-discipline Multimodal Understanding and Reasoning Benchmark for Expert AGI},
            author={Xiang Yue and Yuansheng Ni and Kai Zhang and Tianyu Zheng and Ruoqi Liu and Ge Zhang and Samuel Stevens and Dongfu Jiang and Weiming Ren and Yuxuan Sun and Cong Wei and Botao Yu and Ruibin Yuan and Renliang Sun and Ming Yin and Boyuan Zheng and Zhenzhu Yang and Yibo Liu and Wenhao Huang and Huan Sun and Yu Su and Wenhu Chen},
            booktitle={Proceedings of CVPR},
            year={2024},
          }
@inproceedings{rein2024gpqa,
      title={{GPQA}: A Graduate-Level Google-Proof Q\&A Benchmark},
      author={David Rein and Betty Li Hou and Asa Cooper Stickland and Jackson Petty and Richard Yuanzhe Pang and Julien Dirani and Julian Michael and Samuel R. Bowman},
      booktitle={First Conference on Language Modeling},
      year={2024},
      url={https://openreview.net/forum?id=Ti67584b98}
}
@misc{hendrycks2021measuringmathematicalproblemsolving,
      title={Measuring Mathematical Problem Solving With the MATH Dataset}, 
      author={Dan Hendrycks and Collin Burns and Saurav Kadavath and Akul Arora and Steven Basart and Eric Tang and Dawn Song and Jacob Steinhardt},
      year={2021},
      eprint={2103.03874},
      archivePrefix={arXiv},
      primaryClass={cs.LG},
      url={https://arxiv.org/abs/2103.03874}, 
}
@misc{glazer2024frontiermathbenchmarkevaluatingadvanced,
      title={FrontierMath: A Benchmark for Evaluating Advanced Mathematical Reasoning in AI}, 
      author={Elliot Glazer and Ege Erdil and Tamay Besiroglu and Diego Chicharro and Evan Chen and Alex Gunning and Caroline Falkman Olsson and Jean-Stanislas Denain and Anson Ho and Emily de Oliveira Santos and Olli Järviniemi and Matthew Barnett and Robert Sandler and Matej Vrzala and Jaime Sevilla and Qiuyu Ren and Elizabeth Pratt and Lionel Levine and Grant Barkley and Natalie Stewart and Bogdan Grechuk and Tetiana Grechuk and Shreepranav Varma Enugandla and Mark Wildon},
      year={2024},
      eprint={2411.04872},
      archivePrefix={arXiv},
      primaryClass={cs.AI},
      url={https://arxiv.org/abs/2411.04872}, 
}
@misc{he2024olympiadbench,
      title={OlympiadBench: A Challenging Benchmark for Promoting AGI with Olympiad-Level Bilingual Multimodal Scientific Problems}, 
      author={Chaoqun He and Renjie Luo and Yuzhuo Bai and Shengding Hu and Zhen Leng Thai and Junhao Shen and Jinyi Hu and Xu Han and Yujie Huang and Yuxiang Zhang and Jie Liu and Lei Qi and Zhiyuan Liu and Maosong Sun},
      year={2024},
      eprint={2402.14008},
      archivePrefix={arXiv},
      primaryClass={cs.CL}
}
@article{menghini2024vistabench,
  title   = "VISTA: A Rubric-based Visual Task Assessment",
  author  = "Cristina Menghini and Diego Mares and  Ernesto Hernandez and Dean Lee and Mike Lunati and Summer Yue",
  journal = "\url{https://scale.com/leaderboard/visual_language_understanding}",
  year    = "2024",
  url     = "https://scale.com/leaderboard/visual_language_understanding"
}
@inproceedings{lu2024mathvista,
  author    = {Lu, Pan and Bansal, Hritik and Xia, Tony and Liu, Jiacheng and Li, Chunyuan and Hajishirzi, Hannaneh and Cheng, Hao and Chang, Kai-Wei and Galley, Michel and Gao, Jianfeng},
  title     = {MathVista: Evaluating Mathematical Reasoning of Foundation Models in Visual Contexts},
  booktitle={International Conference on Learning Representations (ICLR)},
  year      = {2024}
}
@misc{mums,
  title = {{Melburne Uni Maths and Stats Society}},
  howpublished = {\url{https://www.melbunimathsstats.org/puzzlehunt}},
}
@misc{sums,
  title = {{Sydney University Mathematics Society}},
  howpublished = {\url{https://web.archive.org/web/20210725192741/https://www.maths.usyd.edu.au/ub/sums/puzzlehunt/2018/index}},
}
@misc{harvard,
  title = {{Harvard Mystery Hunt}},
  howpublished = {\url{https://harvardpuzzles.github.io/}},
}
@misc{cisra,
  title = {{CISRA}},
  howpublished = {\url{https://www.mezzacotta.net/puzzle/cisra/}},
}
@misc{janestreet,
  title = {{Jane Street Puzzles}},
  howpublished = {\url{https://www.janestreet.com/puzzles/archive/index.html}},
}
@misc{googol,
  title = {{Googol Conglomerate}},
  howpublished = {\url{https://gooooogol.theburninators.org/puzzles/}},
}
@misc{dash,
  title = {{Different Area, Same Hunt}},
  howpublished = {\url{https://playdash.org/}},
}
@misc{baphl,
  title = {{Boston Area Puzzle Hunt League}},
  howpublished = {\url{https://www.baphl.org/}},
}
@misc{galactic,
  title = {{Galactic Puzzle Hunt}},
  howpublished = {\url{https://2024.galacticpuzzlehunt.com/}},
}


