@inproceedings{accountable,
author = {Hernandez, Rie Helene (Lindy) and Song, Qiurong and Kou, Yubo and Gui, Xinning},
title = {"At the end of the day, I am accountable": Gig Workers' Self-Tracking for Multi-Dimensional Accountability Management},
year = {2024},
isbn = {9798400703300},
publisher = {Association for Computing Machinery},
address = {New York, NY, USA},
url = {https://doi.org/10.1145/3613904.3642151},
doi = {10.1145/3613904.3642151},
booktitle = {Proceedings of the CHI Conference on Human Factors in Computing Systems},
articleno = {382},
numpages = {20},
keywords = {Gig workers, accountability, gig economy, personal informatics, self-tracking},
location = {Honolulu, HI, USA},
series = {CHI '24}
}

@article{atom,
  title={Together but alone: Atomization and peer support among gig workers},
  author={Yao, Zheng and Weden, Silas and Emerlyn, Lea and Zhu, Haiyi and Kraut, Robert E},
  journal={Proceedings of the ACM on Human-Computer Interaction},
  volume={5},
  number={CSCW2},
  pages={1--29},
  year={2021},
  publisher={ACM New York, NY, USA},
  doi = {10.1145/3479535}
}

@phdthesis{belonging,
  title={Understanding Belongingness in the Gig Economy: The Uplifting \\and Undermining Effects of Online Communities on Lonely Gig Workers},
  author={Pychlau, Sophie},
  year={2023},
  school={University of Oregon},
  url={https://www.proquest.com/docview/2842733540?pq-origsite=gscholar&fromopenview=true&sourcetype=Dissertations%20&%20Theses}
}

@article{chan2019becoming,
  title={“Becoming an expert in driving for Uber”: Uber driver/bloggers’ performance of expertise and self-presentation on YouTube},
  author={Chan, Ngai Keung},
  journal={New media \& society},
  volume={21},
  number={9},
  pages={2048--2067},
  year={2019},
  publisher={Sage Publications Sage UK: London, England},
  doi = {10.1177/1461444819837736}
}

@article{consent,
author = {Juliet B Schor and Christopher Tirrell and Steven Peter Vallas},
title ={Consent and Contestation: How Platform Workers Reckon with the Risks of Gig Labor},
journal = {Work, Employment and Society},
volume = {38},
number = {5},
pages = {1423-1444},
year = {2024},
doi = {10.1177/09500170231199404},
URL = { 
        https://doi.org/10.1177/09500170231199404
},
eprint = { 
        https://doi.org/10.1177/09500170231199404
}
}

@inproceedings{indie,
author = {Dalal, Samantha and Chiem, Ngan and Karbassi, Nikoo and Liu, Yuhan and Monroy-Hern\'{a}ndez, Andr\'{e}s},
title = {Understanding Human Intervention in the Platform Economy: A case study of an indie food delivery service},
year = {2023},
isbn = {9781450394215},
publisher = {Association for Computing Machinery},
address = {New York, NY, USA},
url = {https://doi.org/10.1145/3544548.3581517},
doi = {10.1145/3544548.3581517},
booktitle = {Proceedings of the 2023 CHI Conference on Human Factors in Computing Systems},
articleno = {568},
numpages = {16},
keywords = {food delivery, gig economy, infrastructure, scalability},
location = {Hamburg, Germany},
series = {CHI '23}
}

@inproceedings{machines,
author = {Lee, Min Kyung and Kusbit, Daniel and Metsky, Evan and Dabbish, Laura},
title = {Working with Machines: The Impact of Algorithmic and Data-Driven Management on Human Workers},
year = {2015},
isbn = {9781450331456},
publisher = {Association for Computing Machinery},
address = {New York, NY, USA},
url = {https://doi.org/10.1145/2702123.2702548},
doi = {10.1145/2702123.2702548},
booktitle = {Proceedings of the 33rd Annual ACM Conference on Human Factors in Computing Systems},
pages = {1603–1612},
numpages = {10},
keywords = {work assignment, sharing economies, sensemaking, performance evaluation, on-demand work, intelligent systems, human-centered algorithms, dynamic pricing, data-driven metrics, cscw, algorithmic management, algorithm},
location = {Seoul, Republic of Korea},
series = {CHI '15}
}

@article{nomad,
author = {Sutherland, Will and Jarrahi, Mohammad Hossein},
title = {The Gig Economy and Information Infrastructure: The Case of the Digital Nomad Community},
year = {2017},
issue_date = {November 2017},
publisher = {Association for Computing Machinery},
address = {New York, NY, USA},
volume = {1},
number = {CSCW},
url = {https://doi.org/10.1145/3134732},
doi = {10.1145/3134732},
journal = {Proc. ACM Hum.-Comput. Interact.},
month = {dec},
articleno = {97},
numpages = {24},
keywords = {digital nomads, digital platforms, gig economy, information infrastructures}
}

@article{organizing,
  title={Organizing on-demand: Representation, voice, and collective bargaining in the gig economy},
  author={Johnston, Hannah and Land-Kazlauskas, Chris and others},
  year={2018},
  publisher={Inclusive Labour Markets, Labour Relations and Working Conditions Branch},
  journal={Conditions of Work and Employment Series No. 94}
}

@phdthesis{peersupport,
  author  = "Yao, Zheng",
  title   = "Peer Support in Online Communities",
  school  = "Carnegie Mellon University",
  year    = "2024",
  url = "http://reports-archive.adm.cs.cmu.edu/anon/hcii/CMU-HCII-24-107.pdf#page=81.17"
}

@article{pires2024delivery,
  title={Delivery riders’ cultural production in Spain: A thematic analysis of their self-representation on YouTube},
  author={Pires, Fernanda and Tomasena, Jos{\'e} M and Pi{\~n}a, Martina},
  journal={Convergence},
  volume={30},
  number={1},
  pages={588--604},
  year={2024},
  publisher={SAGE Publications Sage UK: London, England} ,
  doi = {10.1177/13548565231161252}
}

@inproceedings{privacy,
author = {Sannon, Shruti and Sun, Billie and Cosley, Dan},
title = {Privacy, Surveillance, and Power in the Gig Economy},
year = {2022},
isbn = {9781450391573},
publisher = {Association for Computing Machinery},
address = {New York, NY, USA},
url = {https://doi.org/10.1145/3491102.3502083},
doi = {10.1145/3491102.3502083},
booktitle = {Proceedings of the 2022 CHI Conference on Human Factors in Computing Systems},
articleno = {619},
numpages = {15},
keywords = {crowdwork, delivery services, freelancing, labor, monitoring, privacy, ridesharing, risk, surveillance, work platforms, workers},
location = {New Orleans, LA, USA},
series = {CHI '22}
}

@inproceedings{sousveillance,
author = {Do, Kimberly and De Los Santos, Maya and Muller, Michael and Savage, Saiph},
title = {Designing Gig Worker Sousveillance Tools},
year = {2024},
isbn = {9798400703300},
publisher = {Association for Computing Machinery},
address = {New York, NY, USA},
url = {https://doi.org/10.1145/3613904.3642614},
doi = {10.1145/3613904.3642614},
booktitle = {Proceedings of the CHI Conference on Human Factors in Computing Systems},
articleno = {384},
numpages = {19},
keywords = {crowd work, freelancers, gig work, job market, labor market, sousveillance *Both authors contributed equally to this research., surveillance},
location = {Honolulu, HI, USA},
series = {CHI '24}
}

@article{supporting,
  title={Supporting Gig Worker Needs and Advancing Policy Through Worker-Centered Data-Sharing},
  author={Hsieh, Jane and Zhang, Angie and Rasetarinera, Mialy and Chou, Erik and Ngo, Daniel and Carpenter, Jason and Lightman, Karen and Lee, Min Kyung and Zhu, Haiyi},
  year={2024},
  journal={},
  doi = {10.48550/arXiv.2412.02973}
}

@article{tax_lives,
  title={The tax lives of Uber drivers: evidence from internet discussion forums},
  author={Oei, Shu-Yi and Ring, Diane M},
  journal={Colum. J. Tax L.},
  volume={8},
  pages={56},
  year={2017},
  publisher={HeinOnline},
  doi = {10.7916/cjtl.v8i2.2842}
}

@article{taxing,
  title={Taxing the gig economy},
  author={Thomas, Kathleen DeLaney},
  journal={University of Pennsylvania Law Review},
  pages={1415--1473},
  year={2018},
  publisher={JSTOR},
  url = {https://www.jstor.org/stable/45154965},
  volume={166}
}

@article{visibility,
  title={Being watched and being seen: Negotiating visibility in the NYC ride-hail circuit},
  author={Mosseri, Sarah},
  journal={New Media \& Society},
  volume={24},
  number={3},
  pages={600--620},
  year={2022},
  publisher={SAGE Publications Sage UK: London, England},
  doi = {10.1177/1461444820966752}
}

@article{woodside2021bottom,
  title={Bottom-up strategies, platform worker power and local action: Learning from ridehailing drivers},
  author={Woodside, Jonathan and Vinodrai, Tara and Moos, Markus},
  journal={Local Economy},
  volume={36},
  number={4},
  pages={325--343},
  year={2021},
  publisher={SAGE Publications Sage UK: London, England},
  doi = {10.1177/02690942211040170}
}

@inproceedings{zhang2023stakeholder,
author = {Zhang, Angie and Boltz, Alexander and Lynn, Jonathan and Wang, Chun-Wei and Lee, Min Kyung},
title = {Stakeholder-Centered AI Design: Co-Designing Worker Tools with Gig Workers through Data Probes},
year = {2023},
isbn = {9781450394215},
publisher = {Association for Computing Machinery},
address = {New York, NY, USA},
url = {https://doi.org/10.1145/3544548.3581354},
doi = {10.1145/3544548.3581354},
booktitle = {Proceedings of the 2023 CHI Conference on Human Factors in Computing Systems},
articleno = {859},
numpages = {19},
keywords = {AI Design, Co-Design, Data Probes, Gig Work, Worker Well-Being, Worker-Centered Worker Tools},
location = {Hamburg, Germany},
series = {CHI '23}
}

