% Use this file for citations not found in the ACL Anthology (contained in "anthology.bib").

@article{winata2024miners,
  title={MINERS: Multilingual Language Models as Semantic Retrievers},
  author={Winata, Genta Indra and Zhang, Ruochen and Adelani, David Ifeoluwa},
  journal={arXiv preprint arXiv:2406.07424},
  year={2024}
}

@inproceedings{berruti2024automatic,
  title={Automatic Crossword Clues Extraction for Language Learning},
  author={Berruti, Santiago and Collazo, Arturo and Sellanes, Diego and Ros{\'a}, Aiala and Chiruzzo, Luis},
  booktitle={Proceedings of the 19th Workshop on Innovative Use of NLP for Building Educational Applications (BEA 2024)},
  pages={381--390},
  year={2024}
}

@inproceedings{winata2021language,
  title={Language Models are Few-shot Multilingual Learners},
  author={Winata, Genta Indra and Madotto, Andrea and Lin, Zhaojiang and Liu, Rosanne and Yosinski, Jason and Fung, Pascale},
  booktitle={Proceedings of the 1st Workshop on Multilingual Representation Learning},
  pages={1--15},
  year={2021}
}


@article{saha2024language,
  title={Language Models are Crossword Solvers},
  author={Saha, Soumadeep and Chakraborty, Sutanoya and Saha, Saptarshi and Garain, Utpal},
  journal={arXiv preprint arXiv:2406.09043},
  year={2024}
}


@article{almeida2024exploring,
  title={Exploring the psychology of LLMs’ moral and legal reasoning},
  author={Almeida, Guilherme FCF and Nunes, Jos{\'e} Luiz and Engelmann, Neele and Wiegmann, Alex and de Ara{\'u}jo, Marcelo},
  journal={Artificial Intelligence},
  volume={333},
  pages={104145},
  year={2024},
  publisher={Elsevier}
}

@article{shao2024deepseekmath,
  title={Deepseekmath: Pushing the limits of mathematical reasoning in open language models},
  author={Shao, Zhihong and Wang, Peiyi and Zhu, Qihao and Xu, Runxin and Song, Junxiao and Bi, Xiao and Zhang, Haowei and Zhang, Mingchuan and Li, YK and Wu, Y and others},
  journal={arXiv preprint arXiv:2402.03300},
  year={2024}
}

@inproceedings{hendrycks2measuring,
  title={Measuring Mathematical Problem Solving With the MATH Dataset},
  author={Hendrycks, Dan and Burns, Collin and Kadavath, Saurav and Arora, Akul and Basart, Steven and Tang, Eric and Song, Dawn and Steinhardt, Jacob},
  booktitle={Thirty-fifth Conference on Neural Information Processing Systems Datasets and Benchmarks Track (Round 2)},
  year={2021}
}

@article{trinh2024solving,
  title={Solving olympiad geometry without human demonstrations},
  author={Trinh, Trieu H and Wu, Yuhuai and Le, Quoc V and He, He and Luong, Thang},
  journal={Nature},
  volume={625},
  number={7995},
  pages={476--482},
  year={2024},
  publisher={Nature Publishing Group UK London}
}

@article{yang2024large,
  title={Do Large Language Models Latently Perform Multi-Hop Reasoning?},
  author={Yang, Sohee and Gribovskaya, Elena and Kassner, Nora and Geva, Mor and Riedel, Sebastian},
  journal={arXiv preprint arXiv:2402.16837},
  year={2024}
}

@inproceedings{ji2023towards,
  title={Towards mitigating LLM hallucination via self reflection},
  author={Ji, Ziwei and Yu, Tiezheng and Xu, Yan and Lee, Nayeon and Ishii, Etsuko and Fung, Pascale},
  booktitle={Findings of the Association for Computational Linguistics: EMNLP 2023},
  pages={1827--1843},
  year={2023}
}

@inproceedings{ren2023self,
  title={Self-evaluation improves selective generation in large language models},
  author={Ren, Jie and Zhao, Yao and Vu, Tu and Liu, Peter J and Lakshminarayanan, Balaji},
  booktitle={Proceedings on},
  pages={49--64},
  year={2023},
  organization={PMLR}
}

@article{mekala2024toolverifier,
  title={TOOLVERIFIER: Generalization to New Tools via Self-Verification},
  author={Mekala, Dheeraj and Weston, Jason and Lanchantin, Jack and Raileanu, Roberta and Lomeli, Maria and Shang, Jingbo and Dwivedi-Yu, Jane},
  journal={arXiv preprint arXiv:2402.14158},
  year={2024}
}

@article{wei2022chain,
  title={Chain-of-thought prompting elicits reasoning in large language models},
  author={Wei, Jason and Wang, Xuezhi and Schuurmans, Dale and Bosma, Maarten and Xia, Fei and Chi, Ed and Le, Quoc V and Zhou, Denny and others},
  journal={Advances in neural information processing systems},
  volume={35},
  pages={24824--24837},
  year={2022}
}

@inproceedings{talmor2019commonsenseqa,
  title={CommonsenseQA: A Question Answering Challenge Targeting Commonsense Knowledge},
  author={Talmor, Alon and Herzig, Jonathan and Lourie, Nicholas and Berant, Jonathan},
  booktitle={Proceedings of the 2019 Conference of the North American Chapter of the Association for Computational Linguistics: Human Language Technologies, Volume 1 (Long and Short Papers)},
  pages={4149--4158},
  year={2019}
}

@article{geva2021did,
  title={Did aristotle use a laptop? a question answering benchmark with implicit reasoning strategies},
  author={Geva, Mor and Khashabi, Daniel and Segal, Elad and Khot, Tushar and Roth, Dan and Berant, Jonathan},
  journal={Transactions of the Association for Computational Linguistics},
  volume={9},
  pages={346--361},
  year={2021},
  publisher={MIT Press One Rogers Street, Cambridge, MA 02142-1209, USA journals-info~…}
}

@inproceedings{brohan2023can,
  title={Do as i can, not as i say: Grounding language in robotic affordances},
  author={Brohan, Anthony and Chebotar, Yevgen and Finn, Chelsea and Hausman, Karol and Herzog, Alexander and Ho, Daniel and Ibarz, Julian and Irpan, Alex and Jang, Eric and Julian, Ryan and others},
  booktitle={Conference on robot learning},
  pages={287--318},
  year={2023},
  organization={PMLR}
}

@article{nye2021improving,
  title={Improving coherence and consistency in neural sequence models with dual-system, neuro-symbolic reasoning},
  author={Nye, Maxwell and Tessler, Michael and Tenenbaum, Josh and Lake, Brenden M},
  journal={Advances in Neural Information Processing Systems},
  volume={34},
  pages={25192--25204},
  year={2021}
}

@article{ji2023survey,
  title={Survey of hallucination in natural language generation},
  author={Ji, Ziwei and Lee, Nayeon and Frieske, Rita and Yu, Tiezheng and Su, Dan and Xu, Yan and Ishii, Etsuko and Bang, Ye Jin and Madotto, Andrea and Fung, Pascale},
  journal={ACM Computing Surveys},
  volume={55},
  number={12},
  pages={1--38},
  year={2023},
  publisher={ACM New York, NY}
}

@inproceedings{maynez2020faithfulness,
  title={On Faithfulness and Factuality in Abstractive Summarization},
  author={Maynez, Joshua and Narayan, Shashi and Bohnet, Bernd and McDonald, Ryan},
  booktitle={Proceedings of the 58th Annual Meeting of the Association for Computational Linguistics},
  pages={1906--1919},
  year={2020}
}

@article{zhao2023large,
  title={Large language models as commonsense knowledge for large-scale task planning},
  author={Zhao, Zirui and Lee, Wee Sun and Hsu, David},
  journal={Advances in Neural Information Processing Systems},
  volume={36},
  pages={31967--31987},
  year={2023}
}

@article{jin2024cladder,
  title={Cladder: A benchmark to assess causal reasoning capabilities of language models},
  author={Jin, Zhijing and Chen, Yuen and Leeb, Felix and Gresele, Luigi and Kamal, Ojasv and Lyu, Zhiheng and Blin, Kevin and Gonzalez Adauto, Fernando and Kleiman-Weiner, Max and Sachan, Mrinmaya and others},
  journal={Advances in Neural Information Processing Systems},
  volume={36},
  year={2024}
}

@inproceedings{wang2024causalbench,
  title={CausalBench: A Comprehensive Benchmark for Evaluating Causal Reasoning Capabilities of Large Language Models},
  author={Wang, Zeyu},
  booktitle={Proceedings of the 10th SIGHAN Workshop on Chinese Language Processing (SIGHAN-10)},
  pages={143--151},
  year={2024}
}

@article{motwani2024malt,
  title={MALT: Improving Reasoning with Multi-Agent LLM Training},
  author={Motwani, Sumeet Ramesh and Smith, Chandler and Das, Rocktim Jyoti and Rybchuk, Markian and Torr, Philip HS and Laptev, Ivan and Pizzati, Fabio and Clark, Ronald and de Witt, Christian Schroeder},
  journal={arXiv preprint arXiv:2412.01928},
  year={2024}
}

@inproceedings{pan2023logic,
  title={Logic-LM: Empowering Large Language Models with Symbolic Solvers for Faithful Logical Reasoning},
  author={Pan, Liangming and Albalak, Alon and Wang, Xinyi and Wang, William},
  booktitle={Findings of the Association for Computational Linguistics: EMNLP 2023},
  pages={3806--3824},
  year={2023}
}

@inproceedings{zhao2022multihiertt,
  title={MultiHiertt: Numerical Reasoning over Multi Hierarchical Tabular and Textual Data},
  author={Zhao, Yilun and Li, Yunxiang and Li, Chenying and Zhang, Rui},
  booktitle={Proceedings of the 60th Annual Meeting of the Association for Computational Linguistics (Volume 1: Long Papers)},
  pages={6588--6600},
  year={2022}
}

@article{lu2023mathvista,
  title={Mathvista: Evaluating mathematical reasoning of foundation models in visual contexts},
  author={Lu, Pan and Bansal, Hritik and Xia, Tony and Liu, Jiacheng and Li, Chunyuan and Hajishirzi, Hannaneh and Cheng, Hao and Chang, Kai-Wei and Galley, Michel and Gao, Jianfeng},
  journal={arXiv preprint arXiv:2310.02255},
  year={2023}
}

@inproceedings{patel2021nlp,
  title={Are NLP Models really able to Solve Simple Math Word Problems?},
  author={Patel, Arkil and Bhattamishra, Satwik and Goyal, Navin},
  booktitle={Proceedings of the 2021 Conference of the North American Chapter of the Association for Computational Linguistics: Human Language Technologies},
  pages={2080--2094},
  year={2021}
}


@inproceedings{bhargava2022commonsense,
  title={Commonsense knowledge reasoning and generation with pre-trained language models: A survey},
  author={Bhargava, Prajjwal and Ng, Vincent},
  booktitle={Proceedings of the AAAI Conference on Artificial Intelligence},
  volume={36},
  number={11},
  pages={12317--12325},
  year={2022}
}

@inproceedings{rajani2019explain,
  title={Explain Yourself! Leveraging Language Models for Commonsense Reasoning},
  author={Rajani, Nazneen Fatema and McCann, Bryan and Xiong, Caiming and Socher, Richard},
  booktitle={Proceedings of the 57th Annual Meeting of the Association for Computational Linguistics},
  pages={4932--4942},
  year={2019}
}

@article{srivastava2023beyond,
  title={Beyond the Imitation Game: Quantifying and extrapolating the capabilities of language models},
  author={Srivastava, Aarohi and Rastogi, Abhinav and Rao, Abhishek and Shoeb, Abu Awal Md and Abid, Abubakar and Fisch, Adam and Brown, Adam R and Santoro, Adam and Gupta, Aditya and Garriga-Alonso, Adri{\`a} and others},
  journal={Transactions on Machine Learning Research},
  year={2023}
}

@article{rao2024collaborative,
  title={Collaborative Quest Completion with LLM-driven Non-Player Characters in Minecraft},
  author={Rao, Sudha and Xu, Weijia and Xu, Michael and Leandro, Jorge and Lobb, Ken and DesGarennes, Gabriel and Brockett, Chris and Dolan, Bill},
  journal={arXiv preprint arXiv:2407.03460},
  year={2024}
}

@article{qi2024civrealm,
  title={CivRealm: A learning and reasoning odyssey in Civilization for decision-making agents},
  author={Qi, Siyuan and Chen, Shuo and Li, Yexin and Kong, Xiangyu and Wang, Junqi and Yang, Bangcheng and Wong, Pring and Zhong, Yifan and Zhang, Xiaoyuan and Zhang, Zhaowei and others},
  journal={arXiv preprint arXiv:2401.10568},
  year={2024}
}

@article{ma2025large,
  title={Large language models play starcraft ii: Benchmarks and a chain of summarization approach},
  author={Ma, Weiyu and Mi, Qirui and Zeng, Yongcheng and Yan, Xue and Lin, Runji and Wu, Yuqiao and Wang, Jun and Zhang, Haifeng},
  journal={Advances in Neural Information Processing Systems},
  volume={37},
  pages={133386--133442},
  year={2025}
}

@article{huang2024survey,
  title={A survey on hallucination in large language models: Principles, taxonomy, challenges, and open questions},
  author={Huang, Lei and Yu, Weijiang and Ma, Weitao and Zhong, Weihong and Feng, Zhangyin and Wang, Haotian and Chen, Qianglong and Peng, Weihua and Feng, Xiaocheng and Qin, Bing and others},
  journal={ACM Transactions on Information Systems},
  year={2024},
  publisher={ACM New York, NY}
}

@article{hu2024pok,
  title={Pok$\backslash$'eLLMon: A Human-Parity Agent for Pok$\backslash$'emon Battles with Large Language Models},
  author={Hu, Sihao and Huang, Tiansheng and Liu, Ling},
  journal={arXiv preprint arXiv:2402.01118},
  year={2024}
}

@inproceedings{longpre2023flan,
  title={The flan collection: designing data and methods for effective instruction tuning},
  author={Longpre, Shayne and Hou, Le and Vu, Tu and Webson, Albert and Chung, Hyung Won and Tay, Yi and Zhou, Denny and Le, Quoc V and Zoph, Barret and Wei, Jason and others},
  booktitle={Proceedings of the 40th International Conference on Machine Learning},
  pages={22631--22648},
  year={2023}
}

@article{achiam2023gpt,
  title={Gpt-4 technical report},
  author={Achiam, Josh and Adler, Steven and Agarwal, Sandhini and Ahmad, Lama and Akkaya, Ilge and Aleman, Florencia Leoni and Almeida, Diogo and Altenschmidt, Janko and Altman, Sam and Anadkat, Shyamal and others},
  journal={arXiv preprint arXiv:2303.08774},
  year={2023}
}

@article{yang2024qwen2,
  title={Qwen2. 5 technical report},
  author={Yang, An and Yang, Baosong and Zhang, Beichen and Hui, Binyuan and Zheng, Bo and Yu, Bowen and Li, Chengyuan and Liu, Dayiheng and Huang, Fei and Wei, Haoran and others},
  journal={arXiv preprint arXiv:2412.15115},
  year={2024}
}

@article{dubey2024llama,
  title={The llama 3 herd of models},
  author={Dubey, Abhimanyu and Jauhri, Abhinav and Pandey, Abhinav and Kadian, Abhishek and Al-Dahle, Ahmad and Letman, Aiesha and Mathur, Akhil and Schelten, Alan and Yang, Amy and Fan, Angela and others},
  journal={arXiv preprint arXiv:2407.21783},
  year={2024}
}

@article{team2024gemma,
  title={Gemma 2: Improving open language models at a practical size},
  author={Team, Gemma and Riviere, Morgane and Pathak, Shreya and Sessa, Pier Giuseppe and Hardin, Cassidy and Bhupatiraju, Surya and Hussenot, L{\'e}onard and Mesnard, Thomas and Shahriari, Bobak and Ram{\'e}, Alexandre and others},
  journal={arXiv preprint arXiv:2408.00118},
  year={2024}
}

@inproceedings{zugarini2024clue,
  title={Clue-Instruct: Text-Based Clue Generation for Educational Crossword Puzzles},
  author={Zugarini, Andrea and Zeinalipour, Kamyar and Kadali, Surya Sai and Maggini, Marco and Gori, Marco and Rigutini, Leonardo},
  booktitle={Proceedings of the 2024 Joint International Conference on Computational Linguistics, Language Resources and Evaluation (LREC-COLING 2024)},
  pages={3347--3356},
  year={2024}
}

@article{feng2024chessgpt,
  title={Chessgpt: Bridging policy learning and language modeling},
  author={Feng, Xidong and Luo, Yicheng and Wang, Ziyan and Tang, Hongrui and Yang, Mengyue and Shao, Kun and Mguni, David and Du, Yali and Wang, Jun},
  journal={Advances in Neural Information Processing Systems},
  volume={36},
  year={2024}
}

@article{guo2024can,
  title={Can large language models play games? a case study of a self-play approach},
  author={Guo, Hongyi and Liu, Zhihan and Zhang, Yufeng and Wang, Zhaoran},
  journal={arXiv preprint arXiv:2403.05632},
  year={2024}
}

@inproceedings{oh2024langbirds,
  title={LangBirds: An agent for angry birds using a large language model},
  author={Oh, Seungwon and Chung, Insik and Kim, Kyung-Joong},
  booktitle={2024 IEEE Conference on Games (CoG)},
  pages={1--8},
  year={2024},
  organization={IEEE}
}

@article{shinn2024reflexion,
  title={Reflexion: Language agents with verbal reinforcement learning},
  author={Shinn, Noah and Cassano, Federico and Gopinath, Ashwin and Narasimhan, Karthik and Yao, Shunyu},
  journal={Advances in Neural Information Processing Systems},
  volume={36},
  year={2024}
}

@article{zhou2023instruction,
  title={Instruction-following evaluation for large language models},
  author={Zhou, Jeffrey and Lu, Tianjian and Mishra, Swaroop and Brahma, Siddhartha and Basu, Sujoy and Luan, Yi and Zhou, Denny and Hou, Le},
  journal={arXiv preprint arXiv:2311.07911},
  year={2023}
}

@article{sprague2024cot,
  title={To cot or not to cot? chain-of-thought helps mainly on math and symbolic reasoning},
  author={Sprague, Zayne and Yin, Fangcong and Rodriguez, Juan Diego and Jiang, Dongwei and Wadhwa, Manya and Singhal, Prasann and Zhao, Xinyu and Ye, Xi and Mahowald, Kyle and Durrett, Greg},
  journal={arXiv preprint arXiv:2409.12183},
  year={2024}
}

@article{zhang2023creative,
  title={Creative agents: Empowering agents with imagination for creative tasks},
  author={Zhang, Chi and Cai, Penglin and Fu, Yuhui and Yuan, Haoqi and Lu, Zongqing},
  journal={arXiv preprint arXiv:2312.02519},
  year={2023}
}

@article{huang2024pokergpt,
  title={PokerGPT: An End-to-End Lightweight Solver for Multi-Player Texas Hold'em via Large Language Model},
  author={Huang, Chenghao and Cao, Yanbo and Wen, Yinlong and Zhou, Tao and Zhang, Yanru},
  journal={arXiv preprint arXiv:2401.06781},
  year={2024}
}
@article{xiao2024llms,
  title={LLMs May Not Be Human-Level Players, But They Can Be Testers: Measuring Game Difficulty with LLM Agents},
  author={Xiao, Chang and Yang, Brenda Z},
  journal={arXiv preprint arXiv:2410.02829},
  year={2024}
}

@article{estermann2024puzzles,
  title={PUZZLES: A Benchmark for Neural Algorithmic Reasoning},
  author={Estermann, Benjamin and Lanzend{\"o}rfer, Luca A and Niedermayr, Yannick and Wattenhofer, Roger},
  journal={arXiv preprint arXiv:2407.00401},
  year={2024}
}

@misc{AGI-BY-2028,
  author = {Zafir Stojanovski},
  title = {Do you even "Word Game Bench" bro?},
  year = {2024},
  howpublished = {\url{https://wordgamebench.github.io}},
  note = {Word Game Bench is nothing without its single unemployed maintainer}
}

@article{kazemi2024boardgameqa,
  title={Boardgameqa: A dataset for natural language reasoning with contradictory information},
  author={Kazemi, Mehran and Yuan, Quan and Bhatia, Deepti and Kim, Najoung and Xu, Xin and Imbrasaite, Vaiva and Ramachandran, Deepak},
  journal={Advances in Neural Information Processing Systems},
  volume={36},
  year={2024}
}

@article{xu2025learning,
  title={Learning Strategic Language Agents in the Werewolf Game with Iterative Latent Space Policy Optimization},
  author={Xu, Zelai and Gu, Wanjun and Yu, Chao and Wu, Yi and Wang, Yu},
  journal={arXiv preprint arXiv:2502.04686},
  year={2025}
}

@article{guan2025richelieu,
  title={Richelieu: Self-evolving llm-based agents for ai diplomacy},
  author={Guan, Zhenyu and Kong, Xiangyu and Zhong, Fangwei and Wang, Yizhou},
  journal={Advances in Neural Information Processing Systems},
  volume={37},
  pages={123471--123497},
  year={2025}
}

@inproceedings{zhu2023calypso,
  title={CALYPSO: LLMs as Dungeon Master's Assistants},
  author={Zhu, Andrew and Martin, Lara and Head, Andrew and Callison-Burch, Chris},
  booktitle={Proceedings of the AAAI Conference on Artificial Intelligence and Interactive Digital Entertainment},
  volume={19},
  number={1},
  pages={380--390},
  year={2023}
}

@article{silver2017mastering,
  title={Mastering the game of go without human knowledge},
  author={Silver, David and Schrittwieser, Julian and Simonyan, Karen and Antonoglou, Ioannis and Huang, Aja and Guez, Arthur and Hubert, Thomas and Baker, Lucas and Lai, Matthew and Bolton, Adrian and others},
  journal={nature},
  volume={550},
  number={7676},
  pages={354--359},
  year={2017},
  publisher={Nature Publishing Group}
}

@article{hu2024survey,
  title={A survey on large language model-based game agents},
  author={Hu, Sihao and Huang, Tiansheng and Ilhan, Fatih and Tekin, Selim and Liu, Gaowen and Kompella, Ramana and Liu, Ling},
  journal={arXiv preprint arXiv:2404.02039},
  year={2024}
}