@misc{AGI-BY-2028,
  author = {Zafir Stojanovski},
  title = {Do you even "Word Game Bench" bro?},
  year = {2024},
  howpublished = {\url{https://wordgamebench.github.io}},
  note = {Word Game Bench is nothing without its single unemployed maintainer}
}

@inproceedings{bhargava2022commonsense,
  title={Commonsense knowledge reasoning and generation with pre-trained language models: A survey},
  author={Bhargava, Prajjwal and Ng, Vincent},
  booktitle={Proceedings of the AAAI Conference on Artificial Intelligence},
  volume={36},
  number={11},
  pages={12317--12325},
  year={2022}
}

@article{feng2024chessgpt,
  title={Chessgpt: Bridging policy learning and language modeling},
  author={Feng, Xidong and Luo, Yicheng and Wang, Ziyan and Tang, Hongrui and Yang, Mengyue and Shao, Kun and Mguni, David and Du, Yali and Wang, Jun},
  journal={Advances in Neural Information Processing Systems},
  volume={36},
  year={2024}
}

@article{guan2025richelieu,
  title={Richelieu: Self-evolving llm-based agents for ai diplomacy},
  author={Guan, Zhenyu and Kong, Xiangyu and Zhong, Fangwei and Wang, Yizhou},
  journal={Advances in Neural Information Processing Systems},
  volume={37},
  pages={123471--123497},
  year={2025}
}

@article{hu2024pok,
  title={Pok$\backslash$'eLLMon: A Human-Parity Agent for Pok$\backslash$'emon Battles with Large Language Models},
  author={Hu, Sihao and Huang, Tiansheng and Liu, Ling},
  journal={arXiv preprint arXiv:2402.01118},
  year={2024}
}

@article{hu2024survey,
  title={A survey on large language model-based game agents},
  author={Hu, Sihao and Huang, Tiansheng and Ilhan, Fatih and Tekin, Selim and Liu, Gaowen and Kompella, Ramana and Liu, Ling},
  journal={arXiv preprint arXiv:2404.02039},
  year={2024}
}

@article{huang2024pokergpt,
  title={PokerGPT: An End-to-End Lightweight Solver for Multi-Player Texas Hold'em via Large Language Model},
  author={Huang, Chenghao and Cao, Yanbo and Wen, Yinlong and Zhou, Tao and Zhang, Yanru},
  journal={arXiv preprint arXiv:2401.06781},
  year={2024}
}

@article{jin2024cladder,
  title={Cladder: A benchmark to assess causal reasoning capabilities of language models},
  author={Jin, Zhijing and Chen, Yuen and Leeb, Felix and Gresele, Luigi and Kamal, Ojasv and Lyu, Zhiheng and Blin, Kevin and Gonzalez Adauto, Fernando and Kleiman-Weiner, Max and Sachan, Mrinmaya and others},
  journal={Advances in Neural Information Processing Systems},
  volume={36},
  year={2024}
}

@article{kazemi2024boardgameqa,
  title={Boardgameqa: A dataset for natural language reasoning with contradictory information},
  author={Kazemi, Mehran and Yuan, Quan and Bhatia, Deepti and Kim, Najoung and Xu, Xin and Imbrasaite, Vaiva and Ramachandran, Deepak},
  journal={Advances in Neural Information Processing Systems},
  volume={36},
  year={2024}
}

@article{lu2023mathvista,
  title={Mathvista: Evaluating mathematical reasoning of foundation models in visual contexts},
  author={Lu, Pan and Bansal, Hritik and Xia, Tony and Liu, Jiacheng and Li, Chunyuan and Hajishirzi, Hannaneh and Cheng, Hao and Chang, Kai-Wei and Galley, Michel and Gao, Jianfeng},
  journal={arXiv preprint arXiv:2310.02255},
  year={2023}
}

@article{ma2025large,
  title={Large language models play starcraft ii: Benchmarks and a chain of summarization approach},
  author={Ma, Weiyu and Mi, Qirui and Zeng, Yongcheng and Yan, Xue and Lin, Runji and Wu, Yuqiao and Wang, Jun and Zhang, Haifeng},
  journal={Advances in Neural Information Processing Systems},
  volume={37},
  pages={133386--133442},
  year={2025}
}

@article{motwani2024malt,
  title={MALT: Improving Reasoning with Multi-Agent LLM Training},
  author={Motwani, Sumeet Ramesh and Smith, Chandler and Das, Rocktim Jyoti and Rybchuk, Markian and Torr, Philip HS and Laptev, Ivan and Pizzati, Fabio and Clark, Ronald and de Witt, Christian Schroeder},
  journal={arXiv preprint arXiv:2412.01928},
  year={2024}
}

@inproceedings{pan2023logic,
  title={Logic-LM: Empowering Large Language Models with Symbolic Solvers for Faithful Logical Reasoning},
  author={Pan, Liangming and Albalak, Alon and Wang, Xinyi and Wang, William},
  booktitle={Findings of the Association for Computational Linguistics: EMNLP 2023},
  pages={3806--3824},
  year={2023}
}

@inproceedings{patel2021nlp,
  title={Are NLP Models really able to Solve Simple Math Word Problems?},
  author={Patel, Arkil and Bhattamishra, Satwik and Goyal, Navin},
  booktitle={Proceedings of the 2021 Conference of the North American Chapter of the Association for Computational Linguistics: Human Language Technologies},
  pages={2080--2094},
  year={2021}
}

@article{qi2024civrealm,
  title={CivRealm: A learning and reasoning odyssey in Civilization for decision-making agents},
  author={Qi, Siyuan and Chen, Shuo and Li, Yexin and Kong, Xiangyu and Wang, Junqi and Yang, Bangcheng and Wong, Pring and Zhong, Yifan and Zhang, Xiaoyuan and Zhang, Zhaowei and others},
  journal={arXiv preprint arXiv:2401.10568},
  year={2024}
}

@inproceedings{rajani2019explain,
  title={Explain Yourself! Leveraging Language Models for Commonsense Reasoning},
  author={Rajani, Nazneen Fatema and McCann, Bryan and Xiong, Caiming and Socher, Richard},
  booktitle={Proceedings of the 57th Annual Meeting of the Association for Computational Linguistics},
  pages={4932--4942},
  year={2019}
}

@article{rao2024collaborative,
  title={Collaborative Quest Completion with LLM-driven Non-Player Characters in Minecraft},
  author={Rao, Sudha and Xu, Weijia and Xu, Michael and Leandro, Jorge and Lobb, Ken and DesGarennes, Gabriel and Brockett, Chris and Dolan, Bill},
  journal={arXiv preprint arXiv:2407.03460},
  year={2024}
}

@article{silver2017mastering,
  title={Mastering the game of go without human knowledge},
  author={Silver, David and Schrittwieser, Julian and Simonyan, Karen and Antonoglou, Ioannis and Huang, Aja and Guez, Arthur and Hubert, Thomas and Baker, Lucas and Lai, Matthew and Bolton, Adrian and others},
  journal={nature},
  volume={550},
  number={7676},
  pages={354--359},
  year={2017},
  publisher={Nature Publishing Group}
}

@inproceedings{wang2024causalbench,
  title={CausalBench: A Comprehensive Benchmark for Evaluating Causal Reasoning Capabilities of Large Language Models},
  author={Wang, Zeyu},
  booktitle={Proceedings of the 10th SIGHAN Workshop on Chinese Language Processing (SIGHAN-10)},
  pages={143--151},
  year={2024}
}

@article{xiao2024llms,
  title={LLMs May Not Be Human-Level Players, But They Can Be Testers: Measuring Game Difficulty with LLM Agents},
  author={Xiao, Chang and Yang, Brenda Z},
  journal={arXiv preprint arXiv:2410.02829},
  year={2024}
}

@article{xu2025learning,
  title={Learning Strategic Language Agents in the Werewolf Game with Iterative Latent Space Policy Optimization},
  author={Xu, Zelai and Gu, Wanjun and Yu, Chao and Wu, Yi and Wang, Yu},
  journal={arXiv preprint arXiv:2502.04686},
  year={2025}
}

@article{zhang2023creative,
  title={Creative agents: Empowering agents with imagination for creative tasks},
  author={Zhang, Chi and Cai, Penglin and Fu, Yuhui and Yuan, Haoqi and Lu, Zongqing},
  journal={arXiv preprint arXiv:2312.02519},
  year={2023}
}

@inproceedings{zhao2022multihiertt,
  title={MultiHiertt: Numerical Reasoning over Multi Hierarchical Tabular and Textual Data},
  author={Zhao, Yilun and Li, Yunxiang and Li, Chenying and Zhang, Rui},
  booktitle={Proceedings of the 60th Annual Meeting of the Association for Computational Linguistics (Volume 1: Long Papers)},
  pages={6588--6600},
  year={2022}
}

@article{zhao2023large,
  title={Large language models as commonsense knowledge for large-scale task planning},
  author={Zhao, Zirui and Lee, Wee Sun and Hsu, David},
  journal={Advances in Neural Information Processing Systems},
  volume={36},
  pages={31967--31987},
  year={2023}
}

