@article{bajaj2021robust,
  title={Robust counterfactual explanations on graph neural networks},
  author={Bajaj, Mohit and Chu, Lingyang and Xue, Zi Yu and Pei, Jian and Wang, Lanjun and Lam, Peter Cho-Ho and Zhang, Yong},
  journal={Advances in Neural Information Processing Systems},
  volume={34},
  pages={5644--5655},
  year={2021}
}

@article{chen2023d4explainer,
  title={D4explainer: In-distribution gnn explanations via discrete denoising diffusion},
  author={Chen, Jialin and Wu, Shirley and Gupta, Abhijit and Ying, Rex},
  journal={arXiv preprint arXiv:2310.19321},
  year={2023}
}

@inproceedings{kangunr,
  title={UNR-Explainer: Counterfactual Explanations for Unsupervised Node Representation Learning Models},
  author={Kang, Hyunju and Han, Geonhee and Park, Hogun},
  booktitle={The Twelfth International Conference on Learning Representations}
}

@inproceedings{liu2021multi,
  title={Multi-objective explanations of GNN predictions},
  author={Liu, Yifei and Chen, Chao and Liu, Yazheng and Zhang, Xi and Xie, Sihong},
  booktitle={2021 IEEE International Conference on Data Mining (ICDM)},
  pages={409--418},
  year={2021},
  organization={IEEE}
}

@inproceedings{lucic2022cf,
  title={Cf-gnnexplainer: Counterfactual explanations for graph neural networks},
  author={Lucic, Ana and Ter Hoeve, Maartje A and Tolomei, Gabriele and De Rijke, Maarten and Silvestri, Fabrizio},
  booktitle={International Conference on Artificial Intelligence and Statistics},
  pages={4499--4511},
  year={2022},
  organization={PMLR}
}

@article{ma2022clear,
  title={Clear: Generative counterfactual explanations on graphs},
  author={Ma, Jing and Guo, Ruocheng and Mishra, Saumitra and Zhang, Aidong and Li, Jundong},
  journal={Advances in neural information processing systems},
  volume={35},
  pages={25895--25907},
  year={2022}
}

@inproceedings{tan2022learning,
  title={Learning and evaluating graph neural network explanations based on counterfactual and factual reasoning},
  author={Tan, Juntao and Geng, Shijie and Fu, Zuohui and Ge, Yingqiang and Xu, Shuyuan and Li, Yunqi and Zhang, Yongfeng},
  booktitle={Proceedings of the ACM Web Conference 2022},
  pages={1018--1027},
  year={2022}
}

