@article{adamic2003friends,
	author = {Adamic, Lada A and Adar, Eytan},
	date-added = {2024-09-27 04:08:35 -0400},
	date-modified = {2024-09-27 04:08:35 -0400},
	journal = {Social Networks},
	title = {Friends and neighbors on the Web},
	volume = 25,
	year = 2003}

@inproceedings{geisler2023transformers,
	author = {Geisler, Simon and Li, Yujia and Mankowitz, Daniel J and Cemgil, Ali Taylan and G{\"u}nnemann, Stephan and Paduraru, Cosmin},
	booktitle = {Proc. Int. Conf. Machine Learning (ICML)},
	date-added = {2024-09-27 04:08:35 -0400},
	date-modified = {2024-09-27 04:22:33 -0400},
	pages = {11144--11172},
	title = {Transformers meet directed graphs},
	year = {2023}}

@article{hamilton2017inductive,
	author = {Hamilton, Will and Ying, Zhitao and Leskovec, Jure},
	date-added = {2024-09-27 04:08:35 -0400},
	date-modified = {2024-09-27 04:18:23 -0400},
	journal = {Advances in Neural Information Processing Systems},
	title = {Inductive representation learning on large graphs},
	volume = {30},
	year = {2017}}

@article{kipf2016semi,
	author = {Kipf, Thomas N and Welling, Max},
	date-added = {2024-09-27 04:08:35 -0400},
	date-modified = {2024-09-27 04:08:35 -0400},
	journal = {arXiv preprint arXiv:1609.02907},
	title = {Semi-supervised classification with graph convolutional networks},
	year = {2016}}

@article{li2015gated,
	author = {Li, Yujia and Tarlow, Daniel and Brockschmidt, Marc and Zemel, Richard},
	date-added = {2024-09-27 04:08:35 -0400},
	date-modified = {2024-09-27 04:08:35 -0400},
	journal = {arXiv preprint arXiv:1511.05493},
	title = {Gated graph sequence neural networks},
	year = {2015}}

@article{liben2007link,
	author = {David Liben-Nowell and Jon Kleinberg},
	date-added = {2024-09-27 04:08:35 -0400},
	date-modified = {2024-09-27 04:18:51 -0400},
	journal = {J. American Society for Information Science and Technology},
	title = {The link-prediction problem for social networks},
	year = 2007}

@article{lu2009similarity,
	author = {L\"u, Linyuan and Jin, Ci-Hang and Zhou, Tao},
	date-added = {2024-09-27 04:08:35 -0400},
	date-modified = {2024-09-27 04:08:35 -0400},
	issue = {4},
	journal = {Phys. Rev. E},
	pages = {046122},
	title = {Similarity index based on local paths for link prediction of complex networks},
	volume = {80},
	year = {2009}}

@article{ma2019spectral,
	author = {Ma, Yi and Hao, Jianye and Yang, Yaodong and Li, Han and Jin, Junqi and Chen, Guangyong},
	date-added = {2024-09-27 04:08:35 -0400},
	date-modified = {2024-09-27 04:08:35 -0400},
	journal = {arXiv preprint arXiv:1907.08990},
	title = {Spectral-based graph convolutional network for directed graphs},
	year = {2019}}

@inproceedings{monti2018motifnet,
	author = {Monti, Federico and Otness, Karl and Bronstein, Michael M},
	booktitle = {Proc. IEEE Data Science Workshop},
	date-added = {2024-09-27 04:08:35 -0400},
	date-modified = {2024-09-27 04:22:16 -0400},
	pages = {225--228},
	title = {Motifnet: a motif-based graph convolutional network for directed graphs},
	year = {2018}}

@article{newman2001clustering,
	author = {Newman, M. E. J.},
	date-added = {2024-09-27 04:08:35 -0400},
	date-modified = {2024-09-27 04:08:35 -0400},
	journal = {Physical Review E},
	title = {Clustering and preferential attachment in growing networks},
	year = 2001}

@inproceedings{ou2016asymmetric,
	author = {Ou, Mingdong and Cui, Peng and Pei, Jian and Zhang, Ziwei and Zhu, Wenwu},
	booktitle = {Proc. ACM SIGKDD Int. Conf. Knowledge Discovery and Data Mining},
	date-added = {2024-09-27 04:08:35 -0400},
	date-modified = {2024-09-27 04:13:15 -0400},
	pages = {1105--1114},
	title = {Asymmetric transitivity preserving graph embedding},
	year = {2016}}

@inproceedings{rossi2024edge,
	author = {Rossi, Emanuele and Charpentier, Bertrand and Di Giovanni, Francesco and Frasca, Fabrizio and G{\"u}nnemann, Stephan and Bronstein, Michael M},
	booktitle = {Proc. Learning on Graphs Conference},
	date-added = {2024-09-27 04:08:35 -0400},
	date-modified = {2024-09-27 04:22:38 -0400},
	pages = {25--1},
	title = {Edge directionality improves learning on heterophilic graphs},
	year = {2024}}

@inproceedings{salha2019gravity,
	author = {Salha, Guillaume and Limnios, Stratis and Hennequin, Romain and Tran, Viet-Anh and Vazirgiannis, Michalis},
	booktitle = {Proc. ACM Int. Conf. Information and Knowledge Management},
	date-added = {2024-09-27 04:08:35 -0400},
	date-modified = {2024-09-27 04:14:10 -0400},
	pages = {589--598},
	title = {Gravity-inspired graph autoencoders for directed link prediction},
	year = {2019}}

@article{socher2013reasoning,
	author = {Socher, Richard and Chen, Danqi and Manning, Christopher D and Ng, Andrew},
	date-added = {2024-09-27 04:08:35 -0400},
	date-modified = {2024-09-27 04:18:32 -0400},
	journal = {Advances in Neural Information Processing Systems},
	title = {Reasoning with neural tensor networks for knowledge base completion},
	volume = {26},
	year = {2013}}

@inproceedings{tang2015line,
	author = {Tang, Jian and Qu, Meng and Wang, Mingzhe and Zhang, Ming and Yan, Jun and Mei, Qiaozhu},
	booktitle = {Proc. Int. Conf. World Wide Web (WWW)},
	date-added = {2024-09-27 04:08:35 -0400},
	date-modified = {2024-09-27 04:15:51 -0400},
	pages = {1067--1077},
	title = {Line: Large-scale information network embedding},
	year = {2015}}

@article{tong2020digraph,
	author = {Tong, Zekun and Liang, Yuxuan and Sun, Changsheng and Li, Xinke and Rosenblum, David and Lim, Andrew},
	date-added = {2024-09-27 04:08:35 -0400},
	date-modified = {2024-09-27 04:08:35 -0400},
	journal = {Advances in neural information processing systems},
	pages = {17907--17918},
	title = {Digraph inception convolutional networks},
	volume = {33},
	year = {2020}}

@article{tong2020directed,
	author = {Tong, Zekun and Liang, Yuxuan and Sun, Changsheng and Rosenblum, David S and Lim, Andrew},
	date-added = {2024-09-27 04:08:35 -0400},
	date-modified = {2024-09-27 04:08:35 -0400},
	journal = {arXiv preprint arXiv:2004.13970},
	title = {Directed graph convolutional network},
	year = {2020}}

@article{velivckovic2017graph,
	author = {Veli{\v{c}}kovi{\'c}, Petar and Cucurull, Guillem and Casanova, Arantxa and Romero, Adriana and Lio, Pietro and Bengio, Yoshua},
	date-added = {2024-09-27 04:08:35 -0400},
	date-modified = {2024-09-27 04:08:35 -0400},
	journal = {arXiv preprint arXiv:1710.10903},
	title = {Graph attention networks},
	year = {2017}}

@article{vrvcek2022learning,
	author = {Vr{\v{c}}ek, Lovro and Bresson, Xavier and Laurent, Thomas and Schmitz, Martin and {\v{S}}iki{\'c}, Mile},
	date-added = {2024-09-27 04:08:35 -0400},
	date-modified = {2024-09-27 04:08:35 -0400},
	journal = {arXiv preprint arXiv:2206.00668},
	title = {Learning to untangle genome assembly with graph convolutional networks},
	year = {2022}}

@article{yang2014embedding,
	author = {Yang, Bishan and Yih, Wen-tau and He, Xiaodong and Gao, Jianfeng and Deng, Li},
	date-added = {2024-09-27 04:08:35 -0400},
	date-modified = {2024-09-27 04:08:35 -0400},
	journal = {arXiv preprint arXiv:1412.6575},
	title = {Embedding entities and relations for learning and inference in knowledge bases},
	year = {2014}}

@inproceedings{ying2018graph,
	author = {Ying, Rex and He, Ruining and Chen, Kaifeng and Eksombatchai, Pong and Hamilton, William L and Leskovec, Jure},
	booktitle = {Proc. ACM SIGKDD Int. Conf. Knowledge Discovery and Data Mining},
	date-added = {2024-09-27 04:08:35 -0400},
	date-modified = {2024-09-27 04:13:32 -0400},
	pages = {974--983},
	title = {Graph convolutional neural networks for web-scale recommender systems},
	year = {2018}}

@article{zhang2021magnet,
	author = {Zhang, Xitong and He, Yixuan and Brugnone, Nathan and Perlmutter, Michael and Hirn, Matthew},
	date-added = {2024-09-27 04:08:35 -0400},
	date-modified = {2024-09-27 04:08:35 -0400},
	journal = {Advances in neural information processing systems},
	pages = {27003--27015},
	title = {Magnet: A neural network for directed graphs},
	volume = {34},
	year = {2021}}

@article{zhou2009predicting,
	author = {Zhou, Tao and L{\"u}, Linyuan and Zhang, Yi-Cheng},
	date-added = {2024-09-27 04:08:35 -0400},
	date-modified = {2024-09-27 04:21:05 -0400},
	journal = {The European Physical Journal B},
	pages = {623--630},
	title = {Predicting missing links via local information},
	volume = {71},
	year = {2009}}

