@article{srinivasan2019equivalence,
  title={On the equivalence between positional node embeddings and structural graph representations},
  author={Srinivasan, Balasubramaniam and Ribeiro, Bruno},
  journal={arXiv preprint arXiv:1910.00452},
  year={2019}
}

@inproceedings{chamberlain2023graph,
    title={Graph Neural Networks for Link Prediction with Subgraph Sketching},
    author={Benjamin Paul Chamberlain and Sergey Shirobokov and Emanuele Rossi and Fabrizio Frasca and Thomas Markovich and Nils Yannick Hammerla and Michael M. Bronstein and Max Hansmire},
    booktitle={The Eleventh International Conference on Learning Representations },
    year={2023},
    url={https://openreview.net/forum?id=m1oqEOAozQU},
    pages={}
}

@article{li2020distance,
  title={Distance encoding: Design provably more powerful neural networks for graph representation learning},
  author={Li, Pan and Wang, Yanbang and Wang, Hongwei and Leskovec, Jure},
  journal={Advances in Neural Information Processing Systems},
  volume={33},
  pages={4465--4478},
  year={2020}
}

@article{zhang2018link,
  title={Link prediction based on graph neural networks},
  author={Zhang, Muhan and Chen, Yixin},
  journal={Advances in neural information processing systems},
  volume={31},
  year={2018}
}

@article{ai2022structure,
  title={Structure enhanced graph neural networks for link prediction},
  author={Ai, Baole and Qin, Zhou and Shen, Wenting and Li, Yong},
  journal={arXiv preprint arXiv:2201.05293},
  year={2022}
}

@inproceedings{zhang2024learning,
  title={Learning Scalable Structural Representations for Link Prediction with Bloom Signatures},
  author={Zhang, Tianyi and Yin, Haoteng and Wei, Rongzhe and Li, Pan and Shrivastava, Anshumali},
  booktitle={Proceedings of the ACM on Web Conference 2024},
  pages={980--991},
  year={2024}
}

@article{zhang2021labeling,
  title={Labeling trick: A theory of using graph neural networks for multi-node representation learning},
  author={Zhang, Muhan and Li, Pan and Xia, Yinglong and Wang, Kai and Jin, Long},
  journal={Advances in Neural Information Processing Systems},
  volume={34},
  pages={9061--9073},
  year={2021}
}

@inproceedings{pal2020pinnersage,
  title={Pinnersage: Multi-modal user embedding framework for recommendations at pinterest},
  author={Pal, Aditya and Eksombatchai, Chantat and Zhou, Yitong and Zhao, Bo and Rosenberg, Charles and Leskovec, Jure},
  booktitle={Proceedings of the 26th ACM SIGKDD International Conference on Knowledge Discovery \& Data Mining},
  pages={2311--2320},
  year={2020}
}

@inproceedings{trouillon2016complex,
	author = {Trouillon, Th{\'e}o and Welbl, Johannes and Riedel, Sebastian and Gaussier, {\'E}ric and Bouchard, Guillaume},
	booktitle = {Proc. Int. Conf. Machine Learning (ICML)},
	date-added = {2024-09-27 04:08:35 -0400},
	date-modified = {2024-09-27 04:22:46 -0400},
	pages = {2071--2080},
	title = {Complex embeddings for simple link prediction},
	year = {2016}}

@inproceedings{he2024pytorch,
	author = {He, Yixuan and Zhang, Xitong and Huang, Junjie and Rozemberczki, Benedek and Cucuringu, Mihai and Reinert, Gesine},
	booktitle = {Proc. Learning on Graphs Conference},
	date-added = {2024-09-27 04:08:35 -0400},
	date-modified = {2024-09-27 04:22:42 -0400},
	pages = {12--1},
	title = {Pytorch Geometric Signed Directed: A software package on graph neural networks for signed and directed graphs},
	year = {2024}}

@inproceedings{rossi2024edge,
	author = {Rossi, Emanuele and Charpentier, Bertrand and Di Giovanni, Francesco and Frasca, Fabrizio and G{\"u}nnemann, Stephan and Bronstein, Michael M},
	booktitle = {Proc. Learning on Graphs Conference},
	date-added = {2024-09-27 04:08:35 -0400},
	date-modified = {2024-09-27 04:22:38 -0400},
	pages = {25--1},
	title = {Edge directionality improves learning on heterophilic graphs},
	year = {2024}}

@inproceedings{geisler2023transformers,
	author = {Geisler, Simon and Li, Yujia and Mankowitz, Daniel J and Cemgil, Ali Taylan and G{\"u}nnemann, Stephan and Paduraru, Cosmin},
	booktitle = {Proc. Int. Conf. Machine Learning (ICML)},
	date-added = {2024-09-27 04:08:35 -0400},
	date-modified = {2024-09-27 04:22:33 -0400},
	pages = {11144--11172},
	title = {Transformers meet directed graphs},
	year = {2023}}

@inproceedings{schlichtkrull2018modeling,
	author = {Schlichtkrull, Michael and Kipf, Thomas N and Bloem, Peter and Van Den Berg, Rianne and Titov, Ivan and Welling, Max},
	booktitle = {Proc. The Semantic Web: International Conf.},
	date-added = {2024-09-27 04:08:35 -0400},
	date-modified = {2024-09-27 04:22:29 -0400},
	pages = {593--607},
	title = {Modeling relational data with graph convolutional networks},
	year = {2018}}

@inproceedings{menon2011link,
	author = {Menon, Aditya Krishna and Elkan, Charles},
	booktitle = {Proc.  European Conf. Machine Learning and Knowledge Discovery in Databases (ECML PKDD)},
	date-added = {2024-09-27 04:08:35 -0400},
	date-modified = {2024-09-27 04:22:25 -0400},
	pages = {437--452},
	title = {Link prediction via matrix factorization},
	year = {2011}}

@inproceedings{acar2009link,
	author = {Acar, Evrim and Dunlavy, Daniel M and Kolda, Tamara G},
	booktitle = {Proc. IEEE Int. Conf. Data Mining (ICDM) Workshops},
	date-added = {2024-09-27 04:08:35 -0400},
	date-modified = {2024-09-27 04:22:20 -0400},
	pages = {262--269},
	title = {Link prediction on evolving data using matrix and tensor factorizations},
	year = {2009}}

@inproceedings{monti2018motifnet,
	author = {Monti, Federico and Otness, Karl and Bronstein, Michael M},
	booktitle = {Proc. IEEE Data Science Workshop},
	date-added = {2024-09-27 04:08:35 -0400},
	date-modified = {2024-09-27 04:22:16 -0400},
	pages = {225--228},
	title = {Motifnet: a motif-based graph convolutional network for directed graphs},
	year = {2018}}

@inproceedings{wang2007local,
	author = {Wang, Chao and Satuluri, Venu and Parthasarathy, Srinivasan},
	booktitle = {Proc. IEEE Int. Conf. Data Mining (ICDM)},
	date-added = {2024-09-27 04:08:35 -0400},
	date-modified = {2024-09-27 04:22:12 -0400},
	pages = {322--331},
	title = {Local probabilistic models for link prediction},
	year = {2007}}

@article{zhang2022efraudcom,
	author = {Zhang, Ge and Li, Zhao and Huang, Jiaming and Wu, Jia and Zhou, Chuan and Yang, Jian and Gao, Jianliang},
	date-added = {2024-09-27 04:08:35 -0400},
	date-modified = {2024-09-27 04:08:35 -0400},
	journal = {ACM Trans. Information Systems (TOIS)},
	number = {3},
	pages = {1--29},
	title = {efraudcom: An e-commerce fraud detection system via competitive graph neural networks},
	volume = {40},
	year = {2022}}

@article{socher2013reasoning,
	author = {Socher, Richard and Chen, Danqi and Manning, Christopher D and Ng, Andrew},
	date-added = {2024-09-27 04:08:35 -0400},
	date-modified = {2024-09-27 04:18:32 -0400},
	journal = {Advances in Neural Information Processing Systems},
	title = {Reasoning with neural tensor networks for knowledge base completion},
	volume = {26},
	year = {2013}}

@article{hamilton2017inductive,
	author = {Hamilton, Will and Ying, Zhitao and Leskovec, Jure},
	date-added = {2024-09-27 04:08:35 -0400},
	date-modified = {2024-09-27 04:18:23 -0400},
	journal = {Advances in Neural Information Processing Systems},
	title = {Inductive representation learning on large graphs},
	volume = {30},
	year = {2017}}

@article{kazemi2018simple,
	author = {Kazemi, Seyed Mehran and Poole, David},
	date-added = {2024-09-27 04:08:35 -0400},
	date-modified = {2024-09-27 04:18:37 -0400},
	journal = {Advances in Neural Information Processing Systems},
	title = {Simple embedding for link prediction in knowledge graphs},
	volume = {31},
	year = {2018}}

@article{maron2019provably,
	author = {Maron, Haggai and Ben-Hamu, Heli and Serviansky, Hadar and Lipman, Yaron},
	date-added = {2024-09-27 04:08:35 -0400},
	date-modified = {2024-09-27 04:18:20 -0400},
	journal = {Advances in Neural Information Processing Systems},
	title = {Provably powerful graph networks},
	volume = {32},
	year = {2019}}

@article{tong2020digraph,
	author = {Tong, Zekun and Liang, Yuxuan and Sun, Changsheng and Li, Xinke and Rosenblum, David and Lim, Andrew},
	date-added = {2024-09-27 04:08:35 -0400},
	date-modified = {2024-09-27 04:08:35 -0400},
	journal = {Advances in neural information processing systems},
	pages = {17907--17918},
	title = {Digraph inception convolutional networks},
	volume = {33},
	year = {2020}}

@article{zhang2021magnet,
	author = {Zhang, Xitong and He, Yixuan and Brugnone, Nathan and Perlmutter, Michael and Hirn, Matthew},
	date-added = {2024-09-27 04:08:35 -0400},
	date-modified = {2024-09-27 04:08:35 -0400},
	journal = {Advances in neural information processing systems},
	pages = {27003--27015},
	title = {Magnet: A neural network for directed graphs},
	volume = {34},
	year = {2021}}

@article{yang2014embedding,
	author = {Yang, Bishan and Yih, Wen-tau and He, Xiaodong and Gao, Jianfeng and Deng, Li},
	date-added = {2024-09-27 04:08:35 -0400},
	date-modified = {2024-09-27 04:08:35 -0400},
	journal = {arXiv preprint arXiv:1412.6575},
	title = {Embedding entities and relations for learning and inference in knowledge bases},
	year = {2014}}

@article{li2015gated,
	author = {Li, Yujia and Tarlow, Daniel and Brockschmidt, Marc and Zemel, Richard},
	date-added = {2024-09-27 04:08:35 -0400},
	date-modified = {2024-09-27 04:08:35 -0400},
	journal = {arXiv preprint arXiv:1511.05493},
	title = {Gated graph sequence neural networks},
	year = {2015}}

@article{kipf2016semi,
	author = {Kipf, Thomas N and Welling, Max},
	date-added = {2024-09-27 04:08:35 -0400},
	date-modified = {2024-09-27 04:08:35 -0400},
	journal = {arXiv preprint arXiv:1609.02907},
	title = {Semi-supervised classification with graph convolutional networks},
	year = {2016}}

@article{velivckovic2017graph,
	author = {Veli{\v{c}}kovi{\'c}, Petar and Cucurull, Guillem and Casanova, Arantxa and Romero, Adriana and Lio, Pietro and Bengio, Yoshua},
	date-added = {2024-09-27 04:08:35 -0400},
	date-modified = {2024-09-27 04:08:35 -0400},
	journal = {arXiv preprint arXiv:1710.10903},
	title = {Graph attention networks},
	year = {2017}}

@article{xu2018powerful,
	author = {Xu, Keyulu and Hu, Weihua and Leskovec, Jure and Jegelka, Stefanie},
	date-added = {2024-09-27 04:08:35 -0400},
	date-modified = {2024-09-27 04:08:35 -0400},
	journal = {arXiv preprint arXiv:1810.00826},
	title = {How powerful are graph neural networks?},
	year = {2018}}

@article{ma2019spectral,
	author = {Ma, Yi and Hao, Jianye and Yang, Yaodong and Li, Han and Jin, Junqi and Chen, Guangyong},
	date-added = {2024-09-27 04:08:35 -0400},
	date-modified = {2024-09-27 04:08:35 -0400},
	journal = {arXiv preprint arXiv:1907.08990},
	title = {Spectral-based graph convolutional network for directed graphs},
	year = {2019}}

@article{tong2020directed,
	author = {Tong, Zekun and Liang, Yuxuan and Sun, Changsheng and Rosenblum, David S and Lim, Andrew},
	date-added = {2024-09-27 04:08:35 -0400},
	date-modified = {2024-09-27 04:08:35 -0400},
	journal = {arXiv preprint arXiv:2004.13970},
	title = {Directed graph convolutional network},
	year = {2020}}

@article{vrvcek2022learning,
	author = {Vr{\v{c}}ek, Lovro and Bresson, Xavier and Laurent, Thomas and Schmitz, Martin and {\v{S}}iki{\'c}, Mile},
	date-added = {2024-09-27 04:08:35 -0400},
	date-modified = {2024-09-27 04:08:35 -0400},
	journal = {arXiv preprint arXiv:2206.00668},
	title = {Learning to untangle genome assembly with graph convolutional networks},
	year = {2022}}

@article{chamberlain2022graph,
	author = {Chamberlain, Benjamin Paul and Shirobokov, Sergey and Rossi, Emanuele and Frasca, Fabrizio and Markovich, Thomas and Hammerla, Nils and Bronstein, Michael M and Hansmire, Max},
	date-added = {2024-09-27 04:08:35 -0400},
	date-modified = {2024-09-27 04:08:35 -0400},
	journal = {arXiv preprint arXiv:2209.15486},
	title = {Graph neural networks for link prediction with subgraph sketching},
	year = {2022}}

@article{ghorbanzadeh2021hybrid,
	author = {Ghorbanzadeh, Hossien and Sheikhahmadi, Amir and Jalili, Mahdi and Sulaimany, Sadegh},
	date-added = {2024-09-27 04:08:35 -0400},
	date-modified = {2024-09-27 04:20:45 -0400},
	journal = {Expert Systems with Applications},
	pages = {113896},
	title = {A hybrid method of link prediction in directed graphs},
	volume = {165},
	year = {2021}}

@article{li2020link,
	author = {Li, Jinsong and Peng, Jianhua and Liu, Shuxin and Ji, Xinsheng and Li, Xing and Hu, Xinxin},
	date-added = {2024-09-27 04:08:35 -0400},
	date-modified = {2024-09-27 04:20:40 -0400},
	journal = {IEEE Access},
	pages = {28668--28680},
	title = {Link prediction in directed networks utilizing the role of reciprocal links},
	volume = {8},
	year = {2020}}

@article{liben2007link,
	author = {David Liben-Nowell and Jon Kleinberg},
	date-added = {2024-09-27 04:08:35 -0400},
	date-modified = {2024-09-27 04:18:51 -0400},
	journal = {J. American Society for Information Science and Technology},
	title = {The link-prediction problem for social networks},
	year = 2007}

@article{holland1981exponential,
	author = {Holland, Paul W and Leinhardt, Samuel},
	date-added = {2024-09-27 04:08:35 -0400},
	date-modified = {2024-09-27 04:20:35 -0400},
	journal = {J. American Statistical Association},
	number = {373},
	pages = {62--65},
	title = {An exponential family of probability distributions for directed graphs: Rejoinder},
	volume = {76},
	year = {1981}}

@article{rozemberczki2021multiscale,
	author = {Rozemberczki, Benedek and Allen, Carl and Sarkar, Rik},
	date-added = {2024-09-27 04:08:35 -0400},
	date-modified = {2024-09-27 04:08:44 -0400},
	journal = {J. Complex Networks},
	number = {2},
	title = {Multi-Scale attributed node embedding},
	volume = {9},
	year = {2021}}

@article{clauset2008hierarchical,
	author = {Clauset, Aaron and Moore, Cristopher and Newman, Mark EJ},
	date-added = {2024-09-27 04:08:35 -0400},
	date-modified = {2024-09-27 04:20:30 -0400},
	journal = {Nature},
	number = {7191},
	pages = {98--101},
	title = {Hierarchical structure and the prediction of missing links in networks},
	volume = {453},
	year = {2008}}

@article{wang2016perturbation,
	author = {Wang, Wenjun and Cai, Fei and Jiao, Pengfei and Pan, Lin},
	date-added = {2024-09-27 04:08:35 -0400},
	date-modified = {2024-09-27 04:19:28 -0400},
	journal = {Nature},
	number = {1},
	pages = {38938},
	title = {A perturbation-based framework for link prediction via non-negative matrix factorization},
	volume = {6},
	year = {2016}}

@article{lu2009similarity,
	author = {L\"u, Linyuan and Jin, Ci-Hang and Zhou, Tao},
	date-added = {2024-09-27 04:08:35 -0400},
	date-modified = {2024-09-27 04:08:35 -0400},
	issue = {4},
	journal = {Phys. Rev. E},
	pages = {046122},
	title = {Similarity index based on local paths for link prediction of complex networks},
	volume = {80},
	year = {2009}}

@article{newman2001clustering,
	author = {Newman, M. E. J.},
	date-added = {2024-09-27 04:08:35 -0400},
	date-modified = {2024-09-27 04:08:35 -0400},
	journal = {Physical Review E},
	title = {Clustering and preferential attachment in growing networks},
	year = 2001}

@article{chen2017link,
	author = {Chen, Bolun and Li, Fenfen and Chen, Senbo and Hu, Ronglin and Chen, Ling},
	date-added = {2024-09-27 04:08:35 -0400},
	date-modified = {2024-09-27 04:20:51 -0400},
	journal = {PloS one},
	number = {8},
	title = {Link prediction based on non-negative matrix factorization},
	volume = {12},
	year = {2017}}

@article{guimera2009missing,
	author = {Guimer{\`a}, Roger and Sales-Pardo, Marta},
	date-added = {2024-09-27 04:08:35 -0400},
	date-modified = {2024-09-27 04:20:56 -0400},
	journal = {Proceedings of the National Academy of Sciences},
	number = {52},
	pages = {22073--22078},
	title = {Missing and spurious interactions and the reconstruction of complex networks},
	volume = {106},
	year = {2009}}

@article{adamic2003friends,
	author = {Adamic, Lada A and Adar, Eytan},
	date-added = {2024-09-27 04:08:35 -0400},
	date-modified = {2024-09-27 04:08:35 -0400},
	journal = {Social Networks},
	title = {Friends and neighbors on the Web},
	volume = 25,
	year = 2003}

@article{zhou2009predicting,
	author = {Zhou, Tao and L{\"u}, Linyuan and Zhang, Yi-Cheng},
	date-added = {2024-09-27 04:08:35 -0400},
	date-modified = {2024-09-27 04:21:05 -0400},
	journal = {The European Physical Journal B},
	pages = {623--630},
	title = {Predicting missing links via local information},
	volume = {71},
	year = {2009}}

@article{ozmen2024recent,
    author  = {Muberra Ozmen and Thomas Markovich},
    title   = {Recent Link Classification on Temporal Graphs Using Graph Profiler},
    journal = {Transactions on Machine Learning Research (TMLR)},
    year    = {2024},
    url     = {openreview.net/pdf?id=BTgHh0gSSc}
}

@article{ozmen2024benchmarking,
    author  = {Muberra Ozmen and and Florence Regol and Thomas Markovich},
    title   = {Benchmarking Edge Regression on Temporal Networks},
    journal = {J. Data-centric Machine Learning Research (DMLR)},
    year    = {2024},
    url     = {openreview.net/pdf?id=4k4cocpuSw}
}

@inproceedings{perozzi2014deepwalk,
	author = {Perozzi, Bryan and Al-Rfou, Rami and Skiena, Steven},
	booktitle = {Proc. ACM SIGKDD Int. Conf. Knowledge Discovery and Data Mining},
	date-added = {2024-09-27 04:08:35 -0400},
	date-modified = {2024-09-27 04:13:22 -0400},
	pages = {701--710},
	title = {Deepwalk: Online learning of social representations},
	year = {2014}}

@inproceedings{tang2015line,
	author = {Tang, Jian and Qu, Meng and Wang, Mingzhe and Zhang, Ming and Yan, Jun and Mei, Qiaozhu},
	booktitle = {Proc. Int. Conf. World Wide Web (WWW)},
	date-added = {2024-09-27 04:08:35 -0400},
	date-modified = {2024-09-27 04:15:51 -0400},
	pages = {1067--1077},
	title = {Line: Large-scale information network embedding},
	year = {2015}}

@inproceedings{ou2016asymmetric,
	author = {Ou, Mingdong and Cui, Peng and Pei, Jian and Zhang, Ziwei and Zhu, Wenwu},
	booktitle = {Proc. ACM SIGKDD Int. Conf. Knowledge Discovery and Data Mining},
	date-added = {2024-09-27 04:08:35 -0400},
	date-modified = {2024-09-27 04:13:15 -0400},
	pages = {1105--1114},
	title = {Asymmetric transitivity preserving graph embedding},
	year = {2016}}

@inproceedings{yang2016revisiting,
	author = {Yang, Zhilin and Cohen, William W. and Salakhutdinov, Ruslan},
	booktitle = {Proc. Int. Conf. Machine Learning (ICML)},
	date-added = {2024-09-27 04:08:35 -0400},
	date-modified = {2024-09-27 04:08:35 -0400},
	title = {Revisiting semi-supervised learning with graph embeddings},
	year = {2016}, 
        }

@inproceedings{cao2018link,
	author = {Cao, Zhu and Wang, Linlin and De Melo, Gerard},
	booktitle = {Proc. AAAI Conf. Artificial Intelligence},
	date-added = {2024-09-27 04:08:35 -0400},
	date-modified = {2024-09-27 04:12:59 -0400},
	title = {Link prediction via subgraph embedding-based convex matrix completion},
	year = {2018},
        }

@inproceedings{ying2018graph,
	author = {Ying, Rex and He, Ruining and Chen, Kaifeng and Eksombatchai, Pong and Hamilton, William L and Leskovec, Jure},
	booktitle = {Proc. ACM SIGKDD Int. Conf. Knowledge Discovery and Data Mining},
	date-added = {2024-09-27 04:08:35 -0400},
	date-modified = {2024-09-27 04:13:32 -0400},
	pages = {974--983},
	title = {Graph convolutional neural networks for web-scale recommender systems},
	year = {2018}}

@inproceedings{akiba2019optuna,
	author = {Akiba, Takuya and Sano, Shotaro and Yanase, Toshihiko and Ohta, Takeru and Koyama, Masanori},
	booktitle = {Proc. ACM SIGKDD Int. Conf. Knowledge Discovery and Data Mining},
	date-added = {2024-09-27 04:08:35 -0400},
	date-modified = {2024-09-27 04:12:28 -0400},
	pages = {2623--2631},
	title = {Optuna: A next-generation hyperparameter optimization framework},
	year = {2019}}

@inproceedings{salha2019gravity,
	author = {Salha, Guillaume and Limnios, Stratis and Hennequin, Romain and Tran, Viet-Anh and Vazirgiannis, Michalis},
	booktitle = {Proc. ACM Int. Conf. Information and Knowledge Management},
	date-added = {2024-09-27 04:08:35 -0400},
	date-modified = {2024-09-27 04:14:10 -0400},
	pages = {589--598},
	title = {Gravity-inspired graph autoencoders for directed link prediction},
	year = {2019}}

@inproceedings{liu2020alleviating,
	author = {Liu, Zhiwei and Dou, Yingtong and Yu, Philip S and Deng, Yutong and Peng, Hao},
	booktitle = {Proc. Int. ACM SIGIR Conf. Research and Development in Information Retrieval},
	date-added = {2024-09-27 04:08:35 -0400},
	date-modified = {2024-09-27 04:08:35 -0400},
	pages = {1569--1572},
	title = {Alleviating the inconsistency problem of applying graph neural network to fraud detection},
	year = {2020}}

@inproceedings{mernyei2020wikics,
	author = {P{\'e}ter Mernyei and C{\u a}t{\u a}lina Cangea},
	booktitle = {Proc. ICML Graph Representation Learning and Beyond workshop},
	date-added = {2024-09-27 04:08:35 -0400},
	date-modified = {2024-09-27 04:14:44 -0400},
	title = {Wiki-CS: A Wikipedia-Based Benchmark for Graph Neural Networks},
	year = {2020},
        }

@inproceedings{el2022twhin,
	author = {El-Kishky, Ahmed and Markovich, Thomas and Park, Serim and Verma, Chetan and Kim, Baekjin and Eskander, Ramy and Malkov, Yury and Portman, Frank and Samaniego, Sof{\'\i}a and Xiao, Ying and others},
	booktitle = {Proc. ACM SIGKDD Int. Conf. Knowledge Discovery and Data Mining},
	date-added = {2024-09-27 04:08:35 -0400},
	date-modified = {2024-09-27 04:08:35 -0400},
	pages = {2842--2850},
	title = {Twhin: Embedding the twitter heterogeneous information network for personalized recommendation},
	year = {2022}}

@inproceedings{he2022digrac,
	author = {He, Yixuan and Reinert, Gesine and Cucuringu, Mihai},
	booktitle = {Proc. Learning on Graphs Conference},
	date-added = {2024-09-27 04:08:35 -0400},
	date-modified = {2024-09-27 04:08:35 -0400},
	pages = {21:1--21:43},
	title = {DIGRAC: Digraph Clustering Based on Flow Imbalance},
	year = {2022}}

@inproceedings{wang2023structure,
	author = {Wang, Yuening and Zhang, Yingxue and Valkanas, Antonios and Tang, Ruiming and Ma, Chen and Hao, Jianye and Coates, Mark},
	booktitle = {Proc. AAAI Conf. Artificial Intelligence},
	date-added = {2024-09-27 04:08:35 -0400},
	date-modified = {2024-09-27 04:08:35 -0400},
	title = {Structure aware incremental learning with personalized imitation weights for recommender systems},
	year = {2023},
        }
