@article{aithal2024understanding,
  title={Understanding Hallucinations in Diffusion Models through Mode Interpolation},
  author={Aithal, Sumukh K and Maini, Pratyush and Lipton, Zachary C and Kolter, J Zico},
  journal={arXiv preprint arXiv:2406.09358},
  year={2024}
}

@inproceedings{deschenauxgoing,
  title={Going beyond Compositions, DDPMs Can Produce Zero-Shot Interpolations},
  author={Deschenaux, Justin and Krawczuk, Igor and Chrysos, Grigorios and Cevher, Volkan},
  booktitle={Forty-first International Conference on Machine Learning},
year={2024}
}

@article{feng2022training,
  title={Training-free structured diffusion guidance for compositional text-to-image synthesis},
  author={Feng, Weixi and He, Xuehai and Fu, Tsu-Jui and Jampani, Varun and Akula, Arjun and Narayana, Pradyumna and Basu, Sugato and Wang, Xin Eric and Wang, William Yang},
  journal={arXiv preprint arXiv:2212.05032},
  year={2022}
}

@article{fu2024enhancing,
  title={Enhancing semantic mapping in text-to-image diffusion via Gather-and-Bind},
  author={Fu, Huan and Cheng, Guoqing},
  journal={Computers \& Graphics},
  volume={125},
  pages={104118},
  year={2024},
  publisher={Elsevier}
}

@article{gokhale2022benchmarking,
  title={Benchmarking spatial relationships in text-to-image generation},
  author={Gokhale, Tejas and Palangi, Hamid and Nushi, Besmira and Vineet, Vibhav and Horvitz, Eric and Kamar, Ece and Baral, Chitta and Yang, Yezhou},
  journal={arXiv preprint arXiv:2212.10015},
  year={2022}
}

@article{gong2022diffuseq,
  title={Diffuseq: Sequence to sequence text generation with diffusion models},
  author={Gong, Shansan and Li, Mukai and Feng, Jiangtao and Wu, Zhiyong and Kong, LingPeng},
  journal={arXiv preprint arXiv:2210.08933},
  year={2022}
}

@inproceedings{li2024sd4match,
  title={Sd4match: Learning to prompt stable diffusion model for semantic matching},
  author={Li, Xinghui and Lu, Jingyi and Han, Kai and Prisacariu, Victor Adrian},
  booktitle={Proceedings of the IEEE/CVF Conference on Computer Vision and Pattern Recognition},
  pages={27558--27568},
  year={2024}
}

@article{lim2024addressing,
  title={Addressing image hallucination in text-to-image generation through factual image retrieval},
  author={Lim, Youngsun and Shim, Hyunjung},
  journal={arXiv preprint arXiv:2407.10683},
  year={2024}
}

@inproceedings{liu2022compositional,
  title={Compositional visual generation with composable diffusion models},
  author={Liu, Nan and Li, Shuang and Du, Yilun and Torralba, Antonio and Tenenbaum, Joshua B},
  booktitle={European Conference on Computer Vision},
  pages={423--439},
  year={2022},
  organization={Springer}
}

@article{liu2023discovering,
  title={Discovering Failure Modes of Text-guided Diffusion Models via Adversarial Search},
  author={Liu, Qihao and Kortylewski, Adam and Bai, Yutong and Bai, Song and Yuille, Alan},
  journal={arXiv preprint arXiv:2306.00974},
  year={2023}
}

@inproceedings{mahajan2024prompting,
  title={Prompting Hard or Hardly Prompting: Prompt Inversion for Text-to-Image Diffusion Models},
  author={Mahajan, Shweta and Rahman, Tanzila and Yi, Kwang Moo and Sigal, Leonid},
  booktitle={Proceedings of the IEEE/CVF Conference on Computer Vision and Pattern Recognition},
  pages={6808--6817},
  year={2024}
}

@article{marioriyad2024diffusion,
  title={Diffusion Beats Autoregressive: An Evaluation of Compositional Generation in Text-to-Image Models},
  author={Marioriyad, Arash and Rezaei, Parham and Baghshah, Mahdieh Soleymani and Rohban, Mohammad Hossein},
  journal={arXiv preprint arXiv:2410.22775},
  year={2024}
}

@article{okawa2024compositional,
  title={Compositional abilities emerge multiplicatively: Exploring diffusion models on a synthetic task},
  author={Okawa, Maya and Lubana, Ekdeep S and Dick, Robert and Tanaka, Hidenori},
  journal={Advances in Neural Information Processing Systems},
  volume={36},
  year={2024}
}

@article{pelykh2024giving,
  title={Giving a Hand to Diffusion Models: a Two-Stage Approach to Improving Conditional Human Image Generation},
  author={Pelykh, Anton and Sincan, Ozge Mercanoglu and Bowden, Richard},
  journal={arXiv preprint arXiv:2403.10731},
  year={2024}
}

@inproceedings{samuel2024generating,
  title={Generating images of rare concepts using pre-trained diffusion models},
  author={Samuel, Dvir and Ben-Ari, Rami and Raviv, Simon and Darshan, Nir and Chechik, Gal},
  booktitle={Proceedings of the AAAI Conference on Artificial Intelligence},
  volume={38},
  number={5},
  pages={4695--4703},
  year={2024}
}

@article{tang2023can,
  title={Can Diffusion Model Achieve Better Performance in Text Generation? Bridging the Gap between Training and Inference!},
  author={Tang, Zecheng and Wang, Pinzheng and Zhou, Keyan and Li, Juntao and Cao, Ziqiang and Zhang, Min},
  journal={arXiv preprint arXiv:2305.04465},
  year={2023}
}

@article{wangdiffusion,
  title={Do diffusion models generalize on abstract rules for reasoning?},
  author={Wang, Binxu and Shang, Jiaqi and Sompolinsky, Haim},
  year={2024}
}

@article{wiedemer2024compositional,
  title={Compositional generalization from first principles},
  author={Wiedemer, Thadd{\"a}us and Mayilvahanan, Prasanna and Bethge, Matthias and Brendel, Wieland},
  journal={Advances in Neural Information Processing Systems},
  volume={36},
  year={2024}
}

@article{xu2024energy,
  title={Energy-Based Diffusion Language Models for Text Generation},
  author={Xu, Minkai and Geffner, Tomas and Kreis, Karsten and Nie, Weili and Xu, Yilun and Leskovec, Jure and Ermon, Stefano and Vahdat, Arash},
  journal={arXiv preprint arXiv:2410.21357},
  year={2024}
}

@inproceedings{ye2023diffusion,
  title={Diffusion-guided reconstruction of everyday hand-object interaction clips},
  author={Ye, Yufei and Hebbar, Poorvi and Gupta, Abhinav and Tulsiani, Shubham},
  booktitle={Proceedings of the IEEE/CVF International Conference on Computer Vision},
  pages={19717--19728},
  year={2023}
}

