@article{liu2023discovering,
  title={Discovering Failure Modes of Text-guided Diffusion Models via Adversarial Search},
  author={Liu, Qihao and Kortylewski, Adam and Bai, Yutong and Bai, Song and Yuille, Alan},
  journal={arXiv preprint arXiv:2306.00974},
  year={2023}
}
@inproceedings{lu2024benign,
  title={Benign Oscillation of Stochastic Gradient Descent with Large Learning Rate},
  author={Lu, Miao and Wu, Beining and Yang, Xiaodong and Zou, Difan},
  booktitle={The Twelfth International Conference on Learning Representations},
    year={2024}

}
@inproceedings{zou2023benefits,
  title={The benefits of mixup for feature learning},
  author={Zou, Difan and Cao, Yuan and Li, Yuanzhi and Gu, Quanquan},
  booktitle={International Conference on Machine Learning},
  pages={43423--43479},
  year={2023},
  organization={PMLR}
}
@article{feng2022training,
  title={Training-free structured diffusion guidance for compositional text-to-image synthesis},
  author={Feng, Weixi and He, Xuehai and Fu, Tsu-Jui and Jampani, Varun and Akula, Arjun and Narayana, Pradyumna and Basu, Sugato and Wang, Xin Eric and Wang, William Yang},
  journal={arXiv preprint arXiv:2212.05032},
  year={2022}
}

@article{lim2024addressing,
  title={Addressing image hallucination in text-to-image generation through factual image retrieval},
  author={Lim, Youngsun and Shim, Hyunjung},
  journal={arXiv preprint arXiv:2407.10683},
  year={2024}
}

@article{borji2023qualitative,
  title={Qualitative failures of image generation models and their application in detecting deepfakes},
  author={Borji, Ali},
  journal={Image and Vision Computing},
  volume={137},
  pages={104771},
  year={2023},
  publisher={Elsevier}
}

@article{um2023don,
  title={Don't play favorites: Minority guidance for diffusion models},
  author={Um, Soobin and Lee, Suhyeon and Ye, Jong Chul},
  journal={arXiv preprint arXiv:2301.12334},
  year={2023}
}

@inproceedings{sehwag2022generating,
  title={Generating high fidelity data from low-density regions using diffusion models},
  author={Sehwag, Vikash and Hazirbas, Caner and Gordo, Albert and Ozgenel, Firat and Canton, Cristian},
  booktitle={Proceedings of the IEEE/CVF Conference on Computer Vision and Pattern Recognition},
  pages={11492--11501},
  year={2022}
}

@inproceedings{lee2023exploring,
  title={Exploring chemical space with score-based out-of-distribution generation},
  author={Lee, Seul and Jo, Jaehyeong and Hwang, Sung Ju},
  booktitle={International Conference on Machine Learning},
  pages={18872--18892},
  year={2023},
  organization={PMLR}
}

@inproceedings{qin2023class,
  title={Class-balancing diffusion models},
  author={Qin, Yiming and Zheng, Huangjie and Yao, Jiangchao and Zhou, Mingyuan and Zhang, Ya},
  booktitle={Proceedings of the IEEE/CVF Conference on Computer Vision and Pattern Recognition},
  pages={18434--18443},
  year={2023}
}

@article{aithal2024understanding,
  title={Understanding Hallucinations in Diffusion Models through Mode Interpolation},
  author={Aithal, Sumukh K and Maini, Pratyush and Lipton, Zachary C and Kolter, J Zico},
  journal={arXiv preprint arXiv:2406.09358},
  year={2024}
}

@inproceedings{deschenauxgoing,
  title={Going beyond Compositions, DDPMs Can Produce Zero-Shot Interpolations},
  author={Deschenaux, Justin and Krawczuk, Igor and Chrysos, Grigorios and Cevher, Volkan},
  booktitle={Forty-first International Conference on Machine Learning},
year={2024}
}

@article{wiedemer2024compositional,
  title={Compositional generalization from first principles},
  author={Wiedemer, Thadd{\"a}us and Mayilvahanan, Prasanna and Bethge, Matthias and Brendel, Wieland},
  journal={Advances in Neural Information Processing Systems},
  volume={36},
  year={2024}
}

@inproceedings{rombach2022high,
  title={High-resolution image synthesis with latent diffusion models},
  author={Rombach, Robin and Blattmann, Andreas and Lorenz, Dominik and Esser, Patrick and Ommer, Bj{\"o}rn},
  booktitle={Proceedings of the IEEE/CVF conference on computer vision and pattern recognition},
  pages={10684--10695},
  year={2022}
}

@article{podell2023sdxl,
  title={Sdxl: Improving latent diffusion models for high-resolution image synthesis},
  author={Podell, Dustin and English, Zion and Lacey, Kyle and Blattmann, Andreas and Dockhorn, Tim and M{\"u}ller, Jonas and Penna, Joe and Rombach, Robin},
  journal={arXiv preprint arXiv:2307.01952},
  year={2023}
}

@misc{flux2023,
    author={Black Forest Labs},
    title={FLUX},
    year={2023},
    howpublished={\url{https://github.com/black-forest-labs/flux}},
}

@article{betker2023improving,
  title={Improving image generation with better captions},
  author={Betker, James and Goh, Gabriel and Jing, Li and Brooks, Tim and Wang, Jianfeng and Li, Linjie and Ouyang, Long and Zhuang, Juntang and Lee, Joyce and Guo, Yufei and others},
  journal={Computer Science. https://cdn. openai. com/papers/dall-e-3. pdf},
  volume={2},
  number={3},
  pages={8},
  year={2023}
}

@article{ho2020denoising,
  title={Denoising diffusion probabilistic models},
  author={Ho, Jonathan and Jain, Ajay and Abbeel, Pieter},
  journal={Advances in neural information processing systems},
  volume={33},
  pages={6840--6851},
  year={2020}
}

@inproceedings{ronneberger2015u,
  title={U-net: Convolutional networks for biomedical image segmentation},
  author={Ronneberger, Olaf and Fischer, Philipp and Brox, Thomas},
  booktitle={Medical image computing and computer-assisted intervention--MICCAI 2015: 18th international conference, Munich, Germany, October 5-9, 2015, proceedings, part III 18},
  pages={234--241},
  year={2015},
  organization={Springer}
}

@inproceedings{peebles2023scalable,
  title={Scalable diffusion models with transformers},
  author={Peebles, William and Xie, Saining},
  booktitle={Proceedings of the IEEE/CVF International Conference on Computer Vision},
  pages={4195--4205},
  year={2023}
}

@article{ma2024sit,
  title={Sit: Exploring flow and diffusion-based generative models with scalable interpolant transformers},
  author={Ma, Nanye and Goldstein, Mark and Albergo, Michael S and Boffi, Nicholas M and Vanden-Eijnden, Eric and Xie, Saining},
  journal={arXiv preprint arXiv:2401.08740},
  year={2024}
}

@inproceedings{chen2023improved,
  title={Improved analysis of score-based generative modeling: User-friendly bounds under minimal smoothness assumptions},
  author={Chen, Hongrui and Lee, Holden and Lu, Jianfeng},
  booktitle={International Conference on Machine Learning},
  pages={4735--4763},
  year={2023},
  organization={PMLR}
}

@article{benton2024nearly,
  title={Nearly d-linear convergence bounds for diffusion models via stochastic localization},
  author={Benton, Joe and Bortoli, VD and Doucet, Arnaud and Deligiannidis, George},
  year={2024},
  publisher={OpenReview}
}

@article{chen2022sampling,
  title={Sampling is as easy as learning the score: theory for diffusion models with minimal data assumptions},
  author={Chen, Sitan and Chewi, Sinho and Li, Jerry and Li, Yuanzhi and Salim, Adil and Zhang, Anru R},
  journal={arXiv preprint arXiv:2209.11215},
  year={2022}
}

@article{okawa2024compositional,
  title={Compositional abilities emerge multiplicatively: Exploring diffusion models on a synthetic task},
  author={Okawa, Maya and Lubana, Ekdeep S and Dick, Robert and Tanaka, Hidenori},
  journal={Advances in Neural Information Processing Systems},
  volume={36},
  year={2024}
}

@article{kang2024far,
  title={How far is video generation from world model: A physical law perspective},
  author={Kang, Bingyi and Yue, Yang and Lu, Rui and Lin, Zhijie and Zhao, Yang and Wang, Kaixin and Huang, Gao and Feng, Jiashi},
  journal={arXiv preprint arXiv:2411.02385},
  year={2024}
}

@article{dhariwal2021diffusion,
  title={Diffusion models beat gans on image synthesis},
  author={Dhariwal, Prafulla and Nichol, Alexander},
  journal={Advances in neural information processing systems},
  volume={34},
  pages={8780--8794},
  year={2021}
}

@article{sohn2016improved,
  title={Improved deep metric learning with multi-class n-pair loss objective},
  author={Sohn, Kihyuk},
  journal={Advances in neural information processing systems},
  volume={29},
  year={2016}
}



@article{cao2022benign,
  title={Benign overfitting in two-layer convolutional neural networks},
  author={Cao, Yuan and Chen, Zixiang and Belkin, Misha and Gu, Quanquan},
  journal={Advances in Neural Information Processing Systems},
  volume={35},
  pages={25237--25250},
  year={2022}
}



@article{han2024feature,
  title={On the Feature Learning in Diffusion Models},
  author={Han, Andi and Huang, Wei and Cao, Yuan and Zou, Difan},
  journal={arXiv preprint arXiv:2412.01021},
  year={2024}
}



@article{shah2023learning,
  title={Learning mixtures of gaussians using the DDPM objective},
  author={Shah, Kulin and Chen, Sitan and Klivans, Adam},
  journal={Advances in Neural Information Processing Systems},
  volume={36},
  pages={19636--19649},
  year={2023}
}

@inproceedings{
anonymous2025towards,
title={Towards Understanding Text Hallucination of Diffusion Models via Local Generation Bias},
author={Anonymous},
booktitle={The Thirteenth International Conference on Learning Representations},
year={2025},
url={https://openreview.net/forum?id=SKW10XJlAI}
}

@article{pelykh2024giving,
  title={Giving a Hand to Diffusion Models: a Two-Stage Approach to Improving Conditional Human Image Generation},
  author={Pelykh, Anton and Sincan, Ozge Mercanoglu and Bowden, Richard},
  journal={arXiv preprint arXiv:2403.10731},
  year={2024}
}

@inproceedings{ye2023diffusion,
  title={Diffusion-guided reconstruction of everyday hand-object interaction clips},
  author={Ye, Yufei and Hebbar, Poorvi and Gupta, Abhinav and Tulsiani, Shubham},
  booktitle={Proceedings of the IEEE/CVF International Conference on Computer Vision},
  pages={19717--19728},
  year={2023}
}

@inproceedings{samuel2024generating,
  title={Generating images of rare concepts using pre-trained diffusion models},
  author={Samuel, Dvir and Ben-Ari, Rami and Raviv, Simon and Darshan, Nir and Chechik, Gal},
  booktitle={Proceedings of the AAAI Conference on Artificial Intelligence},
  volume={38},
  number={5},
  pages={4695--4703},
  year={2024}
}
@article{fu2024enhancing,
  title={Enhancing semantic mapping in text-to-image diffusion via Gather-and-Bind},
  author={Fu, Huan and Cheng, Guoqing},
  journal={Computers \& Graphics},
  volume={125},
  pages={104118},
  year={2024},
  publisher={Elsevier}
}

@article{tang2023can,
  title={Can Diffusion Model Achieve Better Performance in Text Generation? Bridging the Gap between Training and Inference!},
  author={Tang, Zecheng and Wang, Pinzheng and Zhou, Keyan and Li, Juntao and Cao, Ziqiang and Zhang, Min},
  journal={arXiv preprint arXiv:2305.04465},
  year={2023}
}

@article{xu2024energy,
  title={Energy-Based Diffusion Language Models for Text Generation},
  author={Xu, Minkai and Geffner, Tomas and Kreis, Karsten and Nie, Weili and Xu, Yilun and Leskovec, Jure and Ermon, Stefano and Vahdat, Arash},
  journal={arXiv preprint arXiv:2410.21357},
  year={2024}
}

@article{gong2022diffuseq,
  title={Diffuseq: Sequence to sequence text generation with diffusion models},
  author={Gong, Shansan and Li, Mukai and Feng, Jiangtao and Wu, Zhiyong and Kong, LingPeng},
  journal={arXiv preprint arXiv:2210.08933},
  year={2022}
}

@inproceedings{mahajan2024prompting,
  title={Prompting Hard or Hardly Prompting: Prompt Inversion for Text-to-Image Diffusion Models},
  author={Mahajan, Shweta and Rahman, Tanzila and Yi, Kwang Moo and Sigal, Leonid},
  booktitle={Proceedings of the IEEE/CVF Conference on Computer Vision and Pattern Recognition},
  pages={6808--6817},
  year={2024}
}

@inproceedings{li2024sd4match,
  title={Sd4match: Learning to prompt stable diffusion model for semantic matching},
  author={Li, Xinghui and Lu, Jingyi and Han, Kai and Prisacariu, Victor Adrian},
  booktitle={Proceedings of the IEEE/CVF Conference on Computer Vision and Pattern Recognition},
  pages={27558--27568},
  year={2024}
}

@article{marioriyad2024diffusion,
  title={Diffusion Beats Autoregressive: An Evaluation of Compositional Generation in Text-to-Image Models},
  author={Marioriyad, Arash and Rezaei, Parham and Baghshah, Mahdieh Soleymani and Rohban, Mohammad Hossein},
  journal={arXiv preprint arXiv:2410.22775},
  year={2024}
}

@inproceedings{liu2022compositional,
  title={Compositional visual generation with composable diffusion models},
  author={Liu, Nan and Li, Shuang and Du, Yilun and Torralba, Antonio and Tenenbaum, Joshua B},
  booktitle={European Conference on Computer Vision},
  pages={423--439},
  year={2022},
  organization={Springer}
}

@article{gokhale2022benchmarking,
  title={Benchmarking spatial relationships in text-to-image generation},
  author={Gokhale, Tejas and Palangi, Hamid and Nushi, Besmira and Vineet, Vibhav and Horvitz, Eric and Kamar, Ece and Baral, Chitta and Yang, Yezhou},
  journal={arXiv preprint arXiv:2212.10015},
  year={2022}
}

@article{wangdiffusion,
  title={Do diffusion models generalize on abstract rules for reasoning?},
  author={Wang, Binxu and Shang, Jiaqi and Sompolinsky, Haim},
  year={2024}
}

@article{song2020score,
  title={Score-based generative modeling through stochastic differential equations},
  author={Song, Yang and Sohl-Dickstein, Jascha and Kingma, Diederik P and Kumar, Abhishek and Ermon, Stefano and Poole, Ben},
  journal={arXiv preprint arXiv:2011.13456},
  year={2020}
}

@article{vahdat2021score,
  title={Score-based generative modeling in latent space},
  author={Vahdat, Arash and Kreis, Karsten and Kautz, Jan},
  journal={Advances in neural information processing systems},
  volume={34},
  pages={11287--11302},
  year={2021}
}

@article{karras2022elucidating,
  title={Elucidating the design space of diffusion-based generative models},
  author={Karras, Tero and Aittala, Miika and Aila, Timo and Laine, Samuli},
  journal={Advances in neural information processing systems},
  volume={35},
  pages={26565--26577},
  year={2022}
}

@article{tian2024visual,
  title={Visual autoregressive modeling: Scalable image generation via next-scale prediction},
  author={Tian, Keyu and Jiang, Yi and Yuan, Zehuan and Peng, Bingyue and Wang, Liwei},
  journal={arXiv preprint arXiv:2404.02905},
  year={2024}
}

@article{liu2023audioldm,
  title={Audioldm: Text-to-audio generation with latent diffusion models},
  author={Liu, Haohe and Chen, Zehua and Yuan, Yi and Mei, Xinhao and Liu, Xubo and Mandic, Danilo and Wang, Wenwu and Plumbley, Mark D},
  journal={arXiv preprint arXiv:2301.12503},
  year={2023}
}

@inproceedings{yang2024usee,
  title={Usee: Unified speech enhancement and editing with conditional diffusion models},
  author={Yang, Muqiao and Zhang, Chunlei and Xu, Yong and Xu, Zhongweiyang and Wang, Heming and Raj, Bhiksha and Yu, Dong},
  booktitle={ICASSP 2024-2024 IEEE International Conference on Acoustics, Speech and Signal Processing (ICASSP)},
  pages={7125--7129},
  year={2024},
  organization={IEEE}
}

@article{lemercier2024diffusion,
  title={Diffusion Models for Audio Restoration},
  author={Lemercier, Jean-Marie and Richter, Julius and Welker, Simon and Moliner, Eloi and V{\"a}lim{\"a}ki, Vesa and Gerkmann, Timo},
  journal={arXiv preprint arXiv:2402.09821},
  year={2024}
}

@article{ho2022video,
  title={Video diffusion models},
  author={Ho, Jonathan and Salimans, Tim and Gritsenko, Alexey and Chan, William and Norouzi, Mohammad and Fleet, David J},
  journal={Advances in Neural Information Processing Systems},
  volume={35},
  pages={8633--8646},
  year={2022}
}

@article{yu2024efficient,
  title={Efficient Video Diffusion Models via Content-Frame Motion-Latent Decomposition},
  author={Yu, Sihyun and Nie, Weili and Huang, De-An and Li, Boyi and Shin, Jinwoo and Anandkumar, Anima},
  journal={arXiv preprint arXiv:2403.14148},
  year={2024}
}

@inproceedings{yuan2024instructvideo,
  title={InstructVideo: instructing video diffusion models with human feedback},
  author={Yuan, Hangjie and Zhang, Shiwei and Wang, Xiang and Wei, Yujie and Feng, Tao and Pan, Yining and Zhang, Yingya and Liu, Ziwei and Albanie, Samuel and Ni, Dong},
  booktitle={Proceedings of the IEEE/CVF Conference on Computer Vision and Pattern Recognition},
  pages={6463--6474},
  year={2024}
}

@article{zhang2024diffbody,
  title={DiffBody: Human Body Restoration by Imagining with Generative Diffusion Prior},
  author={Zhang, Yiming and Wang, Zhe and Li, Xinjie and Yuan, Yunchen and Zhang, Chengsong and Sun, Xiao and Zhong, Zhihang and Wang, Jian},
  journal={arXiv preprint arXiv:2404.03642},
  year={2024}
}

@inproceedings{huang2024humannorm,
  title={Humannorm: Learning normal diffusion model for high-quality and realistic 3d human generation},
  author={Huang, Xin and Shao, Ruizhi and Zhang, Qi and Zhang, Hongwen and Feng, Ying and Liu, Yebin and Wang, Qing},
  booktitle={Proceedings of the IEEE/CVF Conference on Computer Vision and Pattern Recognition},
  pages={4568--4577},
  year={2024}
}

@article{chefer2023attend,
  title={Attend-and-excite: Attention-based semantic guidance for text-to-image diffusion models},
  author={Chefer, Hila and Alaluf, Yuval and Vinker, Yael and Wolf, Lior and Cohen-Or, Daniel},
  journal={ACM Transactions on Graphics (TOG)},
  volume={42},
  number={4},
  pages={1--10},
  year={2023},
  publisher={ACM New York, NY, USA}
}

@misc{Infinity,
    title={Infinity: Scaling Bitwise AutoRegressive Modeling for High-Resolution Image Synthesis}, 
    author={Jian Han and Jinlai Liu and Yi Jiang and Bin Yan and Yuqi Zhang and Zehuan Yuan and Bingyue Peng and Xiaobing Liu},
    year={2024},
    eprint={2412.04431},
    archivePrefix={arXiv},
    primaryClass={cs.CV},
    url={https://arxiv.org/abs/2412.04431}, 
}

@misc{VAR,
      title={Visual Autoregressive Modeling: Scalable Image Generation via Next-Scale Prediction}, 
      author={Keyu Tian and Yi Jiang and Zehuan Yuan and Bingyue Peng and Liwei Wang},
      year={2024},
      eprint={2404.02905},
      archivePrefix={arXiv},
      primaryClass={cs.CV},
      url={https://arxiv.org/abs/2404.02905}, 
}

@article{yao2025reconstruction,
  title={Reconstruction vs. Generation: Taming Optimization Dilemma in Latent Diffusion Models},
  author={Yao, Jingfeng and Wang, Xinggang},
  journal={arXiv preprint arXiv:2501.01423},
  year={2025}
}

@inproceedings{somepalli2023diffusion,
  title={Diffusion art or digital forgery? investigating data replication in diffusion models},
  author={Somepalli, Gowthami and Singla, Vasu and Goldblum, Micah and Geiping, Jonas and Goldstein, Tom},
  booktitle={Proceedings of the IEEE/CVF Conference on Computer Vision and Pattern Recognition},
  pages={6048--6058},
  year={2023}
}

@inproceedings{wang2024discrepancy,
  title={On the discrepancy and connection between memorization and generation in diffusion models},
  author={Wang, Hanyu and Han, Yujin and Zou, Difan},
  booktitle={ICML 2024 Workshop on Foundation Models in the Wild},
  year={2024}
}

@inproceedings{wen2024detecting,
  title={Detecting, explaining, and mitigating memorization in diffusion models},
  author={Wen, Yuxin and Liu, Yuchen and Chen, Chen and Lyu, Lingjuan},
  booktitle={The Twelfth International Conference on Learning Representations},
  year={2024}
}

@article{somepalli2023understanding,
  title={Understanding and mitigating copying in diffusion models},
  author={Somepalli, Gowthami and Singla, Vasu and Goldblum, Micah and Geiping, Jonas and Goldstein, Tom},
  journal={Advances in Neural Information Processing Systems},
  volume={36},
  pages={47783--47803},
  year={2023}
}

@inproceedings{radford2021learning,
  title={Learning transferable visual models from natural language supervision},
  author={Radford, Alec and Kim, Jong Wook and Hallacy, Chris and Ramesh, Aditya and Goh, Gabriel and Agarwal, Sandhini and Sastry, Girish and Askell, Amanda and Mishkin, Pamela and Clark, Jack and others},
  booktitle={International conference on machine learning},
  pages={8748--8763},
  year={2021},
  organization={PMLR}
}

@article{loshchilov2017decoupled,
  title={Decoupled weight decay regularization},
  author={Loshchilov, I},
  journal={arXiv preprint arXiv:1711.05101},
  year={2017}
}

@inproceedings{li2024scalability,
  title={On the scalability of diffusion-based text-to-image generation},
  author={Li, Hao and Zou, Yang and Wang, Ying and Majumder, Orchid and Xie, Yusheng and Manmatha, R and Swaminathan, Ashwin and Tu, Zhuowen and Ermon, Stefano and Soatto, Stefano},
  booktitle={Proceedings of the IEEE/CVF Conference on Computer Vision and Pattern Recognition},
  pages={9400--9409},
  year={2024}
}

@article{niu2024acdmsr,
  title={ACDMSR: Accelerated conditional diffusion models for single image super-resolution},
  author={Niu, Axi and Pham, Trung X and Zhang, Kang and Sun, Jinqiu and Zhu, Yu and Yan, Qingsen and Kweon, In So and Zhang, Yanning},
  journal={IEEE Transactions on Broadcasting},
  year={2024},
  publisher={IEEE}
}

@inproceedings{chen2024image,
  title={Image Neural Field Diffusion Models},
  author={Chen, Yinbo and Wang, Oliver and Zhang, Richard and Shechtman, Eli and Wang, Xiaolong and Gharbi, Michael},
  booktitle={Proceedings of the IEEE/CVF Conference on Computer Vision and Pattern Recognition},
  pages={8007--8017},
  year={2024}
}

@article{mcinnes2018umap,
  title={Umap: Uniform manifold approximation and projection for dimension reduction},
  author={McInnes, Leland and Healy, John and Melville, James},
  journal={arXiv preprint arXiv:1802.03426},
  year={2018}
}

@article{allen2020towards,
  title={Towards understanding ensemble, knowledge distillation and self-distillation in deep learning},
  author={Allen-Zhu, Zeyuan and Li, Yuanzhi},
  journal={arXiv preprint arXiv:2012.09816},
  year={2020}
}