@Article{EladSurvey10,
  Title                    = {Sparse and Redundant Representations: From Theory to Applications in Signal and
Image Processing},
  Author                   = {Michael Elad},
  Journal                  = {Springer},
  Year                     = {2010},
  Pages                    = {},
  Volume                   = {},

  Owner                    = {oscar},
  Timestamp                = {2018.3.06}
}

@Article{Fanetal24,
  Title                    = {What's In a Prior? Learned Proximal Networks for Inverse Problems},
  Author                   = {Zhenghan Fan and Sam Buchanan and Jeremias Sulam},
  Journal                  = {International Conference on Learning Representations (ICLR)},
  Year                     = {2024},
  Pages                    = {},
  Volume                   = {},
  Number                   = {},
  Owner                    = {oscar},
  Timestamp                = {2017.10.07}
}

@Article{MairaletalSurvey14,
  Title                    = {Sparse Modeling for Image and Vision Processing},
  Author                   = {Julien Mairal and Francis Bach and Jean Ponce},
  Journal                  = {Foundations
and Trends in Computer Graphics and Vision},
  Year                     = {2014},
  Pages                    = {85–283},
  Volume                   = {8(2--3)},

  Owner                    = {oscar},
  Timestamp                = {2018.3.06}
}

@INPROCEEDINGS{acr,
  author={Mukherjee, S. and Dittmer, S. and Shumaylov, Z. and Lunz, S. and Öktem, O. and Schönlieb, C.-B.},
  booktitle={ICASSP 2024 - 2024 IEEE International Conference on Acoustics, Speech and Signal Processing (ICASSP)}, 
  title={Data-Driven Convex Regularizers for Inverse Problems}, 
  year={2024},
  volume={},
  number={},
  pages={13386-13390},
  keywords={Training;TV;Inverse problems;Computed tomography;Neural networks;Signal processing;Stability analysis;Inverse problems;data-driven regularization;variational imaging;input-convex neural networks},
  doi={10.1109/ICASSP48485.2024.10447719}}

@article{ahn2017difference,
  title={Difference-of-convex learning: directional stationarity, optimality, and sparsity},
  author={Ahn, Miju and Pang, Jong-Shi and Xin, Jack},
  journal={SIAM Journal on Optimization},
  volume={27},
  number={3},
  pages={1637--1665},
  year={2017},
  publisher={SIAM}
}

@article{cao2022unifying,
  title={A unifying framework of high-dimensional sparse estimation with difference-of-convex (DC) regularizations},
  author={Cao, Shanshan and Huo, Xiaoming and Pang, Jong-Shi},
  journal={Statistical Science},
  volume={37},
  number={3},
  pages={411--424},
  year={2022},
  publisher={Institute of Mathematical Statistics}
}

@article{fan2001variable,
  title={Variable selection via nonconcave penalized likelihood and its oracle properties},
  author={Fan, Jianqing and Li, Runze},
  journal={Journal of the American statistical Association},
  volume={96},
  number={456},
  pages={1348--1360},
  year={2001},
  publisher={Taylor \& Francis}
}

@article{goujon2023neural,
  title={A neural-network-based convex regularizer for inverse problems},
  author={Goujon, Alexis and Neumayer, Sebastian and Bohra, Pakshal and Ducotterd, Stanislas and Unser, Michael},
  journal={IEEE Transactions on Computational Imaging},
  year={2023},
  publisher={IEEE}
}

@article{goujon2024learning,
  title={Learning weakly convex regularizers for convergent image-reconstruction algorithms},
  author={Goujon, Alexis and Neumayer, Sebastian and Unser, Michael},
  journal={SIAM Journal on Imaging Sciences},
  volume={17},
  number={1},
  pages={91--115},
  year={2024},
  publisher={SIAM}
}

@article{le2018dc,
  title={DC programming and DCA: thirty years of developments},
  author={Le Thi, Hoai An and Pham Dinh, Tao},
  journal={Mathematical Programming},
  volume={169},
  number={1},
  pages={5--68},
  year={2018},
  publisher={Springer}
}

@article{lunz2018adversarial,
  title={Adversarial regularizers in inverse problems},
  author={Lunz, Sebastian and {\"O}ktem, Ozan and Sch{\"o}nlieb, Carola-Bibiane},
  journal={Advances in neural information processing systems},
  volume={31},
  year={2018}
}

@article{mazumder2011sparsenet,
  title={Sparsenet: Coordinate descent with nonconvex penalties},
  author={Mazumder, Rahul and Friedman, Jerome H and Hastie, Trevor},
  journal={Journal of the American Statistical Association},
  volume={106},
  number={495},
  pages={1125--1138},
  year={2011},
  publisher={Taylor \& Francis}
}

@article{romano2017RED,
  title={The little engine that could: Regularization by denoising (RED)},
  author={Romano, Yaniv and Elad, Michael and Milanfar, Peyman},
  journal={SIAM Journal on Imaging Sciences},
  volume={10},
  number={4},
  pages={1804--1844},
  year={2017},
  publisher={SIAM}
}

@article{yin2015minimization,
  title={Minimization of 1-2 for compressed sensing},
  author={Yin, Penghang and Lou, Yifei and He, Qi and Xin, Jack},
  journal={SIAM Journal on Scientific Computing},
  volume={37},
  number={1},
  pages={A536--A563},
  year={2015},
  publisher={SIAM}
}

@article{zhang2010nearly,
  title={Nearly unbiased variable selection under minimax concave penalty},
    
  author={Zhang, Cun-Hui},
  journal={The Annals of Statistics},
  volume={38},
  number={2},
  pages={894-942},
  year={2010}
}

