@Article{Leongetal22,
  Title                    = {Optimal Regularization for a Data Source},
  Author                   = {Oscar Leong and Eliza O'Reilly and Yong Sheng Soh and Venkat Chandrasekaran},
  Journal                  = {Foundations of Computational Mathematics},
  Year                     = {2025},
  Pages                    = {1--50},
  Volume                   = {}
}

@Article{Leongetal24,
  Title                    = {The Star Geometry of Critic-Based Regularizer Learning},
  Author                   = {Oscar Leong and Eliza O'Reilly and Yong Sheng Soh},
  Journal                  = {Advances in Neural Information Processing Systems (NeurIPS)},
  Year                     = {2024},
  Pages                    = {},
  Volume                   = {}
}

@inproceedings{
shumaylov2024weakly,
title={Weakly Convex Regularisers for Inverse Problems: Convergence of Critical Points and Primal-Dual Optimisation},
author={Zakhar Shumaylov and Jeremy Budd and Subhadip Mukherjee and Carola-Bibiane Sch{\"o}nlieb},
booktitle={Forty-first International Conference on Machine Learning},
year={2024},
url={https://openreview.net/forum?id=E8FpcUyPuS}
}


@article{moen2021low,
  title={Low-dose CT image and projection dataset},
  author={Moen, Taylor R and Chen, Baiyu and Holmes III, David R and Duan, Xinhui and Yu, Zhicong and Yu, Lifeng and Leng, Shuai and Fletcher, Joel G and McCollough, Cynthia H},
  journal={Medical physics},
  volume={48},
  number={2},
  pages={902--911},
  year={2021},
  publisher={Wiley Online Library}
}

@article{adler2017operator,
  title={Operator discretization library (ODL)},
  author={Adler, Jonas and Kohr, Holger and {\"O}ktem, Ozan},
  journal={Zenodo},
  year={2017}
}

@article{lunz2018adversarial,
  title={Adversarial regularizers in inverse problems},
  author={Lunz, Sebastian and {\"O}ktem, Ozan and Sch{\"o}nlieb, Carola-Bibiane},
  journal={Advances in neural information processing systems},
  volume={31},
  year={2018}
}

@INPROCEEDINGS{acr,
  author={Mukherjee, S. and Dittmer, S. and Shumaylov, Z. and Lunz, S. and Öktem, O. and Schönlieb, C.-B.},
  booktitle={ICASSP 2024 - 2024 IEEE International Conference on Acoustics, Speech and Signal Processing (ICASSP)}, 
  title={Data-Driven Convex Regularizers for Inverse Problems}, 
  year={2024},
  volume={},
  number={},
  pages={13386-13390},
  keywords={Training;TV;Inverse problems;Computed tomography;Neural networks;Signal processing;Stability analysis;Inverse problems;data-driven regularization;variational imaging;input-convex neural networks},
  doi={10.1109/ICASSP48485.2024.10447719}}

@inproceedings{
shumaylov2023provably,
title={Provably Convergent Data-Driven Convex-Nonconvex Regularization},
author={Zakhar Shumaylov and Jeremy Budd and Subhadip Mukherjee and Carola-Bibiane Sch{\"o}nlieb},
booktitle={NeurIPS 2023 Workshop on Deep Learning and Inverse Problems},
year={2023},
url={https://openreview.net/forum?id=yavtWi6ew9}
}

@ARTICLE{ssim,
  author={Zhou Wang and Bovik, A.C. and Sheikh, H.R. and Simoncelli, E.P.},
  journal={IEEE Transactions on Image Processing}, 
  title={Image quality assessment: from error visibility to structural similarity}, 
  year={2004},
  volume={13},
  number={4},
  pages={600-612},
  keywords={Image quality;Humans;Transform coding;Visual system;Visual perception;Data mining;Layout;Quality assessment;Degradation;Indexes},
  doi={10.1109/TIP.2003.819861}}

@article{adler2018learned,
  title={Learned primal-dual reconstruction},
  author={Adler, Jonas and {\"O}ktem, Ozan},
  journal={IEEE transactions on medical imaging},
  volume={37},
  number={6},
  pages={1322--1332},
  year={2018},
  publisher={IEEE}
}

@inproceedings{ronneberger2015unet,
  title={U-net: Convolutional networks for biomedical image segmentation},
  author={Ronneberger, Olaf and Fischer, Philipp and Brox, Thomas},
  booktitle={Medical image computing and computer-assisted intervention--MICCAI 2015: 18th international conference, Munich, Germany, October 5-9, 2015, proceedings, part III 18},
  pages={234--241},
  year={2015},
  organization={Springer}
}

@article{paszke2019pytorch,
  title={Pytorch: An imperative style, high-performance deep learning library},
  author={Paszke, Adam and Gross, Sam and Massa, Francisco and Lerer, Adam and Bradbury, James and Chanan, Gregory and Killeen, Trevor and Lin, Zeming and Gimelshein, Natalia and Antiga, Luca and others},
  journal={Advances in neural information processing systems},
  volume={32},
  year={2019}
}

@Article{Arridgeetal19,
  Title                    = {Solving inverse problems using data-driven models},
  Author                   = {Simon Arridge and Peter Maass and Ozan \"{O}ktem and Carola-Bibiane Sch\"{o}nlieb},
  Journal                  = {Acta Numerica},
  Publisher                = {Cambridge University Press},
  Series                   = {},
  Year                     = {2019},
  Pages                    = {1--174},
  Volume                   = {28},

  Owner                    = {oscar},
  Timestamp                = {2018.3.06}
}

@Article{Rudinetal92,
  Title                    = {Nonlinear total variation based noise removal
algorithms},
  Author                   = {Leonid I Rudin and Stanley Osher and Emad Fatemi},
  Journal                  = {Physica D: nonlinear phenomena},
  Year                     = {1992},
  Pages                    = {259-268},
  Volume                   = {60(1-4)},

  Owner                    = {oscar},
  Timestamp                = {2018.3.06}
}

@article{le2018dc,
  title={DC programming and DCA: thirty years of developments},
  author={Le Thi, Hoai An and Pham Dinh, Tao},
  journal={Mathematical Programming},
  volume={169},
  number={1},
  pages={5--68},
  year={2018},
  publisher={Springer}
}

@article{ahn2017difference,
  title={Difference-of-convex learning: directional stationarity, optimality, and sparsity},
  author={Ahn, Miju and Pang, Jong-Shi and Xin, Jack},
  journal={SIAM Journal on Optimization},
  volume={27},
  number={3},
  pages={1637--1665},
  year={2017},
  publisher={SIAM}
}

@article{cao2022unifying,
  title={A unifying framework of high-dimensional sparse estimation with difference-of-convex (DC) regularizations},
  author={Cao, Shanshan and Huo, Xiaoming and Pang, Jong-Shi},
  journal={Statistical Science},
  volume={37},
  number={3},
  pages={411--424},
  year={2022},
  publisher={Institute of Mathematical Statistics}
}

@inproceedings{faust2023bregman,
  title={A Bregman divergence view on the difference-of-convex algorithm},
  author={Faust, Oisin and Fawzi, Hamza and Saunderson, James},
  booktitle={International Conference on Artificial Intelligence and Statistics},
  pages={3427--3439},
  year={2023},
  organization={PMLR}
}

@article{yin2015minimization,
  title={Minimization of 1-2 for compressed sensing},
  author={Yin, Penghang and Lou, Yifei and He, Qi and Xin, Jack},
  journal={SIAM Journal on Scientific Computing},
  volume={37},
  number={1},
  pages={A536--A563},
  year={2015},
  publisher={SIAM}
}

@article{hartman59,
  title={On functions representable as a difference of convex functions},
  author={Hartman, Philip},
  journal={Pacific Journal of Mathematics},
  volume={9},
  number={3},
  pages={707-713},
  year={1959},
  publisher={}
}

@article{chen2018optimal,
  title={Optimal control via neural networks: A convex approach},
  author={Chen, Yize and Shi, Yuanyuan and Zhang, Baosen},
  journal={arXiv preprint arXiv:1805.11835},
  year={2018}
}

@article{goujon2023neural,
  title={A neural-network-based convex regularizer for inverse problems},
  author={Goujon, Alexis and Neumayer, Sebastian and Bohra, Pakshal and Ducotterd, Stanislas and Unser, Michael},
  journal={IEEE Transactions on Computational Imaging},
  year={2023},
  publisher={IEEE}
}

@article{attouch2010proximal,
  title={Proximal alternating minimization and projection methods for nonconvex problems: An approach based on the Kurdyka-{\L}ojasiewicz inequality},
  author={Attouch, H{\'e}dy and Bolte, J{\'e}r{\^o}me and Redont, Patrick and Soubeyran, Antoine},
  journal={Mathematics of operations research},
  volume={35},
  number={2},
  pages={438--457},
  year={2010},
  publisher={INFORMS}
}

@article{sun2016majorization,
  title={Majorization-minimization algorithms in signal processing, communications, and machine learning},
  author={Sun, Ying and Babu, Prabhu and Palomar, Daniel P},
  journal={IEEE Transactions on Signal Processing},
  volume={65},
  number={3},
  pages={794--816},
  year={2016},
  publisher={IEEE}
}

@article{an2005dc,
  title={The DC (difference of convex functions) programming and DCA revisited with DC models of real world nonconvex optimization problems},
  author={An, Le Thi Hoai and Tao, Pham Dinh},
  journal={Annals of operations research},
  volume={133},
  pages={23--46},
  year={2005},
  publisher={Springer}
}

@inproceedings{amos2017input,
  title={Input convex neural networks},
  author={Amos, Brandon and Xu, Lei and Kolter, J Zico},
  booktitle={International conference on machine learning},
  pages={146--155},
  year={2017},
  organization={PMLR}
}

@Article{Lutwak96,
  Title                    = {The Brunn–Minkowski–Firey Theory II: Affine and Geominimal Surface Areas},
  Author                   = {Erwin Lutwak},
  Journal                  = {Advances in Mathematics},
  Year                     = {1996},
  Pages                    = {244 - 294},
  Volume                   = {118(2)},
  Number                   = {},
  Owner                    = {oscar},
  Timestamp                = {2017.10.07}
}

@article{goujon2024learning,
  title={Learning weakly convex regularizers for convergent image-reconstruction algorithms},
  author={Goujon, Alexis and Neumayer, Sebastian and Unser, Michael},
  journal={SIAM Journal on Imaging Sciences},
  volume={17},
  number={1},
  pages={91--115},
  year={2024},
  publisher={SIAM}
}

@article{fan2001variable,
  title={Variable selection via nonconcave penalized likelihood and its oracle properties},
  author={Fan, Jianqing and Li, Runze},
  journal={Journal of the American statistical Association},
  volume={96},
  number={456},
  pages={1348--1360},
  year={2001},
  publisher={Taylor \& Francis}
}

@article{zhang2010nearly,
  title={Nearly unbiased variable selection under minimax concave penalty},
    
  author={Zhang, Cun-Hui},
  journal={The Annals of Statistics},
  volume={38},
  number={2},
  pages={894-942},
  year={2010}
}

@article{mazumder2011sparsenet,
  title={Sparsenet: Coordinate descent with nonconvex penalties},
  author={Mazumder, Rahul and Friedman, Jerome H and Hastie, Trevor},
  journal={Journal of the American Statistical Association},
  volume={106},
  number={495},
  pages={1125--1138},
  year={2011},
  publisher={Taylor \& Francis}
}

@Article{Fanetal24,
  Title                    = {What's In a Prior? Learned Proximal Networks for Inverse Problems},
  Author                   = {Zhenghan Fan and Sam Buchanan and Jeremias Sulam},
  Journal                  = {International Conference on Learning Representations (ICLR)},
  Year                     = {2024},
  Pages                    = {},
  Volume                   = {},
  Number                   = {},
  Owner                    = {oscar},
  Timestamp                = {2017.10.07}
}

@Article{MairaletalSurvey14,
  Title                    = {Sparse Modeling for Image and Vision Processing},
  Author                   = {Julien Mairal and Francis Bach and Jean Ponce},
  Journal                  = {Foundations
and Trends in Computer Graphics and Vision},
  Year                     = {2014},
  Pages                    = {85–283},
  Volume                   = {8(2--3)},

  Owner                    = {oscar},
  Timestamp                = {2018.3.06}
}


@Article{EladSurvey10,
  Title                    = {Sparse and Redundant Representations: From Theory to Applications in Signal and
Image Processing},
  Author                   = {Michael Elad},
  Journal                  = {Springer},
  Year                     = {2010},
  Pages                    = {},
  Volume                   = {},

  Owner                    = {oscar},
  Timestamp                = {2018.3.06}
}

@article{alberti2021learning,
  title={Learning the optimal Tikhonov regularizer for inverse problems},
  author={Alberti, Giovanni S and De Vito, Ernesto and Lassas, Matti and Ratti, Luca and Santacesaria, Matteo},
  journal={Advances in Neural Information Processing Systems},
  volume={34},
  pages={25205--25216},
  year={2021}
}

@article{Daubechiesetal04,
author = {Ingrid Daubechies and Michel Defrise and Christine de Mol},
title = {An Iterative Thresholding Algorithm
for Linear Inverse Problems with a Sparsity Constraint},
journal = {Communications on Pure and Applied Mathematics},
volume = {57},
number = {11},
pages = {1413-1457
},
year = {2004}
}

@Article{Tao2006,
  Title                    = {Stable signal recovery from incomplete and inaccurate measurements},
  Author                   = {Emmanuel J. Cand\`{e}s and Justin K. Romberg and Terence Tao},
  Journal                  = {Communications on Pure and Applied Mathematics},
  Year                     = {2006},
  Pages                    = {1207-1223},
  Volume                   = {59(8)},

  Owner                    = {oscar},
  Timestamp                = {2018.3.06}
}

@Article{Donoho2006,
  Title                    = {For most large underdetermined systems of linear equations the minimal l1-norm solution is also the sparsest solution},
  Author                   = {David Donoho},
  Journal                  = {Communications on Pure and Applied Mathematics},
  Year                     = {2006},
  Pages                    = {797-829},
  Volume                   = {59(6)},

  Owner                    = {oscar},
  Timestamp                = {2018.3.06}
}

@Article{FazelThesis,
  Title                    = {Matrix Rank Minimization with Applications},
  Author                   = {Maryam Fazel},
  Journal                  = {Ph.D. Thesis, Department of Electrical Engineering, Stanford University},
  Year                     = {2002},
  Pages                    = {},
  Volume                   = {},

  Owner                    = {oscar},
  Timestamp                = {2018.3.06}
}

@Article{Rechtetal10,
  Title                    = {Guaranteed Minimum-Rank Solutions of Linear Matrix Equations via Nuclear Norm Minimization},
  Author                   = {Benjamin Recht and Maryam Fazel and Pablo A. Parrilo},
  Journal                  = {SIAM Review},
  Year                     = {2010},
  Pages                    = {471–501},
  Volume                   = {52(3)},

  Owner                    = {oscar},
  Timestamp                = {2018.3.06}
}


@inproceedings{venkatakrishnan2013pnp,
  title={Plug-and-play priors for model based reconstruction},
  author={Venkatakrishnan, Singanallur V and Bouman, Charles A and Wohlberg, Brendt},
  booktitle={2013 IEEE Global Conference on Signal and Information Processing},
  pages={945--948},
  year={2013},
  organization={IEEE}
}

@article{romano2017RED,
  title={The little engine that could: Regularization by denoising (RED)},
  author={Romano, Yaniv and Elad, Michael and Milanfar, Peyman},
  journal={SIAM Journal on Imaging Sciences},
  volume={10},
  number={4},
  pages={1804--1844},
  year={2017},
  publisher={SIAM}
}

@Article{Boraetal17,
  Title                    = {Compressed sensing using generative models},
  Author                   = {Ashish Bora and Ajil Jalal and Eric Price and Alexandros Dimakis},
  Journal                  = {International Conference on Machine Learning},
  Year                     = {2017},
  Pages                    = {},
  Volume                   = {},

  Owner                    = {oscar},
  Timestamp                = {2017.10.07}
}

@Article{Handetal2018,
  Title                    = {Phase Retrieval Under a Generative Prior},
  Author                   = {Paul Hand and Oscar Leong and Vlad Voroninski},
  Journal                  = {Advances in Neural Information Processing Systems (NeurIPS)},
  Year                     = {2018},
  Pages                    = {},
  Volume                   = {31},
  Number                   = {},
  Owner                    = {oscar},
  Timestamp                = {2017.10.07}
}

@Article{Chungetal23,
  Title                    = {Diffusion Posterior Sampling for General Noisy Inverse Problems},
  Author                   = {Hyungjin Chung and Jeongsol Kim and Michael T. Mccann and Marc L. Klasky and Jong Chul Ye},
  Journal                  = {International Conference on Learning Representations (ICLR)},
  Year                     = {2023},
  Pages                    = {},
  Volume                   = {},
  Number                   = {},
  Owner                    = {oscar},
  Timestamp                = {2017.10.07}
}

@Article{geom-tom-Gardner,
  Title                    = {Geometric Tomography},
  Author                   = {Richard J. Gardner
},
  Journal                  = {Cambridge: Cambridge University Press},
  Year                     = {2006},
  Pages                    = {},
  Volume                   = {},

  Owner                    = {oscar},
  Timestamp                = {2018.3.06}
}

\@Article{conv-bodies-Schneider,
  Title                    = {Convex Bodies: The Brunn–Minkowski Theory},
  Author                   = {Rolf Schneider},
  Journal                  = {Cambridge: Cambridge University Press.},
  Year                     = {2013},
  Pages                    = {},
  Volume                   = {},

  Owner                    = {oscar},
  Timestamp                = {2018.3.06}
}

@inproceedings{kurdyka1998gradients,
  title={On gradients of functions definable in o-minimal structures},
  author={Kurdyka, Krzysztof},
  booktitle={Annales de l'institut Fourier},
  volume={48},
  number={3},
  pages={769--783},
  year={1998}
}

@article{beck2009fast,
  title={Fast gradient-based algorithms for constrained total variation image denoising and deblurring problems},
  author={Beck, Amir and Teboulle, Marc},
  journal={IEEE transactions on image processing},
  volume={18},
  number={11},
  pages={2419--2434},
  year={2009},
  publisher={IEEE}
}

@inproceedings{khamaru2018convergence,
  title={Convergence guarantees for a class of non-convex and non-smooth optimization problems},
  author={Khamaru, Koulik and Wainwright, Martin},
  booktitle={International Conference on Machine Learning},
  pages={2601--2610},
  year={2018},
  organization={PMLR}
}


@article{Lutwak1975,
author = {Lutwak, Erwin},
title = {Dual Mixed Volumes},
journal = {Pacific Journal of Mathematics},
volume = {58},
number = {2},
pages = {531-538},
year = {1975}
}

@book{rockafellar2009variational,
  title={Variational analysis},
  author={Rockafellar, R Tyrrell and Wets, Roger J-B},
  volume={317},
  year={2009},
  publisher={Springer Science \& Business Media}
}

@article{yuille2003concave,
  title={The concave-convex procedure},
  author={Yuille, Alan L and Rangarajan, Anand},
  journal={Neural computation},
  volume={15},
  number={4},
  pages={915--936},
  year={2003},
  publisher={MIT Press}
}

@article{wen2018proximal,
  title={A proximal difference-of-convex algorithm with extrapolation},
  author={Wen, Bo and Chen, Xiaojun and Pong, Ting Kei},
  journal={Computational optimization and applications},
  volume={69},
  pages={297--324},
  year={2018},
  publisher={Springer}
}