@book{box2015time,
  title={Time series analysis: forecasting and control},
  author={Box, George EP and Jenkins, Gwilym M and Reinsel, Gregory C and Ljung, Greta M},
  year={2015},
  publisher={John Wiley \& Sons}
}

@inproceedings{cordonnier2021differentiable,
  title={Differentiable patch selection for image recognition},
  author={Cordonnier, Jean-Baptiste and Mahendran, Aravindh and Dosovitskiy, Alexey and Weissenborn, Dirk and Uszkoreit, Jakob and Unterthiner, Thomas},
  booktitle={Proceedings of the IEEE/CVF Conference on Computer Vision and Pattern Recognition},
  pages={2351--2360},
  year={2021}
}

@article{foumani2024improving,
  title={Improving position encoding of transformers for multivariate time series classification},
  author={Foumani, Navid Mohammadi and Tan, Chang Wei and Webb, Geoffrey I and Salehi, Mahsa},
  journal={Data Mining and Knowledge Discovery},
  volume={38},
  number={1},
  pages={22--48},
  year={2024},
  publisher={Springer}
}

@article{hochreiter1997long,
  title={Long short-term memory},
  author={Hochreiter, Sepp and Schmidhuber, J{\"u}rgen},
  journal={Neural computation},
  volume={9},
  number={8},
  pages={1735--1780},
  year={1997},
  publisher={MIT press}
}

@book{hyndman2018forecasting,
  title={Forecasting: principles and practice},
  author={Hyndman, Rob J and Athanasopoulos, George},
  year={2018},
  publisher={OTexts}
}

@article{ke2020rethinking,
  title={Rethinking positional encoding in language pre-training},
  author={Ke, Guolin and He, Di and Liu, Tie-Yan},
  journal={arXiv preprint arXiv:2006.15595},
  year={2020}
}

@article{lecun1995convolutional,
  title={Convolutional networks for images, speech, and time series},
  author={LeCun, Yann and Bengio, Yoshua and others},
  journal={The handbook of brain theory and neural networks},
  volume={3361},
  number={10},
  pages={1995},
  year={1995},
  publisher={Citeseer}
}

@article{li2023time,
  title={Time series forecasting with transformers: A survey},
  author={Li, Shaohan and Jin, Xiaoping and Xuan, Yong and Zhou, Xiang and Chen, Wenhu and Wang, Yu-Xiang and Yan, Xifeng},
  journal={arXiv preprint arXiv:2307.08701},
  year={2023}
}

@article{lim2021temporal,
  title={Temporal fusion transformers for interpretable multi-horizon time series forecasting},
  author={Lim, Bryan and Ar{\i}k, Sercan {\"O} and Loeff, Nicolas and Pfister, Tomas},
  journal={International Journal of Forecasting},
  volume={37},
  number={4},
  pages={1748--1764},
  year={2021},
  publisher={Elsevier}
}

@inproceedings{liutkus2021relative,
  title={Relative positional encoding for transformers with linear complexity},
  author={Liutkus, Antoine and C{\i}fka, Ond{\v{r}}ej and Wu, Shih-Lun and Simsekli, Umut and Yang, Yi-Hsuan and Richard, Gael},
  booktitle={International Conference on Machine Learning},
  pages={7067--7079},
  year={2021},
  organization={PMLR}
}

@article{shaw2018self,
  title={Self-attention with relative position representations},
  author={Shaw, Peter and Uszkoreit, Jakob and Vaswani, Ashish},
  journal={arXiv preprint arXiv:1803.02155},
  year={2018}
}

@article{vaswani2017attention,
  title={Attention is all you need},
  author={Vaswani, Ashish and Shazeer, Noam and Parmar, Niki and Uszkoreit, Jakob and Jones, Llion and Gomez, Aidan N and Kaiser, {\L}ukasz and Polosukhin, Illia},
  journal={Advances in neural information processing systems},
  volume={30},
  year={2017}
}

@article{wen2023transformers,
  title={Transformers in time series: A survey},
  author={Wen, Qingsong and Zhou, Tian and Zhang, Chaoli and Chen, Weiqi and Ma, Ziqing and Yan, Junchi and Sun, Liang},
  journal={International Journal of Machine Learning and Cybernetics},
  year={2023},
  publisher={Springer}
}

@article{wu2021autoformer,
  title={Autoformer: Decomposition transformers with auto-correlation for long-term series forecasting},
  author={Wu, Haixu and Xu, Jiehui and Wang, Jianmin and Long, Mingsheng},
  journal={Advances in Neural Information Processing Systems},
  volume={34},
  pages={22419--22430},
  year={2021}
}

@inproceedings{zerveas2021transformer,
  title={A transformer-based framework for multivariate time series representation learning},
  author={Zerveas, George and Jayaraman, Srideepika and Patel, Dhaval and Bhamidipaty, Anuradha and Eickhoff, Carsten},
  booktitle={Proceedings of the 27th ACM SIGKDD conference on knowledge discovery \& data mining},
  pages={2114--2124},
  year={2021}
}

@article{zhang2024intriguing,
  title={Intriguing Properties of Positional Encoding in Time Series Forecasting},
  author={Zhang, Jianqi and Wang, Jingyao and Qiang, Wenwen and Xu, Fanjiang and Zheng, Changwen and Sun, Fuchun and Xiong, Hui},
  journal={arXiv preprint arXiv:2404.10337},
  year={2024}
}

@inproceedings{zhou2021informer,
  title={Informer: Beyond efficient transformer for long sequence time-series forecasting},
  author={Zhou, Haoyi and Zhang, Shanghang and Peng, Jieqi and Zhang, Shuai and Li, Jianxin and Xiong, Hui and Zhang, Wancai},
  booktitle={Proceedings of the AAAI conference on artificial intelligence},
  volume={35},
  pages={11106--11115},
  year={2021}
}

