@article{hochreiter1997long,
  title={Long short-term memory},
  author={Hochreiter, Sepp and Schmidhuber, J{\"u}rgen},
  journal={Neural computation},
  volume={9},
  number={8},
  pages={1735--1780},
  year={1997},
  publisher={MIT press}
}


@article{lecun1995convolutional,
  title={Convolutional networks for images, speech, and time series},
  author={LeCun, Yann and Bengio, Yoshua and others},
  journal={The handbook of brain theory and neural networks},
  volume={3361},
  number={10},
  pages={1995},
  year={1995},
  publisher={Citeseer}
}


@article{lecun2015deep,
  title={Deep learning},
  author={LeCun, Yann and Bengio, Yoshua and Hinton, Geoffrey},
  journal={nature},
  volume={521},
  number={7553},
  pages={436--444},
  year={2015},
  publisher={Nature Publishing Group UK London}
}


@article{cho2014learning,
  title={Learning phrase representations using RNN encoder-decoder for statistical machine translation},
  author={Cho, Kyunghyun and Van Merri{\"e}nboer, Bart and Gulcehre, Caglar and Bahdanau, Dzmitry and Bougares, Fethi and Schwenk, Holger and Bengio, Yoshua},
  journal={arXiv preprint arXiv:1406.1078},
  year={2014}
}

@article{lim2021temporal,
  title={Temporal fusion transformers for interpretable multi-horizon time series forecasting},
  author={Lim, Bryan and Ar{\i}k, Sercan {\"O} and Loeff, Nicolas and Pfister, Tomas},
  journal={International Journal of Forecasting},
  volume={37},
  number={4},
  pages={1748--1764},
  year={2021},
  publisher={Elsevier}
}


@inproceedings{zhou2021informer,
  title={Informer: Beyond efficient transformer for long sequence time-series forecasting},
  author={Zhou, Haoyi and Zhang, Shanghang and Peng, Jieqi and Zhang, Shuai and Li, Jianxin and Xiong, Hui and Zhang, Wancai},
  booktitle={Proceedings of the AAAI conference on artificial intelligence},
  volume={35},
  pages={11106--11115},
  year={2021}
}

@book{box2015time,
  title={Time series analysis: forecasting and control},
  author={Box, George EP and Jenkins, Gwilym M and Reinsel, Gregory C and Ljung, Greta M},
  year={2015},
  publisher={John Wiley \& Sons}
}


@book{hyndman2018forecasting,
  title={Forecasting: principles and practice},
  author={Hyndman, Rob J and Athanasopoulos, George},
  year={2018},
  publisher={OTexts}
}




@article{wen2022transformers,
  title={Transformers in time series: A survey},
  author={Wen, Qingsong and Zhou, Tian and Zhang, Chaoli and Chen, Weiqi and Ma, Ziqing and Yan, Junchi and Sun, Liang},
  journal={arXiv preprint arXiv:2202.07125},
  year={2022}
}

@article{vaswani2017attention,
  title={Attention is all you need},
  author={Vaswani, Ashish and Shazeer, Noam and Parmar, Niki and Uszkoreit, Jakob and Jones, Llion and Gomez, Aidan N and Kaiser, {\L}ukasz and Polosukhin, Illia},
  journal={Advances in neural information processing systems},
  volume={30},
  year={2017}
}

@article{shaw2018self,
  title={Self-attention with relative position representations},
  author={Shaw, Peter and Uszkoreit, Jakob and Vaswani, Ashish},
  journal={arXiv preprint arXiv:1803.02155},
  year={2018}
}


@inproceedings{zerveas2021transformer,
  title={A transformer-based framework for multivariate time series representation learning},
  author={Zerveas, George and Jayaraman, Srideepika and Patel, Dhaval and Bhamidipaty, Anuradha and Eickhoff, Carsten},
  booktitle={Proceedings of the 27th ACM SIGKDD conference on knowledge discovery \& data mining},
  pages={2114--2124},
  year={2021}
}

@article{fawaz2019deep,
  title={Deep learning for time series classification: A review},
  author={Fawaz, Hassan Ismail and Forestier, Germain and Weber, Jonathan and Idoumghar, Lhassane and Muller, Pierre-Alain},
  journal={Data Mining and Knowledge Discovery},
  volume={33},
  number={4},
  pages={917--963},
  year={2019},
  publisher={Springer}
}

@inproceedings{wang2017time,
  title={Time series classification from scratch with deep neural networks: A strong baseline},
  author={Wang, Zhiguang and Yan, Weizhong and Oates, Tim},
  booktitle={International Joint Conference on Neural Networks (IJCNN)},
  pages={1578--1585},
  year={2017},
  organization={IEEE}
}

@inproceedings{song2018attend,
  title={Attend and Diagnose: Clinical Time Series Analysis Using Attention Models},
  author={Song, Haoyang and Rajan, Deepthi and Thiagarajan, Jayaraman J and Spanias, Andreas},
  booktitle={Proceedings of the Thirty-Second AAAI Conference on Artificial Intelligence},
  year={2018},
  organization={AAAI Press}
}

@inproceedings{shih2019temporal,
  title={Temporal Pattern Attention for Multivariate Time Series Forecasting},
  author={Shih, Shih-Cheng and Sun, Fan-Keng and Lee, Hung-Yi},
  booktitle={Proceedings of the 33rd Conference on Neural Information Processing Systems (NeurIPS)},
  year={2019}
}


@article{zeng2023transformers,
  title={Are Transformers Effective for Time Series Forecasting?},
  author={Zeng, Ailing and Fu, Yutong and Shang, Chenghao and Cheng, Jiashi},
  journal={arXiv preprint arXiv:2303.16640},
  year={2023}
}

@inproceedings{li2019enhancing,
  title={Enhancing the locality and breaking the memory bottleneck of Transformer on time series forecasting},
  author={Li, Haoyang and Jin, Xin and Xuan, Yutong and Zhou, Xuan and Chen, Weiying and Wang, Yuanyuan Xie and Yan, Xinyu},
  booktitle={Advances in Neural Information Processing Systems},
  pages={5243--5253},
  year={2019}
}

@article{ke2021rethinking,
  title={Rethinking Positional Encoding in Language Pre-training},
  author={Ke, Guolin and He, Di and Liu, Tie-Yan},
  journal={International Conference on Learning Representations (ICLR)},
  year={2021}
}



@article{foumani2024improving,
  title={Improving position encoding of transformers for multivariate time series classification},
  author={Foumani, Navid Mohammadi and Tan, Chang Wei and Webb, Geoffrey I and Salehi, Mahsa},
  journal={Data Mining and Knowledge Discovery},
  volume={38},
  number={1},
  pages={22--48},
  year={2024},
  publisher={Springer}
}

@article{raffel2020exploring,
  title={Exploring the limits of transfer learning with a unified text-to-text transformer},
  author={Raffel, Colin and Shazeer, Noam and Roberts, Adam and Lee, Katherine and Narang, Sharan and Matena, Michael and Zhou, Yanqi and Li, Wei and Liu, Peter J},
  journal={Journal of machine learning research},
  volume={21},
  number={140},
  pages={1--67},
  year={2020}
}

@inproceedings{yang2023exploring,
  title={Exploring the Effectiveness of Positional Embedding on Transformer-Based Architectures for Multivariate Time Series Classification},
  author={Yang, Chao and Chen, Yakun and Li, Zihao and Wang, Xianzhi},
  booktitle={International Conference on Advanced Data Mining and Applications},
  pages={34--47},
  year={2023},
  organization={Springer}
}

@article{chen2021simple,
  title={A simple and effective positional encoding for transformers},
  author={Chen, Pu-Chin and Tsai, Henry and Bhojanapalli, Srinadh and Chung, Hyung Won and Chang, Yin-Wen and Ferng, Chun-Sung},
  journal={arXiv preprint arXiv:2104.08698},
  year={2021}
}

@article{brugiere2024transformer,
  title={Transformer for Times Series: an Application to the S\&P500},
  author={Brugiere, Pierre and Turinici, Gabriel},
  journal={arXiv preprint arXiv:2403.02523},
  year={2024}
}

@article{zhang2024intriguing,
  title={Intriguing Properties of Positional Encoding in Time Series Forecasting},
  author={Zhang, Jianqi and Wang, Jingyao and Qiang, Wenwen and Xu, Fanjiang and Zheng, Changwen and Sun, Fuchun and Xiong, Hui},
  journal={arXiv preprint arXiv:2404.10337},
  year={2024}
}

@article{ke2020rethinking,
  title={Rethinking positional encoding in language pre-training},
  author={Ke, Guolin and He, Di and Liu, Tie-Yan},
  journal={arXiv preprint arXiv:2006.15595},
  year={2020}
}

@article{abbasi2024enhancing,
  title={Enhancing multivariate time series classifiers through self-attention and relative positioning infusion},
  author={Abbasi, Mehryar and Saeedi, Parvaneh},
  journal={IEEE Access},
  year={2024},
  publisher={IEEE}
}


@inproceedings{liutkus2021relative,
  title={Relative positional encoding for transformers with linear complexity},
  author={Liutkus, Antoine and C{\i}fka, Ond{\v{r}}ej and Wu, Shih-Lun and Simsekli, Umut and Yang, Yi-Hsuan and Richard, Gael},
  booktitle={International Conference on Machine Learning},
  pages={7067--7079},
  year={2021},
  organization={PMLR}
}

@article{huang2020improve,
  title={Improve transformer models with better relative position embeddings},
  author={Huang, Zhiheng and Liang, Davis and Xu, Peng and Xiang, Bing},
  journal={arXiv preprint arXiv:2009.13658},
  year={2020}
}



@dataset{lee_b_hinkle_2022_5911808,
  author       = {Lee B. Hinkle and
                  Gentry Atkinson and
                  Vangelis Metsis},
  title        = {TWristAR - wristband activity recognition},
  month        = Jan,
  year         = 2022,
  publisher    = {Zenodo},
  version      = {1.0.0},
  doi          = {10.5281/zenodo.5911808},
  url          = {https://doi.org/10.5281/zenodo.5911808},
  howpublished={\url{https://zenodo.org/records/5911808}}
}

@misc{UCRArchive2018,
  author = {Dau, Hoang Anh and Keogh, Eamonn and Kamgar, Kaveh and Yeh, Chin-Chia Michael and Zhu, Yan and Gharghabi, Shaghayegh and Ratanamahatana, Chotirat Ann and Yanping, Chen and Hu, Bing and Begum, Nurjahan and Bagnall, Anthony and Mueen, Abdullah and Batista, Gustavo},
  title = {{The UCR Time Series Classification Archive}},
  year = {2018},
}

@data{Leotta2021,
    author = {Leotta, Maurizio and Fasciglione, Andrea and Verri, Alessandro},
    publisher = {Harvard Dataverse},
    title = {{Daily Living Activity Recognition Using Wearable Devices: A Features-rich Dataset and a Novel Approach}},
    UNF = {UNF:6:IRZjN9TLpEzCMFAtAcS7Cg==},
    year = {2021},
    version = {V1},
    doi = {10.7910/DVN/G23QTS},
    url = {https://doi.org/10.7910/DVN/G23QTS}
}

@article{micucci2017unimib,
  title={Unimib shar: A dataset for human activity recognition using acceleration data from smartphones},
  author={Micucci, Daniela and Mobilio, Marco and Napoletano, Paolo},
  journal={Applied Sciences},
  volume={7},
  number={10},
  pages={1101},
  year={2017},
  publisher={MDPI}
}


@article{wen2023transformers,
  title={Transformers in time series: A survey},
  author={Wen, Qingsong and Zhou, Tian and Zhang, Chaoli and Chen, Weiqi and Ma, Ziqing and Yan, Junchi and Sun, Liang},
  journal={International Journal of Machine Learning and Cybernetics},
  year={2023},
  publisher={Springer}
}


@article{li2023time,
  title={Time series forecasting with transformers: A survey},
  author={Li, Shaohan and Jin, Xiaoping and Xuan, Yong and Zhou, Xiang and Chen, Wenhu and Wang, Yu-Xiang and Yan, Xifeng},
  journal={arXiv preprint arXiv:2307.08701},
  year={2023}
}


@misc{emg_data_for_gestures_481,
  author       = {Krilova N and Kastalskiy I and Kazantsev V and1` Makarov and Lobov S},
  title        = {{EMG Data for Gestures}},
  year         = {2018},
  howpublished = {UCI Machine Learning Repository},
  note         = {{DOI}: https://doi.org/10.24432/C5ZP5C}
}

@misc{room_occupancy_estimation_864,
  author       = {Singh, Adarsh Pal and Chaudhari, Sachin},
  title        = {{Room Occupancy Estimation}},
  year         = {2018},
  howpublished = {UCI Machine Learning Repository},
  note         = {{DOI}: https://doi.org/10.24432/C5P605}
}

@article{jain2017human,
  title={Human activity classification in smartphones using accelerometer and gyroscope sensors},
  author={Jain, Ankita and Kanhangad, Vivek},
  journal={IEEE Sensors Journal},
  volume={18},
  number={3},
  pages={1169--1177},
  year={2017},
  publisher={IEEE}
}


@inproceedings{cordonnier2021differentiable,
  title={Differentiable patch selection for image recognition},
  author={Cordonnier, Jean-Baptiste and Mahendran, Aravindh and Dosovitskiy, Alexey and Weissenborn, Dirk and Uszkoreit, Jakob and Unterthiner, Thomas},
  booktitle={Proceedings of the IEEE/CVF Conference on Computer Vision and Pattern Recognition},
  pages={2351--2360},
  year={2021}
}



@article{liu2023pyraformer,
  title={Pyraformer: Low-complexity pyramidal attention for long-range time series modeling and forecasting},
  author={Liu, Shizhan and Li, Hang and Li, Xinglin and Zhou, Mingqiang and Zhu, Ruihao and Wang, Jing},
  journal={IEEE Transactions on Neural Networks and Learning Systems},
  year={2023},
  publisher={IEEE}
}

@article{xu2023time,
  title={Time-series transformer generative pre-training for few-shot time-series classification},
  author={Xu, Ruofan and Yang, Yinghao and Liu, Zhen and Chen, Yuan and Yang, Hongxia},
  journal={IEEE Transactions on Neural Networks and Learning Systems},
  year={2023},
  publisher={IEEE}
}

@article{liu2023non,
  title={Non-stationary transformers: Exploring the stationarity in time series forecasting},
  author={Liu, Yong and Wu, Haixu and Wang, Jianmin and Long, Mingsheng},
  journal={Advances in Neural Information Processing Systems},
  volume={36},
  year={2023}
}

@article{nie2023time,
  title={Time series is a special sequence: A survey on time series forecasting with transformers},
  author={Nie, Weizhe and Nguyen, Phuong and Ding, Jiancong and Liu, Zhuoyi and Somani, Aditya and Wang, Yue},
  journal={arXiv preprint arXiv:2309.07008},
  year={2023}
}

@article{wu2021autoformer,
  title={Autoformer: Decomposition transformers with auto-correlation for long-term series forecasting},
  author={Wu, Haixu and Xu, Jiehui and Wang, Jianmin and Long, Mingsheng},
  journal={Advances in Neural Information Processing Systems},
  volume={34},
  pages={22419--22430},
  year={2021}
}