@inproceedings{malherbe2017global,
  title={Global optimization of Lipschitz functions},
  author={Malherbe, C{\'e}dric and Vayatis, Nicolas},
  booktitle={International Conference on Machine Learning},
  pages={2314--2323},
  year={2017},
  organization={PMLR}
}

@article{serre2024lipo+,
  title={LIPO+: Frugal Global Optimization for Lipschitz Functions},
  author={Serr{\'e}, Ga{\"e}tan and Beja-Battais, Perceval and Chirrane, Sophia and Kalogeratos, Argyris and Vayatis, Nicolas},
  journal={arXiv preprint arXiv:2406.19723},
  year={2024}
}

@article{zabinsky1992pure,
  title={Pure adaptive search in global optimization},
  author={Zabinsky, Zelda B and Smith, Robert L},
  journal={Mathematical programming},
  volume={53},
  number={1},
  pages={323--338},
  year={1992},
  publisher={Springer}
}

@inproceedings{malherbe2016ranking,
  title={A ranking approach to global optimization},
  author={Malherbe, C{\'e}dric and Contal, Emile and Vayatis, Nicolas},
  booktitle={International Conference on Machine Learning},
  pages={1539--1547},
  year={2016},
  organization={PMLR}
}

@article{jones1998efficient,
  title={Efficient global optimization of expensive black-box functions},
  author={Jones, Donald R and Schonlau, Matthias and Welch, William J},
  journal={Journal of Global optimization},
  volume={13},
  pages={455--492},
  year={1998},
  publisher={Springer}
}

@article{frank2010uci,
  title={UCI machine learning repository},
  author={Frank, Andrew},
  journal={http://archive. ics. uci. edu/ml},
  year={2010}
}

@article{piyavskii1972algorithm,
  title={An algorithm for finding the absolute extremum of a function},
  author={Piyavskii, SA},
  journal={USSR Computational Mathematics and Mathematical Physics},
  volume={12},
  number={4},
  pages={57--67},
  year={1972},
  publisher={Elsevier}
}

@article{dasgupta2011two,
  title={Two faces of active learning},
  author={Dasgupta, Sanjoy},
  journal={Theoretical computer science},
  volume={412},
  number={19},
  pages={1767--1781},
  year={2011},
  publisher={Elsevier}
}

@article{hanneke2011rates,
  title={Rates of convergence in active learning},
  author={Hanneke, Steve},
  journal={The Annals of Statistics},
  pages={333--361},
  year={2011},
  publisher={JSTOR}
}

@article{martinez2014bayesopt,
  title={BayesOpt: a Bayesian optimization library for nonlinear optimization, experimental design and bandits.},
  author={Martinez-Cantin, Ruben},
  journal={J. Mach. Learn. Res.},
  volume={15},
  number={1},
  pages={3735--3739},
  year={2014}
}

@inproceedings{hansen1996adapting,
  title={Adapting arbitrary normal mutation distributions in evolution strategies: The covariance matrix adaptation},
  author={Hansen, Nikolaus and Ostermeier, Andreas},
  booktitle={Proceedings of IEEE international conference on evolutionary computation},
  pages={312--317},
  year={1996},
  organization={IEEE}
}

@article{hansen2006cma,
  title={The CMA evolution strategy: a comparing review},
  author={Hansen, Nikolaus},
  journal={Towards a new evolutionary computation: Advances in the estimation of distribution algorithms},
  pages={75--102},
  year={2006},
  publisher={Springer}
}

@article{mirjalili2016whale,
  title={The whale optimization algorithm},
  author={Mirjalili, Seyedali and Lewis, Andrew},
  journal={Advances in engineering software},
  volume={95},
  pages={51--67},
  year={2016},
  publisher={Elsevier}
}

@misc{hansen2019pycma,
  author       = {Nikolaus Hansen and Youhei Akimoto and Petr Baudis},
  title        = {{CMA-ES/pycma} on {G}ithub},
  howpublished = {Zenodo, DOI:10.5281/zenodo.2559634},
  month        = feb,
  year         = 2019,
  doi          = {10.5281/zenodo.2559634},
  url          = {https://doi.org/10.5281/zenodo.2559634},
}



@InProceedings{pmlr-v235-chen24e,
  title = 	 {{I}nstruct{Z}ero: Efficient Instruction Optimization for Black-Box Large Language Models},
  author =       {Chen, Lichang and Chen, Jiuhai and Goldstein, Tom and Huang, Heng and Zhou, Tianyi},
  booktitle = 	 {Proceedings of the 41st International Conference on Machine Learning},
  pages = 	 {6503--6518},
  year = 	 {2024},
  volume = 	 {235},
  series = 	 {Proceedings of Machine Learning Research},
  month = 	 {21--27 Jul},
  publisher =    {PMLR},
  pdf = 	 {https://raw.githubusercontent.com/mlresearch/v235/main/assets/chen24e/chen24e.pdf},
  url = 	 {https://proceedings.mlr.press/v235/chen24e.html},
}



@InProceedings{pmlr-v162-sun22e,
  title = 	 {Black-Box Tuning for Language-Model-as-a-Service},
  author =       {Sun, Tianxiang and Shao, Yunfan and Qian, Hong and Huang, Xuanjing and Qiu, Xipeng},
  booktitle = 	 {Proceedings of the 39th International Conference on Machine Learning},
  pages = 	 {20841--20855},
  year = 	 {2022},
  volume = 	 {162},
  series = 	 {Proceedings of Machine Learning Research},
  month = 	 {17--23 Jul},
  publisher =    {PMLR},
  pdf = 	 {https://proceedings.mlr.press/v162/sun22e/sun22e.pdf},
  url = 	 {https://proceedings.mlr.press/v162/sun22e.html},
}

@article{kharrat2024acing,
  title={ACING: Actor-Critic for Instruction Learning in Black-Box Large Language Models},
  author={Kharrat, Salma and Fourati, Fares and Canini, Marco},
  journal={arXiv preprint arXiv:2411.12736},
  year={2024}
}



@InProceedings{pmlr-v235-lin24r,
  title = {Use Your {INSTINCT}: {INST}ruction optimization for {LLM}s us{I}ng Neural bandits Coupled with Transformers},
  author =       {Lin, Xiaoqiang and Wu, Zhaoxuan and Dai, Zhongxiang and Hu, Wenyang and Shu, Yao and Ng, See-Kiong and Jaillet, Patrick and Low, Bryan Kian Hsiang},
  booktitle = 	 {Proceedings of the 41st International Conference on Machine Learning},
  pages = 	 {30317--30345},
  year = 	 {2024},
  volume = 	 {235},
  series = 	 {Proceedings of Machine Learning Research},
  month = 	 {21--27 Jul},
  publisher =    {PMLR},
  pdf = 	 {https://raw.githubusercontent.com/mlresearch/v235/main/assets/lin24r/lin24r.pdf},
  url = 	 {https://proceedings.mlr.press/v235/lin24r.html},
}


@InProceedings{pmlr-v98-bartlett19a,
  title = 	 {A simple parameter-free and adaptive approach to optimization under a minimal local smoothness assumption},
  author =       {Bartlett, Peter L. and Gabillon, Victor and Valko, Michal},
  booktitle = 	 {Proceedings of the 30th International Conference on Algorithmic Learning Theory},
  pages = 	 {184--206},
  year = 	 {2019},
  volume = 	 {98},
  series = 	 {Proceedings of Machine Learning Research},
  month = 	 {22--24 Mar},
  publisher =    {PMLR},
  pdf = 	 {http://proceedings.mlr.press/v98/bartlett19a/bartlett19a.pdf},
  url = 	 {https://proceedings.mlr.press/v98/bartlett19a.html},
}

@article{balandat2020botorch,
  title={BoTorch: A framework for efficient Monte-Carlo Bayesian optimization},
  author={Balandat, Maximilian and Karrer, Brian and Jiang, Daniel and Daulton, Samuel and Letham, Ben and Wilson, Andrew G and Bakshy, Eytan},
  journal={Advances in neural information processing systems},
  volume={33},
  pages={21524--21538},
  year={2020}
}

@article{JMLR:v23:21-0888,
  author  = {Marius Lindauer and Katharina Eggensperger and Matthias Feurer and André Biedenkapp and Difan Deng and Carolin Benjamins and Tim Ruhkopf and René Sass and Frank Hutter},
  title   = {SMAC3: A Versatile Bayesian Optimization Package for Hyperparameter Optimization},
  journal = {Journal of Machine Learning Research},
  year    = {2022},
  volume  = {23},
  number  = {54},
  pages   = {1--9},
  url     = {http://jmlr.org/papers/v23/21-0888.html}
}


@article{JMLR:v20:18-213,
  author  = {Felix Berkenkamp and Angela P. Schoellig and Andreas Krause},
  title   = {No-Regret Bayesian Optimization with Unknown Hyperparameters},
  journal = {Journal of Machine Learning Research},
  year    = {2019},
  volume  = {20},
  number  = {50},
  pages   = {1--24},
  url     = {http://jmlr.org/papers/v20/18-213.html}
}

@article{lindauer2022smac3,
  title={SMAC3: A versatile Bayesian optimization package for hyperparameter optimization},
  author={Lindauer, Marius and Eggensperger, Katharina and Feurer, Matthias and Biedenkapp, Andr{\'e} and Deng, Difan and Benjamins, Carolin and Ruhkopf, Tim and Sass, Ren{\'e} and Hutter, Frank},
  journal={Journal of Machine Learning Research},
  volume={23},
  number={54},
  pages={1--9},
  year={2022}
}

@article{sutton2018reinforcement,
  title={Reinforcement learning: An introduction},
  author={Sutton, Richard S},
  journal={A Bradford Book},
  year={2018}
}

@book{lattimore2020bandit,
  title={Bandit algorithms},
  author={Lattimore, Tor and Szepesv{\'a}ri, Csaba},
  year={2020},
  publisher={Cambridge University Press}
}

@inproceedings{haarnoja2018soft,
  title={Soft actor-critic: Off-policy maximum entropy deep reinforcement learning with a stochastic actor},
  author={Haarnoja, Tuomas and Zhou, Aurick and Abbeel, Pieter and Levine, Sergey},
  booktitle={International conference on machine learning},
  pages={1861--1870},
  year={2018},
  organization={PMLR}
}


@InProceedings{pmlr-v235-fourati24b,
  title = 	 {Federated Combinatorial Multi-Agent Multi-Armed Bandits},
  author =       {Fourati, Fares and Alouini, Mohamed-Slim and Aggarwal, Vaneet},
  booktitle = 	 {Proceedings of the 41st International Conference on Machine Learning},
  pages = 	 {13760--13782},
  year = 	 {2024},
  editor = 	 {Salakhutdinov, Ruslan and Kolter, Zico and Heller, Katherine and Weller, Adrian and Oliver, Nuria and Scarlett, Jonathan and Berkenkamp, Felix},
  volume = 	 {235},
  series = 	 {Proceedings of Machine Learning Research},
  month = 	 {21--27 Jul},
  publisher =    {PMLR},
  pdf = 	 {https://raw.githubusercontent.com/mlresearch/v235/main/assets/fourati24b/fourati24b.pdf},
  url = 	 {https://proceedings.mlr.press/v235/fourati24b.html},
}



@inproceedings{fourati2023randomized,
  title={Randomized greedy learning for non-monotone stochastic submodular maximization under full-bandit feedback},
  author={Fourati, Fares and Aggarwal, Vaneet and Quinn, Christopher and Alouini, Mohamed-Slim},
  booktitle={International Conference on Artificial Intelligence and Statistics},
  pages={7455--7471},
  year={2023},
  organization={PMLR}
}

@inproceedings{fourati2024combinatorial,
  title={Combinatorial stochastic-greedy bandit},
  author={Fourati, Fares and Quinn, Christopher John and Alouini, Mohamed-Slim and Aggarwal, Vaneet},
  booktitle={Proceedings of the AAAI Conference on Artificial Intelligence},
  volume={38},
  number={11},
  pages={12052--12060},
  year={2024}
}


@InProceedings{pmlr-v235-fourati24a,
  title = 	 {{Stochastic Q-learning for Large Discrete Action Spaces}},
  author =       {Fourati, Fares and Aggarwal, Vaneet and Alouini, Mohamed-Slim},
  booktitle = 	 {ICML},
  year = 	 {2024},
  url = 	 {https://proceedings.mlr.press/v235/fourati24a.html},
}





@article{jones1993lipschitzian,
  title={Lipschitzian optimization without the Lipschitz constant},
  author={Jones, Donald R and Perttunen, Cary D and Stuckman, Bruce E},
  journal={Journal of optimization Theory and Applications},
  volume={79},
  pages={157--181},
  year={1993},
  publisher={Springer}
}


@inproceedings{zhou2020neural,
  title={Neural contextual bandits with ucb-based exploration},
  author={Zhou, Dongruo and Li, Lihong and Gu, Quanquan},
  booktitle={International Conference on Machine Learning},
  pages={11492--11502},
  year={2020},
  organization={PMLR}
}

@article{zhu2021pure,
  title={Pure exploration in kernel and neural bandits},
  author={Zhu, Yinglun and Zhou, Dongruo and Jiang, Ruoxi and Gu, Quanquan and Willett, Rebecca and Nowak, Robert},
  journal={Advances in neural information processing systems},
  volume={34},
  pages={11618--11630},
  year={2021}
}

@article{kawaguchi2016global,
  title={Global continuous optimization with error bound and fast convergence},
  author={Kawaguchi, Kenji and Maruyama, Yu and Zheng, Xiaoyu},
  journal={Journal of Artificial Intelligence Research},
  volume={56},
  pages={153--195},
  year={2016}
}

@article{virtanen2020scipy,
  title={SciPy 1.0: fundamental algorithms for scientific computing in Python},
  author={Virtanen, Pauli and Gommers, Ralf and Oliphant, Travis E and Haberland, Matt and Reddy, Tyler and Cournapeau, David and Burovski, Evgeni and Peterson, Pearu and Weckesser, Warren and Bright, Jonathan and others},
  journal={Nature methods},
  volume={17},
  number={3},
  pages={261--272},
  year={2020},
  publisher={Nature Publishing Group}
}

@article{jones2021direct,
  title={The DIRECT algorithm: 25 years Later},
  author={Jones, Donald R and Martins, Joaquim RRA},
  journal={Journal of global optimization},
  volume={79},
  number={3},
  pages={521--566},
  year={2021},
  publisher={Springer}
}

@article{munos2011optimistic,
  title={Optimistic optimization of a deterministic function without the knowledge of its smoothness},
  author={Munos, R{\'e}mi},
  journal={Advances in neural information processing systems},
  volume={24},
  year={2011}
}


@MISC{simulationlib, 
 author = {Surjanovic, S. and Bingham, D.}, 
 title = {Virtual Library of Simulation Experiments: Test Functions and Datasets}, 
 year={2013},
 howpublished = {Retrieved October 10, 2024, from \url{http://www.sfu.ca/~ssurjano}} 
}

@article{molga2005test,
  title={Test functions for optimization needs},
  author={Molga, Marcin and Smutnicki, Czes{\l}aw},
  journal={Test functions for optimization needs},
  volume={101},
  pages={48},
  year={2005}
}


@inproceedings{kleinberg2008multi,
  title={Multi-armed bandits in metric spaces},
  author={Kleinberg, Robert and Slivkins, Aleksandrs and Upfal, Eli},
  booktitle={Proceedings of the fortieth annual ACM symposium on Theory of computing},
  pages={681--690},
  year={2008}
}

@article{bubeck2011x,
  title={X-Armed Bandits.},
  author={Bubeck, S{\'e}bastien and Munos, R{\'e}mi and Stoltz, Gilles and Szepesv{\'a}ri, Csaba},
  journal={Journal of Machine Learning Research},
  volume={12},
  number={5},
  year={2011}
}

@article{bull2011convergence,
  title={Convergence rates of efficient global optimization algorithms.},
  author={Bull, Adam D},
  journal={Journal of Machine Learning Research},
  volume={12},
  number={10},
  year={2011}
}

@article{brooks1958discussion,
  title={A discussion of random methods for seeking maxima},
  author={Brooks, Samuel H},
  journal={Operations research},
  volume={6},
  number={2},
  pages={244--251},
  year={1958},
  publisher={INFORMS}
}


@book{zabinsky2013stochastic,
  title={Stochastic adaptive search for global optimization},
  author={Zabinsky, Zelda B},
  volume={72},
  year={2013},
  publisher={Springer Science \& Business Media}
}

@article{shubert1972sequential,
  title={A sequential method seeking the global maximum of a function},
  author={Shubert, Bruno O},
  journal={SIAM Journal on Numerical Analysis},
  volume={9},
  number={3},
  pages={379--388},
  year={1972},
  publisher={SIAM}
}



@article{huyer1999global,
  title={Global optimization by multilevel coordinate search},
  author={Huyer, Waltraud and Neumaier, Arnold},
  journal={Journal of Global Optimization},
  volume={14},
  pages={331--355},
  year={1999},
  publisher={Springer}
}

@inproceedings{preux2014bandits,
  title={Bandits attack function optimization},
  author={Preux, Philippe and Munos, R{\'e}mi and Valko, Michal},
  booktitle={2014 IEEE congress on evolutionary computation (CEC)},
  pages={2245--2252},
  year={2014},
  organization={IEEE}
}

@article{kirkpatrick1983optimization,
  title={Optimization by simulated annealing},
  author={Kirkpatrick, Scott and Gelatt Jr, C Daniel and Vecchi, Mario P},
  journal={science},
  volume={220},
  number={4598},
  pages={671--680},
  year={1983},
  publisher={American association for the advancement of science}
}

@article{metropolis1953equation,
  title={Equation of state calculations by fast computing machines},
  author={Metropolis, Nicholas and Rosenbluth, Arianna W and Rosenbluth, Marshall N and Teller, Augusta H and Teller, Edward},
  journal={The journal of chemical physics},
  volume={21},
  number={6},
  pages={1087--1092},
  year={1953},
  publisher={American Institute of Physics}
}

@techreport{finkel2004convergence,
  title={Convergence analysis of the DIRECT algorithm},
  author={Finkel, D and Kelley, Carl Tim},
  year={2004},
  institution={North Carolina State University. Center for Research in Scientific Computation}
}

@article{munos2014bandits,
  title={From bandits to monte-carlo tree search: The optimistic principle applied to optimization and planning},
  author={Munos, R{\'e}mi and others},
  journal={Foundations and Trends{\textregistered} in Machine Learning},
  volume={7},
  number={1},
  pages={1--129},
  year={2014},
  publisher={Now Publishers, Inc.}
}

@article{xiang1997generalized,
  title={Generalized simulated annealing algorithm and its application to the Thomson model},
  author={Xiang, Yang and Sun, DY and Fan, W and Gong, XG},
  journal={Physics Letters A},
  volume={233},
  number={3},
  pages={216--220},
  year={1997},
  publisher={Elsevier}
}

@article{tsallis1988possible,
  title={Possible generalization of Boltzmann-Gibbs statistics},
  author={Tsallis, Constantino},
  journal={Journal of statistical physics},
  volume={52},
  pages={479--487},
  year={1988},
  publisher={Springer}
}

@article{auer2002using,
  title={Using confidence bounds for exploitation-exploration trade-offs},
  author={Auer, Peter},
  journal={Journal of Machine Learning Research},
  volume={3},
  number={Nov},
  pages={397--422},
  year={2002}
}

@article{langford2007epoch,
  title={The epoch-greedy algorithm for contextual multi-armed bandits},
  author={Langford, John and Zhang, Tong},
  journal={Advances in neural information processing systems},
  volume={20},
  number={1},
  pages={96--1},
  year={2007},
  publisher={Citeseer}
}

@article{filippi2010parametric,
  title={Parametric bandits: The generalized linear case},
  author={Filippi, Sarah and Cappe, Olivier and Garivier, Aur{\'e}lien and Szepesv{\'a}ri, Csaba},
  journal={Advances in neural information processing systems},
  volume={23},
  year={2010}
}

@article{tsallis1996generalized,
  title={Generalized simulated annealing},
  author={Tsallis, Constantino and Stariolo, Daniel A},
  journal={Physica A: Statistical Mechanics and its Applications},
  volume={233},
  number={1-2},
  pages={395--406},
  year={1996},
  publisher={Elsevier}
}

@ARTICLE{7352306,
  author={Shahriari, Bobak and Swersky, Kevin and Wang, Ziyu and Adams, Ryan P. and de Freitas, Nando},
  journal={Proceedings of the IEEE}, 
  title={Taking the Human Out of the Loop: A Review of Bayesian Optimization}, 
  year={2016},
  volume={104},
  number={1},
  pages={148-175},
  keywords={Big data;Bayes methods;Linear programming;Decision making;Design of experiments;Optimization;Genomes;Statistical analysis;decision making;design of experiments;optimization;response surface methodology;statistical learning;genomic medicine;Decision making;design of experiments;optimization;response surface methodology;statistical learning},
  doi={10.1109/JPROC.2015.2494218}}

@Misc{fernando2014bayes,
    author = {Fernando Nogueira},
    title = {{Bayesian Optimization}: Open source constrained global optimization tool for {Python}},
    year = {2014--},
    url = " https://github.com/bayesian-optimization/BayesianOptimization"
}

@article{valko2013finite,
  title={Finite-time analysis of kernelised contextual bandits},
  author={Valko, Michal and Korda, Nathaniel and Munos, R{\'e}mi and Flaounas, Ilias and Cristianini, Nelo},
  journal={arXiv preprint arXiv:1309.6869},
  year={2013}
}


@article{frazier2018tutorial,
  title={A tutorial on Bayesian optimization},
  author={Frazier, Peter I},
  journal={arXiv preprint arXiv:1807.02811},
  year={2018}
}

@book{torn1989global,
  title={Global optimization},
  author={T{\"o}rn, Aimo and {\v{Z}}ilinskas, Antanas},
  volume={350},
  year={1989},
  publisher={Springer}
}

@misc{openai2023chatgpt,
  author       = {OpenAI},
  title        = {ChatGPT},
  year         = {2023},
  url          = {https://chat.openai.com}
}

@book{horst2013handbook,
  title={Handbook of global optimization},
  author={Pardalos, Panos M},
  volume={2},
  year={2013},
  publisher={Springer Science \& Business Media}
}

@article{floudas2014recent,
  title={Recent advances in global optimization},
  author={Floudas, Christodoulos A and Pardalos, Panos M},
  year={2014},
  publisher={princeton University press}
}


@article{stork2022new,
  title={A new taxonomy of global optimization algorithms},
  author={Stork, J{\"o}rg and Eiben, Agoston E and Bartz-Beielstein, Thomas},
  journal={Natural Computing},
  volume={21},
  number={2},
  pages={219--242},
  year={2022},
  publisher={Springer}
}

@article{nomura2024cmaes,
  title={Cmaes: A simple yet practical Python library for CMA-ES},
  author={Nomura, Masahiro and Shibata, Masashi},
  journal={arXiv preprint arXiv:2402.01373},
  year={2024}
}