@ARTICLE{7352306,
  author={Shahriari, Bobak and Swersky, Kevin and Wang, Ziyu and Adams, Ryan P. and de Freitas, Nando},
  journal={Proceedings of the IEEE}, 
  title={Taking the Human Out of the Loop: A Review of Bayesian Optimization}, 
  year={2016},
  volume={104},
  number={1},
  pages={148-175},
  keywords={Big data;Bayes methods;Linear programming;Decision making;Design of experiments;Optimization;Genomes;Statistical analysis;decision making;design of experiments;optimization;response surface methodology;statistical learning;genomic medicine;Decision making;design of experiments;optimization;response surface methodology;statistical learning},
  doi={10.1109/JPROC.2015.2494218}}

@article{JMLR:v20:18-213,
  author  = {Felix Berkenkamp and Angela P. Schoellig and Andreas Krause},
  title   = {No-Regret Bayesian Optimization with Unknown Hyperparameters},
  journal = {Journal of Machine Learning Research},
  year    = {2019},
  volume  = {20},
  number  = {50},
  pages   = {1--24},
  url     = {http://jmlr.org/papers/v20/18-213.html}
}

@article{JMLR:v23:21-0888,
  author  = {Marius Lindauer and Katharina Eggensperger and Matthias Feurer and André Biedenkapp and Difan Deng and Carolin Benjamins and Tim Ruhkopf and René Sass and Frank Hutter},
  title   = {SMAC3: A Versatile Bayesian Optimization Package for Hyperparameter Optimization},
  journal = {Journal of Machine Learning Research},
  year    = {2022},
  volume  = {23},
  number  = {54},
  pages   = {1--9},
  url     = {http://jmlr.org/papers/v23/21-0888.html}
}

@article{auer2002using,
  title={Using confidence bounds for exploitation-exploration trade-offs},
  author={Auer, Peter},
  journal={Journal of Machine Learning Research},
  volume={3},
  number={Nov},
  pages={397--422},
  year={2002}
}

@article{balandat2020botorch,
  title={BoTorch: A framework for efficient Monte-Carlo Bayesian optimization},
  author={Balandat, Maximilian and Karrer, Brian and Jiang, Daniel and Daulton, Samuel and Letham, Ben and Wilson, Andrew G and Bakshy, Eytan},
  journal={Advances in neural information processing systems},
  volume={33},
  pages={21524--21538},
  year={2020}
}

@article{brooks1958discussion,
  title={A discussion of random methods for seeking maxima},
  author={Brooks, Samuel H},
  journal={Operations research},
  volume={6},
  number={2},
  pages={244--251},
  year={1958},
  publisher={INFORMS}
}

@article{bubeck2011x,
  title={X-Armed Bandits.},
  author={Bubeck, S{\'e}bastien and Munos, R{\'e}mi and Stoltz, Gilles and Szepesv{\'a}ri, Csaba},
  journal={Journal of Machine Learning Research},
  volume={12},
  number={5},
  year={2011}
}

@Misc{fernando2014bayes,
    author = {Fernando Nogueira},
    title = {{Bayesian Optimization}: Open source constrained global optimization tool for {Python}},
    year = {2014--},
    url = " https://github.com/bayesian-optimization/BayesianOptimization"
}

@article{filippi2010parametric,
  title={Parametric bandits: The generalized linear case},
  author={Filippi, Sarah and Cappe, Olivier and Garivier, Aur{\'e}lien and Szepesv{\'a}ri, Csaba},
  journal={Advances in neural information processing systems},
  volume={23},
  year={2010}
}

@inproceedings{fourati2023randomized,
  title={Randomized greedy learning for non-monotone stochastic submodular maximization under full-bandit feedback},
  author={Fourati, Fares and Aggarwal, Vaneet and Quinn, Christopher and Alouini, Mohamed-Slim},
  booktitle={International Conference on Artificial Intelligence and Statistics},
  pages={7455--7471},
  year={2023},
  organization={PMLR}
}

@inproceedings{fourati2024combinatorial,
  title={Combinatorial stochastic-greedy bandit},
  author={Fourati, Fares and Quinn, Christopher John and Alouini, Mohamed-Slim and Aggarwal, Vaneet},
  booktitle={Proceedings of the AAAI Conference on Artificial Intelligence},
  volume={38},
  number={11},
  pages={12052--12060},
  year={2024}
}

@article{frazier2018tutorial,
  title={A tutorial on Bayesian optimization},
  author={Frazier, Peter I},
  journal={arXiv preprint arXiv:1807.02811},
  year={2018}
}

@inproceedings{hansen1996adapting,
  title={Adapting arbitrary normal mutation distributions in evolution strategies: The covariance matrix adaptation},
  author={Hansen, Nikolaus and Ostermeier, Andreas},
  booktitle={Proceedings of IEEE international conference on evolutionary computation},
  pages={312--317},
  year={1996},
  organization={IEEE}
}

@article{hansen2006cma,
  title={The CMA evolution strategy: a comparing review},
  author={Hansen, Nikolaus},
  journal={Towards a new evolutionary computation: Advances in the estimation of distribution algorithms},
  pages={75--102},
  year={2006},
  publisher={Springer}
}

@misc{hansen2019pycma,
  author       = {Nikolaus Hansen and Youhei Akimoto and Petr Baudis},
  title        = {{CMA-ES/pycma} on {G}ithub},
  howpublished = {Zenodo, DOI:10.5281/zenodo.2559634},
  month        = feb,
  year         = 2019,
  doi          = {10.5281/zenodo.2559634},
  url          = {https://doi.org/10.5281/zenodo.2559634},
}

@article{jones1993lipschitzian,
  title={Lipschitzian optimization without the Lipschitz constant},
  author={Jones, Donald R and Perttunen, Cary D and Stuckman, Bruce E},
  journal={Journal of optimization Theory and Applications},
  volume={79},
  pages={157--181},
  year={1993},
  publisher={Springer}
}

@article{jones2021direct,
  title={The DIRECT algorithm: 25 years Later},
  author={Jones, Donald R and Martins, Joaquim RRA},
  journal={Journal of global optimization},
  volume={79},
  number={3},
  pages={521--566},
  year={2021},
  publisher={Springer}
}

@article{kawaguchi2016global,
  title={Global continuous optimization with error bound and fast convergence},
  author={Kawaguchi, Kenji and Maruyama, Yu and Zheng, Xiaoyu},
  journal={Journal of Artificial Intelligence Research},
  volume={56},
  pages={153--195},
  year={2016}
}

@article{kirkpatrick1983optimization,
  title={Optimization by simulated annealing},
  author={Kirkpatrick, Scott and Gelatt Jr, C Daniel and Vecchi, Mario P},
  journal={science},
  volume={220},
  number={4598},
  pages={671--680},
  year={1983},
  publisher={American association for the advancement of science}
}

@inproceedings{kleinberg2008multi,
  title={Multi-armed bandits in metric spaces},
  author={Kleinberg, Robert and Slivkins, Aleksandrs and Upfal, Eli},
  booktitle={Proceedings of the fortieth annual ACM symposium on Theory of computing},
  pages={681--690},
  year={2008}
}

@article{langford2007epoch,
  title={The epoch-greedy algorithm for contextual multi-armed bandits},
  author={Langford, John and Zhang, Tong},
  journal={Advances in neural information processing systems},
  volume={20},
  number={1},
  pages={96--1},
  year={2007},
  publisher={Citeseer}
}

@book{lattimore2020bandit,
  title={Bandit algorithms},
  author={Lattimore, Tor and Szepesv{\'a}ri, Csaba},
  year={2020},
  publisher={Cambridge University Press}
}

@inproceedings{malherbe2017global,
  title={Global optimization of Lipschitz functions},
  author={Malherbe, C{\'e}dric and Vayatis, Nicolas},
  booktitle={International Conference on Machine Learning},
  pages={2314--2323},
  year={2017},
  organization={PMLR}
}

@article{metropolis1953equation,
  title={Equation of state calculations by fast computing machines},
  author={Metropolis, Nicholas and Rosenbluth, Arianna W and Rosenbluth, Marshall N and Teller, Augusta H and Teller, Edward},
  journal={The journal of chemical physics},
  volume={21},
  number={6},
  pages={1087--1092},
  year={1953},
  publisher={American Institute of Physics}
}

@article{munos2011optimistic,
  title={Optimistic optimization of a deterministic function without the knowledge of its smoothness},
  author={Munos, R{\'e}mi},
  journal={Advances in neural information processing systems},
  volume={24},
  year={2011}
}

@InProceedings{pmlr-v235-fourati24b,
  title = 	 {Federated Combinatorial Multi-Agent Multi-Armed Bandits},
  author =       {Fourati, Fares and Alouini, Mohamed-Slim and Aggarwal, Vaneet},
  booktitle = 	 {Proceedings of the 41st International Conference on Machine Learning},
  pages = 	 {13760--13782},
  year = 	 {2024},
  editor = 	 {Salakhutdinov, Ruslan and Kolter, Zico and Heller, Katherine and Weller, Adrian and Oliver, Nuria and Scarlett, Jonathan and Berkenkamp, Felix},
  volume = 	 {235},
  series = 	 {Proceedings of Machine Learning Research},
  month = 	 {21--27 Jul},
  publisher =    {PMLR},
  pdf = 	 {https://raw.githubusercontent.com/mlresearch/v235/main/assets/fourati24b/fourati24b.pdf},
  url = 	 {https://proceedings.mlr.press/v235/fourati24b.html},
}

@InProceedings{pmlr-v98-bartlett19a,
  title = 	 {A simple parameter-free and adaptive approach to optimization under a minimal local smoothness assumption},
  author =       {Bartlett, Peter L. and Gabillon, Victor and Valko, Michal},
  booktitle = 	 {Proceedings of the 30th International Conference on Algorithmic Learning Theory},
  pages = 	 {184--206},
  year = 	 {2019},
  volume = 	 {98},
  series = 	 {Proceedings of Machine Learning Research},
  month = 	 {22--24 Mar},
  publisher =    {PMLR},
  pdf = 	 {http://proceedings.mlr.press/v98/bartlett19a/bartlett19a.pdf},
  url = 	 {https://proceedings.mlr.press/v98/bartlett19a.html},
}

@inproceedings{preux2014bandits,
  title={Bandits attack function optimization},
  author={Preux, Philippe and Munos, R{\'e}mi and Valko, Michal},
  booktitle={2014 IEEE congress on evolutionary computation (CEC)},
  pages={2245--2252},
  year={2014},
  organization={IEEE}
}

@article{serre2024lipo+,
  title={LIPO+: Frugal Global Optimization for Lipschitz Functions},
  author={Serr{\'e}, Ga{\"e}tan and Beja-Battais, Perceval and Chirrane, Sophia and Kalogeratos, Argyris and Vayatis, Nicolas},
  journal={arXiv preprint arXiv:2406.19723},
  year={2024}
}

@article{tsallis1988possible,
  title={Possible generalization of Boltzmann-Gibbs statistics},
  author={Tsallis, Constantino},
  journal={Journal of statistical physics},
  volume={52},
  pages={479--487},
  year={1988},
  publisher={Springer}
}

@article{tsallis1996generalized,
  title={Generalized simulated annealing},
  author={Tsallis, Constantino and Stariolo, Daniel A},
  journal={Physica A: Statistical Mechanics and its Applications},
  volume={233},
  number={1-2},
  pages={395--406},
  year={1996},
  publisher={Elsevier}
}

@article{valko2013finite,
  title={Finite-time analysis of kernelised contextual bandits},
  author={Valko, Michal and Korda, Nathaniel and Munos, R{\'e}mi and Flaounas, Ilias and Cristianini, Nelo},
  journal={arXiv preprint arXiv:1309.6869},
  year={2013}
}

@article{xiang1997generalized,
  title={Generalized simulated annealing algorithm and its application to the Thomson model},
  author={Xiang, Yang and Sun, DY and Fan, W and Gong, XG},
  journal={Physics Letters A},
  volume={233},
  number={3},
  pages={216--220},
  year={1997},
  publisher={Elsevier}
}

@book{zabinsky2013stochastic,
  title={Stochastic adaptive search for global optimization},
  author={Zabinsky, Zelda B},
  volume={72},
  year={2013},
  publisher={Springer Science \& Business Media}
}

@inproceedings{zhou2020neural,
  title={Neural contextual bandits with ucb-based exploration},
  author={Zhou, Dongruo and Li, Lihong and Gu, Quanquan},
  booktitle={International Conference on Machine Learning},
  pages={11492--11502},
  year={2020},
  organization={PMLR}
}

