@inproceedings{bharadhwaj2022information,
  title={Information Prioritization through Empowerment in Visual Model-based RL},
  author={Bharadhwaj, Homanga and Babaeizadeh, Mohammad and Erhan, Dumitru and Levine, Sergey},
  booktitle={International Conference on Learning Representations},
  year={2022}
}

@inproceedings{brady2023provably,
  title={Provably learning object-centric representations},
  author={Brady, Jack and Zimmermann, Roland S and Sharma, Yash and Sch{\"o}lkopf, Bernhard and Von K{\"u}gelgen, Julius and Brendel, Wieland},
  booktitle={International Conference on Machine Learning},
  pages={3038--3062},
  year={2023},
  organization={PMLR}
}

@inproceedings{cao2024towards,
  title={Towards Empowerment Gain through Causal Structure Learning in Model-Based RL},
  author={Cao, Hongye and Feng, Fan and Fang, Meng and Dong, Shaokang and Huo, Jing and Gao, Yang},
  booktitle={ICML 2024 Workshop: Foundations of Reinforcement Learning and Control--Connections and Perspectives},
    year={2024}
}

@article{choi2021variational,
  title={Variational empowerment as representation learning for goal-based reinforcement learning},
  author={Choi, Jongwook and Sharma, Archit and Lee, Honglak and Levine, Sergey and Gu, Shixiang Shane},
  journal={arXiv preprint arXiv:2106.01404},
  year={2021}
}

@inproceedings{choi2024unsupervised,
  title={Unsupervised object interaction learning with counterfactual dynamics models},
  author={Choi, Jongwook and Lee, Sungtae and Wang, Xinyu and Sohn, Sungryull and Lee, Honglak},
  booktitle={Proceedings of the AAAI Conference on Artificial Intelligence},
  volume={38},
  number={10},
  pages={11570--11578},
  year={2024}
}

@inproceedings{diuk2008object,
  title={An object-oriented representation for efficient reinforcement learning},
  author={Diuk, Carlos and Cohen, Andre and Littman, Michael L},
  booktitle={Proceedings of the 25th international conference on Machine learning},
  pages={240--247},
  year={2008}
}

@article{eslami2016attend,
  title={Attend, infer, repeat: Fast scene understanding with generative models},
  author={Eslami, SM and Heess, Nicolas and Weber, Theophane and Tassa, Yuval and Szepesvari, David and Hinton, Geoffrey E and others},
  journal={Advances in neural information processing systems},
  volume={29},
  year={2016}
}

@inproceedings{eysenbach2018diversity,
  title={Diversity is All You Need: Learning Skills without a Reward Function},
  author={Eysenbach, Benjamin and Gupta, Abhishek and Ibarz, Julian and Levine, Sergey},
  booktitle={International Conference on Learning Representations},
  year={2018}
}

@article{feng2023learning,
  title={Learning dynamic attribute-factored world models for efficient multi-object reinforcement learning},
  author={Feng, Fan and Magliacane, Sara},
  journal={Advances in Neural Information Processing Systems},
  volume={36},
  year={2023}
}

@inproceedings{haramati2024entity,
  title={Entity-Centric Reinforcement Learning for Object Manipulation from Pixels},
  author={Haramati, Dan and Daniel, Tal and Tamar, Aviv},
  booktitle={NeurIPS 2023 Workshop on Goal-Conditioned Reinforcement Learning},
    year={2023}
}

@article{hu2023elden,
  title={ELDEN: exploration via local dependencies},
  author={Wang, Zizhao and Hu, Jiaheng and Stone, Peter and Mart{\'\i}n-Mart{\'\i}n, Roberto},
  journal={Advances in Neural Information Processing Systems},
  volume={36},
  year={2024}
}

@inproceedings{huangadarl,
  title={AdaRL: What, Where, and How to Adapt in Transfer Reinforcement Learning},
  author={Huang, Biwei and Feng, Fan and Lu, Chaochao and Magliacane, Sara and Zhang, Kun},
  booktitle={International Conference on Learning Representations},
    year={2022}
}

@inproceedings{ji2024ace,
  title={ACE: Off-Policy Actor-Critic with Causality-Aware Entropy Regularization},
  author={Ji, Tianying and Liang, Yongyuan and Zeng, Yan and Luo, Yu and Xu, Guowei and Guo, Jiawei and Zheng, Ruijie and Huang, Furong and Sun, Fuchun and Xu, Huazhe},
  booktitle={Forty-first International Conference on Machine Learning},
year={2024}
}

@inproceedings{jiang2019scalor,
  title={SCALOR: Generative World Models with Scalable Object Representations},
  author={Jiang, Jindong and Janghorbani, Sepehr and De Melo, Gerard and Ahn, Sungjin},
  booktitle={International Conference on Learning Representations},
    year={2019}
}

@article{jiang2023object,
  title={Object-centric slot diffusion},
  author={Jiang, Jindong and Deng, Fei and Singh, Gautam and Ahn, Sungjin},
  journal={arXiv preprint arXiv:2303.10834},
  year={2023}
}

@article{jiang2024slot,
  title={Slot State Space Models},
  author={Jiang, Jindong and Deng, Fei and Singh, Gautam and Lee, Minseung and Ahn, Sungjin},
  journal={arXiv preprint arXiv:2406.12272},
  year={2024}
}

@inproceedings{klyubin2005empowerment,
  title={Empowerment: A universal agent-centric measure of control},
  author={Klyubin, Alexander S and Polani, Daniel and Nehaniv, Chrystopher L},
  booktitle={2005 ieee congress on evolutionary computation},
  volume={1},
  pages={128--135},
  year={2005},
  organization={IEEE}
}

@article{kori2024identifiable,
  title={Identifiable Object-Centric Representation Learning via Probabilistic Slot Attention},
  author={Kori, Avinash and Locatello, Francesco and Santhirasekaram, Ainkaran and Toni, Francesca and Glocker, Ben and Ribeiro, Fabio De Sousa},
  journal={arXiv preprint arXiv:2406.07141},
  year={2024}
}

@article{kosiorek2018sequential,
  title={Sequential attend, infer, repeat: Generative modelling of moving objects},
  author={Kosiorek, Adam and Kim, Hyunjik and Teh, Yee Whye and Posner, Ingmar},
  journal={Advances in Neural Information Processing Systems},
  volume={31},
  year={2018}
}

@inproceedings{kossen2019structured,
  title={Structured Object-Aware Physics Prediction for Video Modeling and Planning},
  author={Kossen, Jannik and Stelzner, Karl and Hussing, Marcel and Voelcker, Claas and Kersting, Kristian},
  booktitle={International Conference on Learning Representations},
    year={2019}
}

@article{lachapelle2024additive,
  title={Additive decoders for latent variables identification and cartesian-product extrapolation},
  author={Lachapelle, S{\'e}bastien and Mahajan, Divyat and Mitliagkas, Ioannis and Lacoste-Julien, Simon},
  journal={Advances in Neural Information Processing Systems},
  volume={36},
  year={2024}
}

@article{leibfried2019unified,
  title={A unified bellman optimality principle combining reward maximization and empowerment},
  author={Leibfried, Felix and Pascual-Diaz, Sergio and Grau-Moya, Jordi},
  journal={Advances in Neural Information Processing Systems},
  volume={32},
  year={2019}
}

@inproceedings{li2020towards,
  title={Towards practical multi-object manipulation using relational reinforcement learning},
  author={Li, Richard and Jabri, Allan and Darrell, Trevor and Agrawal, Pulkit},
  booktitle={2020 ieee international conference on robotics and automation (icra)},
  pages={4051--4058},
  year={2020},
  organization={IEEE}
}

@inproceedings{li2024manipllm,
  title={Manipllm: Embodied multimodal large language model for object-centric robotic manipulation},
  author={Li, Xiaoqi and Zhang, Mingxu and Geng, Yiran and Geng, Haoran and Long, Yuxing and Shen, Yan and Zhang, Renrui and Liu, Jiaming and Dong, Hao},
  booktitle={Proceedings of the IEEE/CVF Conference on Computer Vision and Pattern Recognition},
  pages={18061--18070},
  year={2024}
}

@inproceedings{lin2020improving,
  title={Improving generative imagination in object-centric world models},
  author={Lin, Zhixuan and Wu, Yi-Fu and Peri, Skand and Fu, Bofeng and Jiang, Jindong and Ahn, Sungjin},
  booktitle={International conference on machine learning},
  pages={6140--6149},
  year={2020},
  organization={PMLR}
}

@article{liu2024learning,
  title={Learning World Models with Identifiable Factorization},
  author={Liu, Yuren and Huang, Biwei and Zhu, Zhengmao and Tian, Honglong and Gong, Mingming and Yu, Yang and Zhang, Kun},
  journal={Advances in Neural Information Processing Systems},
  volume={36},
  year={2024}
}

@article{locatello2020object,
  title={Object-centric learning with slot attention},
  author={Locatello, Francesco and Weissenborn, Dirk and Unterthiner, Thomas and Mahendran, Aravindh and Heigold, Georg and Uszkoreit, Jakob and Dosovitskiy, Alexey and Kipf, Thomas},
  journal={Advances in neural information processing systems},
  volume={33},
  pages={11525--11538},
  year={2020}
}

@inproceedings{mambelli2022compositional,
  title={Compositional Multi-object Reinforcement Learning with Linear Relation Networks},
  author={Mambelli, Davide and Tr{\"a}uble, Frederik and Bauer, Stefan and Sch{\"o}lkopf, Bernhard and Locatello, Francesco},
  booktitle={ICLR2022 Workshop on the Elements of Reasoning: Objects, Structure and Causality},
  year={2022}
}

@article{mitash2024scaling,
  title={Scaling object-centric robotic manipulation with multimodal object identification},
  author={Mitash, Chaitanya and Hussein, Mostafa and Vanbaar, Jeroen and Terhuja, Vikedo and Katyal, Kapil},
  year={2024}
}

@article{mohamed2015variational,
  title={Variational information maximisation for intrinsically motivated reinforcement learning},
  author={Mohamed, Shakir and Jimenez Rezende, Danilo},
  journal={Advances in neural information processing systems},
  volume={28},
  year={2015}
}

@inproceedings{mutti2023provably,
  title={Provably efficient causal model-based reinforcement learning for systematic generalization},
  author={Mutti, Mirco and De Santi, Riccardo and Rossi, Emanuele and Calderon, Juan Felipe and Bronstein, Michael and Restelli, Marcello},
  booktitle={Proceedings of the AAAI Conference on Artificial Intelligence},
  volume={37},
  number={8},
  pages={9251--9259},
  year={2023}
}

@article{park2021object,
  title={Object-aware regularization for addressing causal confusion in imitation learning},
  author={Park, Jongjin and Seo, Younggyo and Liu, Chang and Zhao, Li and Qin, Tao and Shin, Jinwoo and Liu, Tie-Yan},
  journal={Advances in Neural Information Processing Systems},
  volume={34},
  pages={3029--3042},
  year={2021}
}

@article{rezaei2022continuous,
  title={Continuous mdp homomorphisms and homomorphic policy gradient},
  author={Rezaei-Shoshtari, Sahand and Zhao, Rosie and Panangaden, Prakash and Meger, David and Precup, Doina},
  journal={Advances in Neural Information Processing Systems},
  volume={35},
  pages={20189--20204},
  year={2022}
}

@article{salge2014empowerment,
  title={Empowerment--an introduction},
  author={Salge, Christoph and Glackin, Cornelius and Polani, Daniel},
  journal={Guided Self-Organization: Inception},
  pages={67--114},
  year={2014},
  publisher={Springer}
}

@inproceedings{scholz2014physics,
  title={A physics-based model prior for object-oriented mdps},
  author={Scholz, Jonathan and Levihn, Martin and Isbell, Charles and Wingate, David},
  booktitle={International Conference on Machine Learning},
  pages={1089--1097},
  year={2014},
  organization={PMLR}
}

@article{seitzer2021causal,
  title={Causal influence detection for improving efficiency in reinforcement learning},
  author={Seitzer, Maximilian and Sch{\"o}lkopf, Bernhard and Martius, Georg},
  journal={Advances in Neural Information Processing Systems},
  volume={34},
  pages={22905--22918},
  year={2021}
}

@inproceedings{sun2022toward,
  title={Toward Causal-Aware RL: State-Wise Action-Refined Temporal Difference},
  author={Sun, Hao and Wang, Taiyi},
  booktitle={Deep Reinforcement Learning Workshop NeurIPS 2022}
}

@inproceedings{sun2024acamda,
  title={ACAMDA: Improving Data Efficiency in Reinforcement Learning Through Guided Counterfactual Data Augmentation},
  author={Sun, Yuewen and Wang, Erli and Huang, Biwei and Lu, Chaochao and Feng, Lu and Sun, Changyin and Zhang, Kun},
  booktitle={Proceedings of the AAAI Conference on Artificial Intelligence},
  volume={38},
  number={14},
  pages={15193--15201},
  year={2024}
}

@article{van2020plannable,
  title={Plannable approximations to mdp homomorphisms: Equivariance under actions},
  author={Van der Pol, Elise and Kipf, Thomas and Oliehoek, Frans A and Welling, Max},
  journal={arXiv preprint arXiv:2002.11963},
  year={2020}
}

@inproceedings{wandzel2019multi,
  title={Multi-object search using object-oriented pomdps},
  author={Wandzel, Arthur and Oh, Yoonseon and Fishman, Michael and Kumar, Nishanth and Wong, Lawson LS and Tellex, Stefanie},
  booktitle={2019 International Conference on Robotics and Automation (ICRA)},
  pages={7194--7200},
  year={2019},
  organization={IEEE}
}

@inproceedings{wang2021task,
  title={Task-independent causal state abstraction},
  author={Wang, Zizhao and Xiao, Xuesu and Zhu, Yuke and Stone, Peter},
  booktitle={Proceedings of the 35th International Conference on Neural Information Processing Systems, Robot Learning workshop},
  year={2021}
}

@inproceedings{wang2022causal,
  title={Causal Dynamics Learning for Task-Independent State Abstraction},
  author={Wang, Zizhao and Xiao, Xuesu and Xu, Zifan and Zhu, Yuke and Stone, Peter},
  booktitle={International Conference on Machine Learning},
  pages={23151--23180},
  year={2022},
  organization={PMLR}
}

@inproceedings{wang2024skild,
  title={SkiLD: Unsupervised Skill Discovery Guided by Factor Interactions},
  author={Wang, Zizhao and Hu, Jiaheng and Chuck, Caleb and Chen, Stephen and Mart{\'\i}n-Mart{\'\i}n, Roberto and Zhang, Amy and Niekum, Scott and Stone, Peter},
  booktitle={The Thirty-eighth Annual Conference on Neural Information Processing Systems},
year={2024}
}

@article{watters2019cobra,
  title={Cobra: Data-efficient model-based rl through unsupervised object discovery and curiosity-driven exploration},
  author={Watters, Nicholas and Matthey, Loic and Bosnjak, Matko and Burgess, Christopher P and Lerchner, Alexander},
  journal={arXiv preprint arXiv:1905.09275},
  year={2019}
}

@inproceedings{wolfe2006defining,
  title={Defining object types and options using MDP homomorphisms},
  author={Wolfe, Alicia Peregrin and Barto, Andrew G},
  booktitle={Proceedings of the ICML-06 Workshop on Structural Knowledge Transfer for Machine Learning},
  year={2006}
}

@inproceedings{wu2022slotformer,
  title={SlotFormer: Unsupervised Visual Dynamics Simulation with Object-Centric Models},
  author={Wu, Ziyi and Dvornik, Nikita and Greff, Klaus and Kipf, Thomas and Garg, Animesh},
  booktitle={The Eleventh International Conference on Learning Representations},
    year={2022}
}

@article{wu2023slotdiffusion,
  title={Slotdiffusion: Object-centric generative modeling with diffusion models},
  author={Wu, Ziyi and Hu, Jingyu and Lu, Wuyue and Gilitschenski, Igor and Garg, Animesh},
  journal={Advances in Neural Information Processing Systems},
  volume={36},
  pages={50932--50958},
  year={2023}
}

@article{wu2024neural,
  title={Neural Assets: 3D-Aware Multi-Object Scene Synthesis with Image Diffusion Models},
  author={Wu, Ziyi and Rubanova, Yulia and Kabra, Rishabh and Hudson, Drew A and Gilitschenski, Igor and Aytar, Yusuf and van Steenkiste, Sjoerd and Allen, Kelsey R and Kipf, Thomas},
  journal={arXiv preprint arXiv:2406.09292},
  year={2024}
}

@inproceedings{yuan2022sornet,
  title={Sornet: Spatial object-centric representations for sequential manipulation},
  author={Yuan, Wentao and Paxton, Chris and Desingh, Karthik and Fox, Dieter},
  booktitle={Conference on Robot Learning},
  pages={148--157},
  year={2022},
  organization={PMLR}
}

@inproceedings{zadaianchuk2020self,
  title={Self-supervised Visual Reinforcement Learning with Object-centric Representations},
  author={Zadaianchuk, Andrii and Seitzer, Maximilian and Martius, Georg},
  booktitle={International Conference on Learning Representations},
  year={2021}
}

@inproceedings{zadaianchuk2022self,
  title={Self-supervised reinforcement learning with independently controllable subgoals},
  author={Zadaianchuk, Andrii and Martius, Georg and Yang, Fanny},
  booktitle={Conference on Robot Learning},
  pages={384--394},
  year={2022},
  organization={PMLR}
}

@inproceedings{zadaianchuk2023objectcentric,
    title={Object-Centric Learning for Real-World Videos by Predicting Temporal Feature Similarities},
    author={Zadaianchuk, Andrii and Seitzer, Maximilian and Martius, Georg},
    booktitle={Thirty-seventh Conference on Neural Information Processing Systems (NeurIPS 2023)},
    year={2023},
}

@inproceedings{zhao2022toward,
  title={Toward compositional generalization in object-oriented world modeling},
  author={Zhao, Linfeng and Kong, Lingzhi and Walters, Robin and Wong, Lawson LS},
  booktitle={International Conference on Machine Learning},
  pages={26841--26864},
  year={2022},
  organization={PMLR}
}

