@incollection{cao2023enhancing,
  title={Enhancing OOD Generalization in Offline Reinforcement Learning with Energy-Based Policy Optimization},
  author={Cao, Hongye and Yang, Shangdong and Huo, Jing and Chen, Xingguo and Gao, Yang},
  booktitle={ECAI 2023},
  pages={335--342},
  year={2023},
  publisher={IOS Press}
}
@article{zeng2023survey,
  title={A survey on causal reinforcement learning},
  author={Zeng, Yan and Cai, Ruichu and Sun, Fuchun and Huang, Libo and Hao, Zhifeng},
  journal={arXiv preprint arXiv:2302.05209},
  year={2023}
}

@inproceedings{sun2024acamda,
  title={ACAMDA: Improving Data Efficiency in Reinforcement Learning Through Guided Counterfactual Data Augmentation},
  author={Sun, Yuewen and Wang, Erli and Huang, Biwei and Lu, Chaochao and Feng, Lu and Sun, Changyin and Zhang, Kun},
  booktitle={Proceedings of the AAAI Conference on Artificial Intelligence},
  volume={38},
  number={14},
  pages={15193--15201},
  year={2024}
}
Explain

@inproceedings{sun2022toward,
  title={Toward Causal-Aware RL: State-Wise Action-Refined Temporal Difference},
  author={Sun, Hao and Wang, Taiyi},
  booktitle={Deep Reinforcement Learning Workshop NeurIPS 2022}
}

@article{locatello2020object,
  title={Object-centric learning with slot attention},
  author={Locatello, Francesco and Weissenborn, Dirk and Unterthiner, Thomas and Mahendran, Aravindh and Heigold, Georg and Uszkoreit, Jakob and Dosovitskiy, Alexey and Kipf, Thomas},
  journal={Advances in neural information processing systems},
  volume={33},
  pages={11525--11538},
  year={2020}
}


@inproceedings{mansouri2023object,
  title={Object-centric architectures enable efficient causal representation learning},
  author={Mansouri, Amin and Hartford, Jason and Zhang, Yan and Bengio, Yoshua},
  booktitle={Causal Representation Learning Workshop at NeurIPS 2023}
}

@article{kori2024identifiable,
  title={Identifiable Object-Centric Representation Learning via Probabilistic Slot Attention},
  author={Kori, Avinash and Locatello, Francesco and Santhirasekaram, Ainkaran and Toni, Francesca and Glocker, Ben and Ribeiro, Fabio De Sousa},
  journal={arXiv preprint arXiv:2406.07141},
  year={2024}
}

@inproceedings{brady2023provably,
  title={Provably learning object-centric representations},
  author={Brady, Jack and Zimmermann, Roland S and Sharma, Yash and Sch{\"o}lkopf, Bernhard and Von K{\"u}gelgen, Julius and Brendel, Wieland},
  booktitle={International Conference on Machine Learning},
  pages={3038--3062},
  year={2023},
  organization={PMLR}
}

@article{mitash2024scaling,
  title={Scaling object-centric robotic manipulation with multimodal object identification},
  author={Mitash, Chaitanya and Hussein, Mostafa and Vanbaar, Jeroen and Terhuja, Vikedo and Katyal, Kapil},
  year={2024}
}

@article{lachapelle2024additive,
  title={Additive decoders for latent variables identification and cartesian-product extrapolation},
  author={Lachapelle, S{\'e}bastien and Mahajan, Divyat and Mitliagkas, Ioannis and Lacoste-Julien, Simon},
  journal={Advances in Neural Information Processing Systems},
  volume={36},
  year={2024}
}


@article{wu2024neural,
  title={Neural Assets: 3D-Aware Multi-Object Scene Synthesis with Image Diffusion Models},
  author={Wu, Ziyi and Rubanova, Yulia and Kabra, Rishabh and Hudson, Drew A and Gilitschenski, Igor and Aytar, Yusuf and van Steenkiste, Sjoerd and Allen, Kelsey R and Kipf, Thomas},
  journal={arXiv preprint arXiv:2406.09292},
  year={2024}
}

@inproceedings{wu2022slotformer,
  title={SlotFormer: Unsupervised Visual Dynamics Simulation with Object-Centric Models},
  author={Wu, Ziyi and Dvornik, Nikita and Greff, Klaus and Kipf, Thomas and Garg, Animesh},
  booktitle={The Eleventh International Conference on Learning Representations},
    year={2022}
}

@article{jiang2024slot,
  title={Slot State Space Models},
  author={Jiang, Jindong and Deng, Fei and Singh, Gautam and Lee, Minseung and Ahn, Sungjin},
  journal={arXiv preprint arXiv:2406.12272},
  year={2024}
}


Explain
Explain

@article{wu2023slotdiffusion,
  title={Slotdiffusion: Object-centric generative modeling with diffusion models},
  author={Wu, Ziyi and Hu, Jingyu and Lu, Wuyue and Gilitschenski, Igor and Garg, Animesh},
  journal={Advances in Neural Information Processing Systems},
  volume={36},
  pages={50932--50958},
  year={2023}
}
@article{van2020mdp,
  title={Mdp homomorphic networks: Group symmetries in reinforcement learning},
  author={Van der Pol, Elise and Worrall, Daniel and van Hoof, Herke and Oliehoek, Frans and Welling, Max},
  journal={Advances in Neural Information Processing Systems},
  volume={33},
  pages={4199--4210},
  year={2020}
}
Explain


@inproceedings{jiang2019scalor,
  title={SCALOR: Generative World Models with Scalable Object Representations},
  author={Jiang, Jindong and Janghorbani, Sepehr and De Melo, Gerard and Ahn, Sungjin},
  booktitle={International Conference on Learning Representations},
    year={2019}
}



@inproceedings{kossen2019structured,
  title={Structured Object-Aware Physics Prediction for Video Modeling and Planning},
  author={Kossen, Jannik and Stelzner, Karl and Hussing, Marcel and Voelcker, Claas and Kersting, Kristian},
  booktitle={International Conference on Learning Representations},
    year={2019}
}

@article{eslami2016attend,
  title={Attend, infer, repeat: Fast scene understanding with generative models},
  author={Eslami, SM and Heess, Nicolas and Weber, Theophane and Tassa, Yuval and Szepesvari, David and Hinton, Geoffrey E and others},
  journal={Advances in neural information processing systems},
  volume={29},
  year={2016}
}
Explain

@article{kosiorek2018sequential,
  title={Sequential attend, infer, repeat: Generative modelling of moving objects},
  author={Kosiorek, Adam and Kim, Hyunjik and Teh, Yee Whye and Posner, Ingmar},
  journal={Advances in Neural Information Processing Systems},
  volume={31},
  year={2018}
}
Explain
Explain
@inproceedings{lin2020improving,
  title={Improving generative imagination in object-centric world models},
  author={Lin, Zhixuan and Wu, Yi-Fu and Peri, Skand and Fu, Bofeng and Jiang, Jindong and Ahn, Sungjin},
  booktitle={International conference on machine learning},
  pages={6140--6149},
  year={2020},
  organization={PMLR}
}
Explain
@article{jiang2023object,
  title={Object-centric slot diffusion},
  author={Jiang, Jindong and Deng, Fei and Singh, Gautam and Ahn, Sungjin},
  journal={arXiv preprint arXiv:2303.10834},
  year={2023}
}
Explain
Explain
Explain

@inproceedings{zadaianchuk2023objectcentric,
    title={Object-Centric Learning for Real-World Videos by Predicting Temporal Feature Similarities},
    author={Zadaianchuk, Andrii and Seitzer, Maximilian and Martius, Georg},
    booktitle={Thirty-seventh Conference on Neural Information Processing Systems (NeurIPS 2023)},
    year={2023},
}
Explain
Explain
Explain
Explain
Explain
Explain
Explain
@article{deng2023causal,
  title={Causal Reinforcement Learning: A Survey},
  author={Deng, ZH and Jiang, J and Long, G and Zhang, C},
  journal={Transactions on Machine Learning Research},
  year={2023},
  publisher={Transactions on Machine Learning Research}
}

@inproceedings{zhao2022toward,
  title={Toward compositional generalization in object-oriented world modeling},
  author={Zhao, Linfeng and Kong, Lingzhi and Walters, Robin and Wong, Lawson LS},
  booktitle={International Conference on Machine Learning},
  pages={26841--26864},
  year={2022},
  organization={PMLR}
}

@inproceedings{haramati2024entity,
  title={Entity-Centric Reinforcement Learning for Object Manipulation from Pixels},
  author={Haramati, Dan and Daniel, Tal and Tamar, Aviv},
  booktitle={NeurIPS 2023 Workshop on Goal-Conditioned Reinforcement Learning},
    year={2023}
}


@article{hu2023elden,
  title={ELDEN: exploration via local dependencies},
  author={Wang, Zizhao and Hu, Jiaheng and Stone, Peter and Mart{\'\i}n-Mart{\'\i}n, Roberto},
  journal={Advances in Neural Information Processing Systems},
  volume={36},
  year={2024}
}


@inproceedings{wang2024skild,
  title={SkiLD: Unsupervised Skill Discovery Guided by Factor Interactions},
  author={Wang, Zizhao and Hu, Jiaheng and Chuck, Caleb and Chen, Stephen and Mart{\'\i}n-Mart{\'\i}n, Roberto and Zhang, Amy and Niekum, Scott and Stone, Peter},
  booktitle={The Thirty-eighth Annual Conference on Neural Information Processing Systems},
year={2024}
}
@inproceedings{yuan2022sornet,
  title={Sornet: Spatial object-centric representations for sequential manipulation},
  author={Yuan, Wentao and Paxton, Chris and Desingh, Karthik and Fox, Dieter},
  booktitle={Conference on Robot Learning},
  pages={148--157},
  year={2022},
  organization={PMLR}
}

@article{park2021object,
  title={Object-aware regularization for addressing causal confusion in imitation learning},
  author={Park, Jongjin and Seo, Younggyo and Liu, Chang and Zhao, Li and Qin, Tao and Shin, Jinwoo and Liu, Tie-Yan},
  journal={Advances in Neural Information Processing Systems},
  volume={34},
  pages={3029--3042},
  year={2021}
}

@inproceedings{li2024manipllm,
  title={Manipllm: Embodied multimodal large language model for object-centric robotic manipulation},
  author={Li, Xiaoqi and Zhang, Mingxu and Geng, Yiran and Geng, Haoran and Long, Yuxing and Shen, Yan and Zhang, Renrui and Liu, Jiaming and Dong, Hao},
  booktitle={Proceedings of the IEEE/CVF Conference on Computer Vision and Pattern Recognition},
  pages={18061--18070},
  year={2024}
}

@inproceedings{zadaianchuk2022self,
  title={Self-supervised reinforcement learning with independently controllable subgoals},
  author={Zadaianchuk, Andrii and Martius, Georg and Yang, Fanny},
  booktitle={Conference on Robot Learning},
  pages={384--394},
  year={2022},
  organization={PMLR}
}


@inproceedings{zadaianchuk2020self,
  title={Self-supervised Visual Reinforcement Learning with Object-centric Representations},
  author={Zadaianchuk, Andrii and Seitzer, Maximilian and Martius, Georg},
  booktitle={International Conference on Learning Representations},
  year={2021}
}
@inproceedings{li2020towards,
  title={Towards practical multi-object manipulation using relational reinforcement learning},
  author={Li, Richard and Jabri, Allan and Darrell, Trevor and Agrawal, Pulkit},
  booktitle={2020 ieee international conference on robotics and automation (icra)},
  pages={4051--4058},
  year={2020},
  organization={IEEE}
}
@article{watters2019cobra,
  title={Cobra: Data-efficient model-based rl through unsupervised object discovery and curiosity-driven exploration},
  author={Watters, Nicholas and Matthey, Loic and Bosnjak, Matko and Burgess, Christopher P and Lerchner, Alexander},
  journal={arXiv preprint arXiv:1905.09275},
  year={2019}
}
Explain


@inproceedings{mambelli2022compositional,
  title={Compositional Multi-object Reinforcement Learning with Linear Relation Networks},
  author={Mambelli, Davide and Tr{\"a}uble, Frederik and Bauer, Stefan and Sch{\"o}lkopf, Bernhard and Locatello, Francesco},
  booktitle={ICLR2022 Workshop on the Elements of Reasoning: Objects, Structure and Causality},
  year={2022}
}

@inproceedings{choi2024unsupervised,
  title={Unsupervised object interaction learning with counterfactual dynamics models},
  author={Choi, Jongwook and Lee, Sungtae and Wang, Xinyu and Sohn, Sungryull and Lee, Honglak},
  booktitle={Proceedings of the AAAI Conference on Artificial Intelligence},
  volume={38},
  number={10},
  pages={11570--11578},
  year={2024}
}
Explain
@article{rezaei2022continuous,
  title={Continuous mdp homomorphisms and homomorphic policy gradient},
  author={Rezaei-Shoshtari, Sahand and Zhao, Rosie and Panangaden, Prakash and Meger, David and Precup, Doina},
  journal={Advances in Neural Information Processing Systems},
  volume={35},
  pages={20189--20204},
  year={2022}
}

@inproceedings{
li2024objectaware,
title={Object-Aware Gaussian Splatting for Robotic Manipulation},
author={Yulong Li and Deepak Pathak},
booktitle={ICRA 2024 Workshop on 3D Visual Representations for Robot Manipulation},
year={2024},
url={https://openreview.net/forum?id=gdRI43hDgo}
}


@article{huang2023embodied,
  title={An embodied generalist agent in 3d world},
  author={Huang, Jiangyong and Yong, Silong and Ma, Xiaojian and Linghu, Xiongkun and Li, Puhao and Wang, Yan and Li, Qing and Zhu, Song-Chun and Jia, Baoxiong and Huang, Siyuan},
  journal={arXiv preprint arXiv:2311.12871},
  year={2023}
}

@article{huang2020causal,
  title={Causal discovery from heterogeneous/nonstationary data},
  author={Huang, Biwei and Zhang, Kun and Zhang, Jiji and Ramsey, Joseph and Sanchez-Romero, Ruben and Glymour, Clark and Sch{\"o}lkopf, Bernhard},
  journal={Journal of Machine Learning Research},
  volume={21},
  number={89},
  pages={1--53},
  year={2020}
}
Explain

@article{duan2024aha,
  title={AHA: A Vision-Language-Model for Detecting and Reasoning Over Failures in Robotic Manipulation},
  author={Duan, Jiafei and Pumacay, Wilbert and Kumar, Nishanth and Wang, Yi Ru and Tian, Shulin and Yuan, Wentao and Krishna, Ranjay and Fox, Dieter and Mandlekar, Ajay and Guo, Yijie},
  journal={arXiv preprint arXiv:2410.00371},
  year={2024}
}
Explain
Explain
@article{wang2024rise,
  title={RISE: 3D Perception Makes Real-World Robot Imitation Simple and Effective},
  author={Wang, Chenxi and Fang, Hongjie and Fang, Hao-Shu and Lu, Cewu},
  journal={arXiv preprint arXiv:2404.12281},
  year={2024}
}
Explain

@article{team2024octo,
  title={Octo: An open-source generalist robot policy},
  author={Team, Octo Model and Ghosh, Dibya and Walke, Homer and Pertsch, Karl and Black, Kevin and Mees, Oier and Dasari, Sudeep and Hejna, Joey and Kreiman, Tobias and Xu, Charles and others},
  journal={arXiv preprint arXiv:2405.12213},
  year={2024}
}
Explain
Explain
@article{firoozi2023foundation,
  title={Foundation models in robotics: Applications, challenges, and the future},
  author={Firoozi, Roya and Tucker, Johnathan and Tian, Stephen and Majumdar, Anirudha and Sun, Jiankai and Liu, Weiyu and Zhu, Yuke and Song, Shuran and Kapoor, Ashish and Hausman, Karol and others},
  journal={The International Journal of Robotics Research},
  pages={02783649241281508},
  year={2023},
  publisher={SAGE Publications Sage UK: London, England}
}
Explain
@inproceedings{wolfe2006defining,
  title={Defining object types and options using MDP homomorphisms},
  author={Wolfe, Alicia Peregrin and Barto, Andrew G},
  booktitle={Proceedings of the ICML-06 Workshop on Structural Knowledge Transfer for Machine Learning},
  year={2006}
}
Explain
@article{ravindran2004approximate,
  title={Approximate homomorphisms: A framework for non-exact minimization in Markov decision processes},
  author={Ravindran, Balaraman and Barto, Andrew G},
  year={2004}
}
Explain

@article{van2020plannable,
  title={Plannable approximations to mdp homomorphisms: Equivariance under actions},
  author={Van der Pol, Elise and Kipf, Thomas and Oliehoek, Frans A and Welling, Max},
  journal={arXiv preprint arXiv:2002.11963},
  year={2020}
}
Explain
@inproceedings{wandzel2019multi,
  title={Multi-object search using object-oriented pomdps},
  author={Wandzel, Arthur and Oh, Yoonseon and Fishman, Michael and Kumar, Nishanth and Wong, Lawson LS and Tellex, Stefanie},
  booktitle={2019 International Conference on Robotics and Automation (ICRA)},
  pages={7194--7200},
  year={2019},
  organization={IEEE}
}
Explain

@inproceedings{scholz2014physics,
  title={A physics-based model prior for object-oriented mdps},
  author={Scholz, Jonathan and Levihn, Martin and Isbell, Charles and Wingate, David},
  booktitle={International Conference on Machine Learning},
  pages={1089--1097},
  year={2014},
  organization={PMLR}
}
Explain

@inproceedings{diuk2008object,
  title={An object-oriented representation for efficient reinforcement learning},
  author={Diuk, Carlos and Cohen, Andre and Littman, Michael L},
  booktitle={Proceedings of the 25th international conference on Machine learning},
  pages={240--247},
  year={2008}
}
Explain
Explain
@inproceedings{wang2022causal,
  title={Causal Dynamics Learning for Task-Independent State Abstraction},
  author={Wang, Zizhao and Xiao, Xuesu and Xu, Zifan and Zhu, Yuke and Stone, Peter},
  booktitle={International Conference on Machine Learning},
  pages={23151--23180},
  year={2022},
  organization={PMLR}
}

@inproceedings{savva2019habitat,
  title={Habitat: A platform for embodied ai research},
  author={Savva, Manolis and Kadian, Abhishek and Maksymets, Oleksandr and Zhao, Yili and Wijmans, Erik and Jain, Bhavana and Straub, Julian and Liu, Jia and Koltun, Vladlen and Malik, Jitendra and others},
  booktitle={Proceedings of the IEEE/CVF international conference on computer vision},
  pages={9339--9347},
  year={2019}
}

@article{kroemer2021review,
  title={A review of robot learning for manipulation: Challenges, representations, and algorithms},
  author={Kroemer, Oliver and Niekum, Scott and Konidaris, George},
  journal={Journal of machine learning research},
  volume={22},
  number={30},
  pages={1--82},
  year={2021}
}



@inproceedings{cohen2022towards,
  title={Towards a Grounded Theory of Causation for Embodied AI},
  author={Cohen, Taco},
  booktitle={UAI 2022 Workshop on Causal Representation Learning},
  year={2022}
}

@article{gupta2024essential,
  title={The Essential Role of Causality in Foundation World Models for Embodied AI},
  author={Gupta, Tarun and Gong, Wenbo and Ma, Chao and Pawlowski, Nick and Hilmkil, Agrin and Scetbon, Meyer and Famoti, Ade and Llorens, Ashley Juan and Gao, Jianfeng and Bauer, Stefan and others},
  journal={arXiv preprint arXiv:2402.06665},
  year={2024}
}
@article{scholkopf2021toward,
  title={Toward causal representation learning},
  author={Sch{\"o}lkopf, Bernhard and Locatello, Francesco and Bauer, Stefan and Ke, Nan Rosemary and Kalchbrenner, Nal and Goyal, Anirudh and Bengio, Yoshua},
  journal={Proceedings of the IEEE},
  volume={109},
  number={5},
  pages={612--634},
  year={2021},
  publisher={IEEE}
}
@article{howard2024extending,
  title={Extending Structural Causal Models for Use in Autonomous Embodied Systems},
  author={Howard, Rhys and Kunze, Lars},
  journal={arXiv preprint arXiv:2406.01384},
  year={2024}
}

@article{wolpe1978cognition,
  title={Cognition and causation in human behavior and its therapy.},
  author={Wolpe, Joseph},
  journal={American Psychologist},
  volume={33},
  number={5},
  pages={437},
  year={1978},
  publisher={American Psychological Association}
}

@inproceedings{wang2021task,
  title={Task-independent causal state abstraction},
  author={Wang, Zizhao and Xiao, Xuesu and Zhu, Yuke and Stone, Peter},
  booktitle={Proceedings of the 35th International Conference on Neural Information Processing Systems, Robot Learning workshop},
  year={2021}
}
@article{ding2022generalizing,
  title={Generalizing goal-conditioned reinforcement learning with variational causal reasoning},
  author={Ding, Wenhao and Lin, Haohong and Li, Bo and Zhao, Ding},
  journal={Advances in Neural Information Processing Systems},
  volume={35},
  pages={26532--26548},
  year={2022}
}

@inproceedings{ke2021systematic,
  title={Systematic Evaluation of Causal Discovery in Visual Model Based Reinforcement Learning},
  author={Ke, Nan Rosemary and Didolkar, Aniket Rajiv and Mittal, Sarthak and Goyal, Anirudh and Lajoie, Guillaume and Bauer, Stefan and Rezende, Danilo Jimenez and Bengio, Yoshua and Pal, Christopher and Mozer, Michael Curtis},
  booktitle={Thirty-fifth Conference on Neural Information Processing Systems Datasets and Benchmarks Track (Round 2)}
}

@book{spirtes2001causation,
  title={Causation, prediction, and search},
  author={Spirtes, Peter and Glymour, Clark and Scheines, Richard},
  year={2001},
  publisher={MIT press}
}
@book{pearl2009causality,
  title={Causality},
  author={Pearl, Judea},
  year={2009},
  publisher={Cambridge university press}
}
@article{moerland2023model,
  title={Model-based reinforcement learning: A survey},
  author={Moerland, Thomas M and Broekens, Joost and Plaat, Aske and Jonker, Catholijn M and others},
  journal={Foundations and Trends{\textregistered} in Machine Learning},
  volume={16},
  number={1},
  pages={1--118},
  year={2023},
  publisher={Now Publishers, Inc.}
}

@inproceedings{lu2021invariant,
  title={Invariant causal representation learning for out-of-distribution generalization},
  author={Lu, Chaochao and Wu, Yuhuai and Hern{\'a}ndez-Lobato, Jos{\'e} Miguel and Sch{\"o}lkopf, Bernhard},
  booktitle={International Conference on Learning Representations},
  year={2021}
}

@article{ding2024seeing,
  title={Seeing is not believing: Robust reinforcement learning against spurious correlation},
  author={Ding, Wenhao and Shi, Laixi and Chi, Yuejie and Zhao, Ding},
  journal={Advances in Neural Information Processing Systems},
  volume={36},
  year={2024}
}

@inproceedings{huang2022action,
  title={Action-sufficient state representation learning for control with structural constraints},
  author={Huang, Biwei and Lu, Chaochao and Leqi, Liu and Hern{\'a}ndez-Lobato, Jos{\'e} Miguel and Glymour, Clark and Sch{\"o}lkopf, Bernhard and Zhang, Kun},
  booktitle={International Conference on Machine Learning},
  pages={9260--9279},
  year={2022},
  organization={PMLR}
}
@article{zhang2020learning,
  title={Learning invariant representations for reinforcement learning without reconstruction},
  author={Zhang, Amy and McAllister, Rowan and Calandra, Roberto and Gal, Yarin and Levine, Sergey},
  journal={arXiv preprint arXiv:2006.10742},
  year={2020}
}


@article{liu2024learning,
  title={Learning World Models with Identifiable Factorization},
  author={Liu, Yuren and Huang, Biwei and Zhu, Zhengmao and Tian, Honglong and Gong, Mingming and Yu, Yang and Zhang, Kun},
  journal={Advances in Neural Information Processing Systems},
  volume={36},
  year={2024}
}

@article{richens2024robust,
  title={Robust agents learn causal world models},
  author={Richens, Jonathan and Everitt, Tom},
  journal={arXiv preprint arXiv:2402.10877},
  year={2024}
}

@article{janner2019trust,
  title={When to trust your model: Model-based policy optimization},
  author={Janner, Michael and Fu, Justin and Zhang, Marvin and Levine, Sergey},
  journal={Advances in neural information processing systems},
  volume={32},
  year={2019}
}

@inproceedings{nguyen2021temporal,
  title={Temporal predictive coding for model-based planning in latent space},
  author={Nguyen, Tung D and Shu, Rui and Pham, Tuan and Bui, Hung and Ermon, Stefano},
  booktitle={International Conference on Machine Learning},
  pages={8130--8139},
  year={2021},
  organization={PMLR}
}

@article{zhao2021consciousness,
  title={A consciousness-inspired planning agent for model-based reinforcement learning},
  author={Zhao, Mingde and Liu, Zhen and Luan, Sitao and Zhang, Shuyuan and Precup, Doina and Bengio, Yoshua},
  journal={Advances in neural information processing systems},
  volume={34},
  pages={1569--1581},
  year={2021}
}

@article{pitis2022mocoda,
  title={Mocoda: Model-based counterfactual data augmentation},
  author={Pitis, Silviu and Creager, Elliot and Mandlekar, Ajay and Garg, Animesh},
  journal={Advances in Neural Information Processing Systems},
  volume={35},
  pages={18143--18156},
  year={2022}
}

@inproceedings{okada2021dreaming,
  title={Dreaming: Model-based reinforcement learning by latent imagination without reconstruction},
  author={Okada, Masashi and Taniguchi, Tadahiro},
  booktitle={2021 ieee international conference on robotics and automation (icra)},
  pages={4209--4215},
  year={2021},
  organization={IEEE}
}

@article{yu2020mopo,
  title={Mopo: Model-based offline policy optimization},
  author={Yu, Tianhe and Thomas, Garrett and Yu, Lantao and Ermon, Stefano and Zou, James Y and Levine, Sergey and Finn, Chelsea and Ma, Tengyu},
  journal={Advances in Neural Information Processing Systems},
  volume={33},
  pages={14129--14142},
  year={2020}
}

@inproceedings{wang2022sample,
  title={Sample-efficient reinforcement learning via conservative model-based actor-critic},
  author={Wang, Zhihai and Wang, Jie and Zhou, Qi and Li, Bin and Li, Houqiang},
  booktitle={Proceedings of the AAAI Conference on Artificial Intelligence},
  volume={36},
  number={8},
  pages={8612--8620},
  year={2022}
}

@inproceedings{amos2021model,
  title={On the model-based stochastic value gradient for continuous reinforcement learning},
  author={Amos, Brandon and Stanton, Samuel and Yarats, Denis and Wilson, Andrew Gordon},
  booktitle={Learning for Dynamics and Control},
  pages={6--20},
  year={2021},
  organization={PMLR}
}

@article{wang2024building,
  title={Building Minimal and Reusable Causal State Abstractions for Reinforcement Learning},
  author={Wang, Zizhao and Wang, Caroline and Xiao, Xuesu and Zhu, Yuke and Stone, Peter},
  journal={arXiv preprint arXiv:2401.12497},
  year={2024}
}

@inproceedings{mutti2023provably,
  title={Provably efficient causal model-based reinforcement learning for systematic generalization},
  author={Mutti, Mirco and De Santi, Riccardo and Rossi, Emanuele and Calderon, Juan Felipe and Bronstein, Michael and Restelli, Marcello},
  booktitle={Proceedings of the AAAI Conference on Artificial Intelligence},
  volume={37},
  number={8},
  pages={9251--9259},
  year={2023}
}

@inproceedings{bharadhwaj2022information,
  title={Information Prioritization through Empowerment in Visual Model-based RL},
  author={Bharadhwaj, Homanga and Babaeizadeh, Mohammad and Erhan, Dumitru and Levine, Sergey},
  booktitle={International Conference on Learning Representations},
  year={2022}
}

@article{hwang2023quantized,
  title={Quantized Local Independence Discovery for Fine-Grained Causal Dynamics Learning in Reinforcement Learning},
  author={Hwang, Inwoo and Kwak, Yunhyeok and Choi, Suhyung and Zhang, Byoung-Tak and Lee, Sanghack},
  year={2023}
}

@inproceedings{klyubin2005empowerment,
  title={Empowerment: A universal agent-centric measure of control},
  author={Klyubin, Alexander S and Polani, Daniel and Nehaniv, Chrystopher L},
  booktitle={2005 ieee congress on evolutionary computation},
  volume={1},
  pages={128--135},
  year={2005},
  organization={IEEE}
}

@article{salge2014empowerment,
  title={Empowerment--an introduction},
  author={Salge, Christoph and Glackin, Cornelius and Polani, Daniel},
  journal={Guided Self-Organization: Inception},
  pages={67--114},
  year={2014},
  publisher={Springer}
}

@article{mohamed2015variational,
  title={Variational information maximisation for intrinsically motivated reinforcement learning},
  author={Mohamed, Shakir and Jimenez Rezende, Danilo},
  journal={Advances in neural information processing systems},
  volume={28},
  year={2015}
}

@article{choi2021variational,
  title={Variational empowerment as representation learning for goal-based reinforcement learning},
  author={Choi, Jongwook and Sharma, Archit and Lee, Honglak and Levine, Sergey and Gu, Shixiang Shane},
  journal={arXiv preprint arXiv:2106.01404},
  year={2021}
}

@article{seitzer2021causal,
  title={Causal influence detection for improving efficiency in reinforcement learning},
  author={Seitzer, Maximilian and Sch{\"o}lkopf, Bernhard and Martius, Georg},
  journal={Advances in Neural Information Processing Systems},
  volume={34},
  pages={22905--22918},
  year={2021}
}

@article{leibfried2019unified,
  title={A unified bellman optimality principle combining reward maximization and empowerment},
  author={Leibfried, Felix and Pascual-Diaz, Sergio and Grau-Moya, Jordi},
  journal={Advances in Neural Information Processing Systems},
  volume={32},
  year={2019}
}



@article{klyubin2008keep,
  title={Keep your options open: An information-based driving principle for sensorimotor systems},
  author={Klyubin, Alexander S and Polani, Daniel and Nehaniv, Chrystopher L},
  journal={PloS one},
  volume={3},
  number={12},
  pages={e4018},
  year={2008},
  publisher={Public Library of Science San Francisco, USA}
}

@inproceedings{eysenbach2018diversity,
  title={Diversity is All You Need: Learning Skills without a Reward Function},
  author={Eysenbach, Benjamin and Gupta, Abhishek and Ibarz, Julian and Levine, Sergey},
  booktitle={International Conference on Learning Representations},
  year={2018}
}




@article{jung2011empowerment,
  title={Empowerment for continuous agent—environment systems},
  author={Jung, Tobias and Polani, Daniel and Stone, Peter},
  journal={Adaptive Behavior},
  volume={19},
  number={1},
  pages={16--39},
  year={2011},
  publisher={SAGE Publications Sage UK: London, England}
}


@article{murphy2002dynamic,
  title={Dynamic bayesian networks},
  author={Murphy, Kevin P and others},
  journal={Probabilistic Graphical Models, M. Jordan},
  volume={7},
  pages={431},
  year={2002}
}

@article{rubinstein1997optimization,
  title={Optimization of computer simulation models with rare events},
  author={Rubinstein, Reuven Y},
  journal={European Journal of Operational Research},
  volume={99},
  number={1},
  pages={89--112},
  year={1997},
  publisher={Elsevier}
}


@article{mutti2023exploiting,
  title={Exploiting Causal Graph Priors with Posterior Sampling for Reinforcement Learning},
  author={Mutti, Mirco and De Santi, Riccardo and Restelli, Marcello and Marx, Alexander and Ramponi, Giorgia},
  journal={arXiv preprint arXiv:2310.07518},
  year={2023}
}

@article{pitis2020counterfactual,
  title={Counterfactual data augmentation using locally factored dynamics},
  author={Pitis, Silviu and Creager, Elliot and Garg, Animesh},
  journal={Advances in Neural Information Processing Systems},
  volume={33},
  pages={3976--3990},
  year={2020}
}


@article{feng2023learning,
  title={Learning dynamic attribute-factored world models for efficient multi-object reinforcement learning},
  author={Feng, Fan and Magliacane, Sara},
  journal={Advances in Neural Information Processing Systems},
  volume={36},
  year={2023}
}

@article{guestrin2003efficient,
  title={Efficient solution algorithms for factored MDPs},
  author={Guestrin, Carlos and Koller, Daphne and Parr, Ronald and Venkataraman, Shobha},
  journal={Journal of Artificial Intelligence Research},
  volume={19},
  pages={399--468},
  year={2003}
}

@article{guestrin2001multiagent,
  title={Multiagent planning with factored MDPs},
  author={Guestrin, Carlos and Koller, Daphne and Parr, Ronald},
  journal={Advances in neural information processing systems},
  volume={14},
  year={2001}
}

@article{gupta2021embodied,
  title={Embodied intelligence via learning and evolution},
  author={Gupta, Agrim and Savarese, Silvio and Ganguli, Surya and Fei-Fei, Li},
  journal={Nature communications},
  volume={12},
  number={1},
  pages={5721},
  year={2021},
  publisher={Nature Publishing Group UK London}
}

@inproceedings{li2020unsupervised,
  title={Unsupervised reinforcement learning of transferable meta-skills for embodied navigation},
  author={Li, Juncheng and Wang, Xin and Tang, Siliang and Shi, Haizhou and Wu, Fei and Zhuang, Yueting and Wang, William Yang},
  booktitle={Proceedings of the IEEE/CVF Conference on Computer Vision and Pattern Recognition},
  pages={12123--12132},
  year={2020}
}

@article{ze2024h,
  title={H-InDex: Visual reinforcement learning with hand-informed representations for dexterous manipulation},
  author={Ze, Yanjie and Liu, Yuyao and Shi, Ruizhe and Qin, Jiaxin and Yuan, Zhecheng and Wang, Jiashun and Xu, Huazhe},
  journal={Advances in Neural Information Processing Systems},
  volume={36},
  year={2024}
}


@inproceedings{ji2023seizing,
  title={Seizing Serendipity: Exploiting the Value of Past Success in Off-Policy Actor-Critic},
  author={Ji, Tianying and Luo, Yu and Sun, Fuchun and Zhan, Xianyuan and Zhang, Jianwei and Xu, Huazhe},
  booktitle={Forty-first International Conference on Machine Learning},
 year={2024}
}

@inproceedings{haarnoja2018soft,
  title={Soft actor-critic: Off-policy maximum entropy deep reinforcement learning with a stochastic actor},
  author={Haarnoja, Tuomas and Zhou, Aurick and Abbeel, Pieter and Levine, Sergey},
  booktitle={International conference on machine learning},
  pages={1861--1870},
  year={2018},
  organization={PMLR}
}

@article{schulman2017proximal,
  title={Proximal policy optimization algorithms},
  author={Schulman, John and Wolski, Filip and Dhariwal, Prafulla and Radford, Alec and Klimov, Oleg},
  journal={arXiv preprint arXiv:1707.06347},
  year={2017}
}

@article{zhang2024interpretable,
  title={Interpretable reward redistribution in reinforcement learning: a causal approach},
  author={Zhang, Yudi and Du, Yali and Huang, Biwei and Wang, Ziyan and Wang, Jun and Fang, Meng and Pechenizkiy, Mykola},
  journal={Advances in Neural Information Processing Systems},
  volume={36},
  year={2024}
}

@inproceedings{yu2020meta,
  title={Meta-world: A benchmark and evaluation for multi-task and meta reinforcement learning},
  author={Yu, Tianhe and Quillen, Deirdre and He, Zhanpeng and Julian, Ryan and Hausman, Karol and Finn, Chelsea and Levine, Sergey},
  booktitle={Conference on robot learning},
  pages={1094--1100},
  year={2020},
  organization={PMLR}
}

@article{majumdar2024we,
  title={Where are we in the search for an artificial visual cortex for embodied intelligence?},
  author={Majumdar, Arjun and Yadav, Karmesh and Arnaud, Sergio and Ma, Jason and Chen, Claire and Silwal, Sneha and Jain, Aryan and Berges, Vincent-Pierre and Wu, Tingfan and Vakil, Jay and others},
  journal={Advances in Neural Information Processing Systems},
  volume={36},
  year={2024}
}

@inproceedings{park2023controllability,
  title={Controllability-Aware Unsupervised Skill Discovery},
  author={Park, Seohong and Lee, Kimin and Lee, Youngwoon and Abbeel, Pieter},
  booktitle={International Conference on Machine Learning},
  pages={27225--27245},
  year={2023},
  organization={PMLR}
}


@article{tassa2018deepmind,
  title={Deepmind control suite},
  author={Tassa, Yuval and Doron, Yotam and Muldal, Alistair and Erez, Tom and Li, Yazhe and Casas, Diego de Las and Budden, David and Abdolmaleki, Abbas and Merel, Josh and Lefrancq, Andrew and others},
  journal={arXiv preprint arXiv:1801.00690},
  year={2018}
}

@inproceedings{todorov2012mujoco,
  title={Mujoco: A physics engine for model-based control},
  author={Todorov, Emanuel and Erez, Tom and Tassa, Yuval},
  booktitle={2012 IEEE/RSJ international conference on intelligent robots and systems},
  pages={5026--5033},
  year={2012},
  organization={IEEE}
}

@article{rajeswaran2017learning,
  title={Learning Complex Dexterous Manipulation with Deep Reinforcement Learning and Demonstrations},
  author={Rajeswaran, Aravind and Kumar, Vikash and Gupta, Abhishek and Vezzani, Giulia and Schulman, John and Todorov, Emanuel and Levine, Sergey},
  journal={Robotics: Science and Systems XIV},
  year={2018},
  publisher={Robotics: Science and Systems Foundation}
}
@inproceedings{xu2023unidexgrasp,
  title={Unidexgrasp: Universal robotic dexterous grasping via learning diverse proposal generation and goal-conditioned policy},
  author={Xu, Yinzhen and Wan, Weikang and Zhang, Jialiang and Liu, Haoran and Shan, Zikang and Shen, Hao and Wang, Ruicheng and Geng, Haoran and Weng, Yijia and Chen, Jiayi and others},
  booktitle={Proceedings of the IEEE/CVF Conference on Computer Vision and Pattern Recognition},
  pages={4737--4746},
  year={2023}
}

@inproceedings{gurumurthy2023deep,
  title={Deep Off-Policy Iterative Learning Control},
  author={Gurumurthy, Swaminathan and Kolter, J Zico and Manchester, Zachary},
  booktitle={Learning for Dynamics and Control Conference},
  pages={639--652},
  year={2023},
  organization={PMLR}
}

@article{schmied2024learning,
  title={Learning to Modulate pre-trained Models in RL},
  author={Schmied, Thomas and Hofmarcher, Markus and Paischer, Fabian and Pascanu, Razvan and Hochreiter, Sepp},
  journal={Advances in Neural Information Processing Systems},
  volume={36},
  year={2024}
}

@inproceedings{huangadarl,
  title={AdaRL: What, Where, and How to Adapt in Transfer Reinforcement Learning},
  author={Huang, Biwei and Feng, Fan and Lu, Chaochao and Magliacane, Sara and Zhang, Kun},
  booktitle={International Conference on Learning Representations},
    year={2022}
}

@article{shimizu2011directlingam,
  title={DirectLiNGAM: A direct method for learning a linear non-Gaussian structural equation model},
  author={Shimizu, Shohei and Inazumi, Takanori and Sogawa, Yasuhiro and Hyvarinen, Aapo and Kawahara, Yoshinobu and Washio, Takashi and Hoyer, Patrik O and Bollen, Kenneth and Hoyer, Patrik},
  journal={Journal of Machine Learning Research-JMLR},
  volume={12},
  number={Apr},
  pages={1225--1248},
  year={2011}
}

@article{hou2022deep,
  title={Deep reinforcement learning for optimal denial-of-service attacks scheduling},
  author={Hou, Fangyuan and Sun, Jian and Yang, Qiuling and Pang, Zhonghua},
  journal={Science China Information Sciences},
  volume={65},
  number={6},
  pages={162201},
  year={2022},
  publisher={Springer}
}

@article{wang2024ensemble,
  title={Ensemble successor representations for task generalization in offline-to-online reinforcement learning},
  author={Wang, Changhong and Yu, Xudong and Bai, Chenjia and Zhang, Qiaosheng and Wang, Zhen},
  journal={Science China Information Sciences},
    volume={67},
  number={7},
  pages={172203},
  year={2024},
publisher={Springer}
}

@article{zhang2024causal,
  title={Causal reasoning in typical computer vision tasks},
  author={Zhang, Kexuan and Sun, Qiyu and Zhao, ChaoQiang and Tang, Yang},
  journal={Science China Technological Sciences},
  volume={67},
  number={1},
  pages={105--120},
  year={2024},
  publisher={Springer}
}

@article{agarwal2021deep,
  title={Deep reinforcement learning at the edge of the statistical precipice},
  author={Agarwal, Rishabh and Schwarzer, Max and Castro, Pablo Samuel and Courville, Aaron C and Bellemare, Marc},
  journal={Advances in neural information processing systems},
  volume={34},
  pages={29304--29320},
  year={2021}
}

@inproceedings{ji2024ace,
  title={ACE: Off-Policy Actor-Critic with Causality-Aware Entropy Regularization},
  author={Ji, Tianying and Liang, Yongyuan and Zeng, Yan and Luo, Yu and Xu, Guowei and Guo, Jiawei and Zheng, Ruijie and Huang, Furong and Sun, Fuchun and Xu, Huazhe},
  booktitle={Forty-first International Conference on Machine Learning},
year={2024}
}

@inproceedings{cao2024towards,
  title={Towards Empowerment Gain through Causal Structure Learning in Model-Based RL},
  author={Cao, Hongye and Feng, Fan and Fang, Meng and Dong, Shaokang and Huo, Jing and Gao, Yang},
  booktitle={ICML 2024 Workshop: Foundations of Reinforcement Learning and Control--Connections and Perspectives},
    year={2024}
}
@article{sutton2018reinforcement,
  title={Reinforcement learning: An introduction},
  author={Sutton, Richard S},
  journal={A Bradford Book},
  year={2018}
}

@article{silver2017mastering,
  title={Mastering the game of go without human knowledge},
  author={Silver, David and Schrittwieser, Julian and Simonyan, Karen and Antonoglou, Ioannis and Huang, Aja and Guez, Arthur and Hubert, Thomas and Baker, Lucas and Lai, Matthew and Bolton, Adrian and others},
  journal={nature},
  volume={550},
  number={7676},
  pages={354--359},
  year={2017},
  publisher={Nature Publishing Group}
}


@inproceedings{kearns1999efficient,
  title={Efficient reinforcement learning in factored MDPs},
  author={Kearns, Michael and Koller, Daphne},
  booktitle={IJCAI},
  volume={16},
  pages={740--747},
  year={1999}
}

@inproceedings{urpicausal,
  title={Causal Action Influence Aware Counterfactual Data Augmentation},
  author={Urp{\'\i}, N{\'u}ria Armengol and Bagatella, Marco and Vlastelica, Marin and Martius, Georg},
  booktitle={Forty-first International Conference on Machine Learning},
  year={2024}
}

@article{chickering2002optimal,
  title={Optimal structure identification with greedy search},
  author={Chickering, David Maxwell},
  journal={Journal of machine learning research},
  volume={3},
  number={Nov},
  pages={507--554},
  year={2002}
}
