% Use this file for citations not found in the ACL Anthology (contained in "anthology.bib").

@book{Aho:72,
    author  = {Alfred V. Aho and Jeffrey D. Ullman},
    title   = {The Theory of Parsing, Translation and Compiling},
    year    = "1972",
    volume  = "1",
    publisher = {Prentice-Hall},
    address = {Englewood Cliffs, NJ}
}

@book{APA:83,
    author  = {{American Psychological Association}},
    title   = {Publications Manual},
    year    = "1983",
    publisher = {American Psychological Association},
    address = {Washington, DC}
}

@article{Chandra:81,
	author = {Ashok K. Chandra and Dexter C. Kozen and Larry J. Stockmeyer},
	year = "1981",
	title = {Alternation},
	journal = {Journal of the Association for Computing Machinery},
	volume = "28",
	number = "1",
	pages = "114--133",
	doi = "10.1145/322234.322243",
}

@inproceedings{andrew2007scalable,
  title={Scalable training of {L1}-regularized log-linear models},
  author={Andrew, Galen and Gao, Jianfeng},
  booktitle={Proceedings of the 24th International Conference on Machine Learning},
  pages={33--40},
  year={2007},
}

@book{Gusfield:97,
    author  = {Dan Gusfield},
    title   = {Algorithms on Strings, Trees and Sequences},
    year    = "1997",
    publisher = {Cambridge University Press},
    address = {Cambridge, UK}
}

@article{rasooli-tetrault-2015,
    author    = {Mohammad Sadegh Rasooli and Joel R. Tetreault},
    title     = {Yara Parser: {A} Fast and Accurate Dependency Parser},
    journal   = {Computing Research Repository},
    volume    = {arXiv:1503.06733},
    year      = {2015},
    url       = {http://arxiv.org/abs/1503.06733},
    note    = {version 2}
}

@article{Ando2005,
	Acmid = {1194905},
	Author = {Ando, Rie Kubota and Zhang, Tong},
	Issn = {1532-4435},
	Issue_Date = {12/1/2005},
	Journal = {Journal of Machine Learning Research},
	Month = dec,
	Numpages = {37},
	Pages = {1817--1853},
	Publisher = {JMLR.org},
	Title = {A Framework for Learning Predictive Structures from Multiple Tasks and Unlabeled Data},
	Volume = {6},
	Year = {2005}
}


@article{haink2023hessian,
  title={Hessian Eigenvectors and Principal Component Analysis of Neural Network Weight Matrices},
  author={Haink, David},
  journal={arXiv preprint arXiv:2311.00452},
  year={2023}
}

@article{han2015deep,
  title={Deep compression: Compressing deep neural networks with pruning, trained quantization and huffman coding},
  author={Han, Song and Mao, Huizi and Dally, William J},
  journal={arXiv preprint arXiv:1510.00149},
  year={2015}
}

@inproceedings{waswani2017attention,
  title={Attention is all you need},
  author={Waswani, A and Shazeer, N and Parmar, N and Uszkoreit, J and Jones, L and Gomez, A and Kaiser, L and Polosukhin, I},
  booktitle={NeurIPS},
  year={2017}
}

@article{brown2020Language,
  title={Language models are few-shot learners},
  author={Tom B. Brown and Benjamin Mann and Nick Ryder and Melanie Subbiah and Jared Kaplan and Prafulla Dhariwal and Arvind Neelakantan and Pranav Shyam and Girish Sastry and Amanda Askell and Sandhini Agarwal and Ariel Herbert-Voss and Gretchen Krueger and Tom Henighan and Rewon Child and Aditya Ramesh and Daniel M. Ziegler and Jeff Wu and Clemens Winter and Christopher Hesse and Mark Chen and Eric Sigler and Ma-teusz Litwin and Scott Gray and Benjamin Chess and Jack Clark and Christopher Berner and Sam McCandlish and Alec Radford and Ilya Sutskever and Dario Amodei},
  journal={NeurIPS},
  year={2020},
}

@article{wang2024svd,
  title={Svd-llm: Truncation-aware singular value decomposition for large language model compression},
  author={Wang, Xin and Zheng, Yu and Wan, Zhongwei and Zhang, Mi},
  journal={ICLR},
  year={2024}
}

@article{yuan2023asvd,
  title={Asvd: Activation-aware singular value decomposition for compressing large language models},
  author={Yuan, Zhihang and Shang, Yuzhang and Song, Yue and Wu, Qiang and Yan, Yan and Sun, Guangyu},
  journal={arXiv preprint arXiv:2312.05821},
  year={2023}
}

@article{Hsu2022FWSVD,
  title={Language model compression with weighted low-rank factorization},
  author={Yen-Chang Hsu and Ting Hua and Sung-En Chang and Qiang Lou and Yilin Shen and Hongxia Jin},
  journal={ICLR},
  year={2022},
}

@article{bengio2013estimating,
  title={Estimating or propagating gradients through stochastic neurons for conditional computation},
  author={Bengio, Yoshua and L{\'e}onard, Nicholas and Courville, Aaron},
  journal={arXiv preprint arXiv:1308.3432},
  year={2013}
}

@article{courbariaux2015binaryconnect,
  title={Binaryconnect: Training deep neural networks with binary weights during propagations},
  author={Courbariaux, Matthieu and Bengio, Yoshua and David, Jean-Pierre},
  journal={NeurIPS},
  year={2015}
}


@article{dettmers2022gpt3,
  title={Gpt3. int8 (): 8-bit matrix multiplication for transformers at scale},
  author={Dettmers, Tim and Lewis, Mike and Belkada, Younes and Zettlemoyer, Luke},
  journal={NeurIPS},
  year={2022}
}

@article{kim2023squeezellm,
  title={Squeezellm: Dense-and-sparse quantization},
  author={Kim, Sehoon and Hooper, Coleman and Gholami, Amir and Dong, Zhen and Li, Xiuyu and Shen, Sheng and Mahoney, Michael W and Keutzer, Kurt},
  journal={arXiv preprint arXiv:2306.07629},
  year={2023}
}

@inproceedings{kimsqueezellm,
  title={SqueezeLLM: Dense-and-Sparse Quantization},
  author={Kim, Sehoon and Hooper, Coleman Richard Charles and Gholami, Amir and Dong, Zhen and Li, Xiuyu and Shen, Sheng and Mahoney, Michael W and Keutzer, Kurt},
  booktitle={ICML},
  year={2024}
}

@article{shen2024efficient,
  title={Efficient post-training quantization with fp8 formats},
  author={Shen, Haihao and Mellempudi, Naveen and He, Xin and Gao, Qun and Wang, Chang and Wang, Mengni},
  journal={MLSys},
  year={2024}
}

@article{ma2023llm,
  title={Llm-pruner: On the structural pruning of large language models},
  author={Ma, Xinyin and Fang, Gongfan and Wang, Xinchao},
  journal={NeurIPS},
  year={2023}
}

@article{ashkboos2024slicegpt,
  title={Slicegpt: Compress large language models by deleting rows and columns},
  author={Ashkboos, Saleh and Croci, Maximilian L and Nascimento, Marcelo Gennari do and Hoefler, Torsten and Hensman, James},
  journal={ICLR},
  year={2024}
}

@article{zhong2024blockpruner,
  title={BlockPruner: Fine-grained Pruning for Large Language Models},
  author={Zhong, Longguang and Wan, Fanqi and Chen, Ruijun and Quan, Xiaojun and Li, Liangzhi},
  journal={arXiv preprint arXiv:2406.10594},
  year={2024}
}

@article{zhong2024revisiting,
  title={Revisiting knowledge distillation for autoregressive language models},
  author={Zhong, Qihuang and Ding, Liang and Shen, Li and Liu, Juhua and Du, Bo and Tao, Dacheng},
  journal={ACL},
  year={2024}
}

@inproceedings{muralidharan2024compact,
  title={Compact language models via pruning and knowledge distillation},
  author={Muralidharan, Saurav and Sreenivas, Sharath Turuvekere and Joshi, Raviraj Bhuminand and Chochowski, Marcin and Patwary, Mostofa and Shoeybi, Mohammad and Catanzaro, Bryan and Kautz, Jan and Molchanov, Pavlo},
  booktitle={NeurIPS},
  year={2024}
}

@article{hsieh2023distilling,
  title={Distilling step-by-step! outperforming larger language models with less training data and smaller model sizes},
  author={Hsieh, Cheng-Yu and Li, Chun-Liang and Yeh, Chih-Kuan and Nakhost, Hootan and Fujii, Yasuhisa and Ratner, Alexander and Krishna, Ranjay and Lee, Chen-Yu and Pfister, Tomas},
  journal={ACL},
  year={2023}
}

@article{wan2023efficient,
  title={Efficient large language models: A survey},
  author={Wan, Zhongwei and Wang, Xin and Liu, Che and Alam, Samiul and Zheng, Yu and Liu, Jiachen and Qu, Zhongnan and Yan, Shen and Zhu, Yi and Zhang, Quanlu and others},
  journal={arXiv preprint arXiv:2312.03863},
  year={2023}
}

@article{zhu2023survey,
  title={A survey on model compression for large language models},
  author={Zhu, Xunyu and Li, Jian and Liu, Yong and Ma, Can and Wang, Weiping},
  journal={arXiv preprint arXiv:2308.07633},
  year={2023}
}

@article{stewart1993early,
  title={On the early history of the singular value decomposition},
  author={Stewart, Gilbert W},
  journal={SIAM review},
  year={1993},
}

@incollection{wall2003singular,
  title={Singular value decomposition and principal component analysis},
  author={Wall, Michael E and Rechtsteiner, Andreas and Rocha, Luis M},
  booktitle={A practical approach to microarray data analysis},
  pages={91--109},
  year={2003},
  publisher={Springer}
}


@article{Zhou2024EfficientASO,
  title={A survey on efficient inference for large language models},
  author={Zhou, Zixuan and Ning, Xuefei and Hong, Ke and Fu, Tianyu and Xu, Jiaming and Li, Shiyao and Lou, Yuming and Wang, Luning and Yuan, Zhihang and Li, Xiuhong and others},
  journal={arXiv preprint arXiv:2404.14294},
  year={2024}
}

@article{Raffel2019C4,
  title={Exploring the Limits of Transfer Learning with a Unified Text-to-Text Transformer},
  author={Colin Raffel and Noam M. Shazeer and Adam Roberts and Katherine Lee and Sharan Narang and Michael Matena and Yanqi Zhou and Wei Li and Peter J. Liu},
  journal={JMLR},
  year={2019},
}

@article{Merity2016wiki,
  title={Pointer Sentinel Mixture Models},
  author={Stephen Merity and Caiming Xiong and James Bradbury and Richard Socher},
  journal={ICLR},
  year={2016},
}

@inproceedings{Mihaylov2018OpenbookQA,
  title={Can a Suit of Armor Conduct Electricity? A New Dataset for Open Book Question Answering},
  author={Todor Mihaylov and Peter Clark and Tushar Khot and Ashish Sabharwal},
  booktitle={EMNLP},
  year={2018},
}

@inproceedings{Sakaguchi2019WinoGrande,
  title={An Adversarial Winograd Schema Challenge at Scale},
  author={Keisuke Sakaguchi and Ronan Le Bras and Chandra Bhagavatula and Yejin Choi},
  year={2019},
  booktitle={AAAI},
}

@inproceedings{Zellers2019HellaSwag,
  title={HellaSwag: Can a Machine Really Finish Your Sentence?},
  author={Rowan Zellers and Ari Holtzman and Yonatan Bisk and Ali Farhadi and Yejin Choi},
  booktitle={ACL},
  year={2019},
}

@inproceedings{Bisk2019PIQARA,
  title={PIQA: Reasoning about Physical Commonsense in Natural Language},
  author={Yonatan Bisk and Rowan Zellers and Ronan Le Bras and Jianfeng Gao and Yejin Choi},
  booktitle={AAAI},
  year={2019},
}

@inproceedings{Amini2019MathQATI,
  title={MathQA: Towards Interpretable Math Word Problem Solving with Operation-Based Formalisms},
  author={Aida Amini and Saadia Gabriel and Shanchuan Lin and Rik Koncel-Kedziorski and Yejin Choi and Hannaneh Hajishirzi},
  booktitle={NAACL},
  year={2019},
}

@article{Clark2018Arc,
  title={Think you have solved question answering? try arc, the ai2 reasoning challenge},
  author={Clark, Peter and Cowhey, Isaac and Etzioni, Oren and Khot, Tushar and Sabharwal, Ashish and Schoenick, Carissa and Tafjord, Oyvind},
  journal={arXiv preprint arXiv:1803.05457},
  year={2018}
}

@article{Lin2021TruthfulQAMH,
  title={TruthfulQA: Measuring How Models Mimic Human Falsehoods},
  author={Lin, Stephanie and Hilton, Jacob and Evans, Owain},
  journal={ACL},
  year={2021}
}

@article{Cobbe2021kl,
  title={Training Verifiers to Solve Math Word Problems},
  author={Karl Cobbe and Vineet Kosaraju and Mohammad Bavarian and Mark Chen and Heewoo Jun and Lukasz Kaiser and Matthias Plappert and Jerry Tworek and Jacob Hilton and Reiichiro Nakano and Christopher Hesse and John Schulman},
  journal={NeurIPS},
  year={2021},
}


@article{Lin2023AWQAW,
  title={AWQ: Activation-aware Weight Quantization for On-Device LLM Compression and Acceleration},
  author={Lin, Ji and Tang, Jiaming and Tang, Haotian and Yang, Shang and Chen, Wei-Ming and Wang, Wei-Chen and Xiao, Guangxuan and Dang, Xingyu and Gan, Chuang and Han, Song},
  journal={MLSys},
  year={2024}
}


@article{devlin2018bert,
  title={Bert: Pre-training of deep bidirectional transformers for language understanding},
  author={Devlin, Jacob},
  journal={arXiv preprint arXiv:1810.04805},
  year={2018}
}

@article{kaplan2020scaling,
  title={Scaling laws for neural language models},
  author={Kaplan, Jared and McCandlish, Sam and Henighan, Tom and Brown, Tom B and Chess, Benjamin and Child, Rewon and Gray, Scott and Radford, Alec and Wu, Jeffrey and Amodei, Dario},
  journal={arXiv preprint arXiv:2001.08361},
  year={2020}
}

@article{touvron2023llama,
  title={Llama: Open and efficient foundation language models},
  author={Touvron, Hugo and Lavril, Thibaut and Izacard, Gautier and Martinet, Xavier and Lachaux, Marie-Anne and Lacroix, Timoth{\'e}e and Rozi{\`e}re, Baptiste and Goyal, Naman and Hambro, Eric and Azhar, Faisal and others},
  journal={arXiv preprint arXiv:2302.13971},
  year={2023}
}

@article{touvron2023llama2,
  title={Llama 2: Open foundation and fine-tuned chat models},
  author={Touvron, Hugo and Martin, Louis and Stone, Kevin and Albert, Peter and Almahairi, Amjad and Babaei, Yasmine and Bashlykov, Nikolay and Batra, Soumya and Bhargava, Prajjwal and Bhosale, Shruti and others},
  journal={arXiv preprint arXiv:2307.09288},
  year={2023}
}

@article{zhang2022opt,
  title={Opt: Open pre-trained transformer language models},
  author={Zhang, Susan and Roller, Stephen and Goyal, Naman and Artetxe, Mikel and Chen, Moya and Chen, Shuohui and Dewan, Christopher and Diab, Mona and Li, Xian and Lin, Xi Victoria and others},
  journal={arXiv preprint arXiv:2205.01068},
  year={2022}
}

@misc{vicuna2023,
    title = {Vicuna: An Open-Source Chatbot Impressing GPT-4 with 90\%* ChatGPT Quality},
    url = {https://lmsys.org/blog/2023-03-30-vicuna/},
    author = {Chiang, Wei-Lin and Li, Zhuohan and Lin, Zi and Sheng, Ying and Wu, Zhanghao and Zhang, Hao and Zheng, Lianmin and Zhuang, Siyuan and Zhuang, Yonghao and Gonzalez, Joseph E. and Stoica, Ion and Xing, Eric P.},
    month = {March},
    year = {2023}
}


@article{jiang2023mistral,
  title={Mistral 7B},
  author={Jiang, Albert Q and Sablayrolles, Alexandre and Mensch, Arthur and Bamford, Chris and Chaplot, Devendra Singh and Casas, Diego de las and Bressand, Florian and Lengyel, Gianna and Lample, Guillaume and Saulnier, Lucile and others},
  journal={arXiv preprint arXiv:2310.06825},
  year={2023}
}

@inproceedings{li2023losparse,
  title={Losparse: Structured compression of large language models based on low-rank and sparse approximation},
  author={Li, Yixiao and Yu, Yifan and Zhang, Qingru and Liang, Chen and He, Pengcheng and Chen, Weizhu and Zhao, Tuo},
  booktitle={ICML},
  year={2023},
}

@inproceedings{noach2020compressing,
  title={Compressing pre-trained language models by matrix decomposition},
  author={Noach, Matan Ben and Goldberg, Yoav},
  booktitle={AACL},
  year={2020}
}

@article{chen2023ternary,
  title={Ternary Singular Value Decomposition as a Better Parameterized Form in Linear Mapping},
  author={Chen, Boyu and Chen, Hanxuan and He, Jiao and Sun, Fengyu and Jui, Shangling},
  journal={arXiv preprint arXiv:2308.07641},
  year={2023}
}

@misc{alpaca2023,
    title = {Alpaca: A Strong, Replicable Instruction-Following Model},
    url = {https://crfm.stanford.edu/2023/03/13/alpaca.html},
    author = {Rohan Taori and Ishaan Gulrajani and Tianyi Zhang and Yann Dubois and Xuechen Li and Carlos Guestrin and Percy Liang and Tatsunori B. Hashimoto},
    month = {March},
    year = {2023}
}

@misc{eval-harness,
  author       = {Gao, Leo and Tow, Jonathan and Abbasi, Baber and Biderman, Stella and Black, Sid and DiPofi, Anthony and Foster, Charles and Golding, Laurence and Hsu, Jeffrey and Le Noac'h, Alain and Li, Haonan and McDonell, Kyle and Muennighoff, Niklas and Ociepa, Chris and Phang, Jason and Reynolds, Laria and Schoelkopf, Hailey and Skowron, Aviya and Sutawika, Lintang and Tang, Eric and Thite, Anish and Wang, Ben and Wang, Kevin and Zou, Andy},
  title        = {A framework for few-shot language model evaluation},
  month        = 07,
  year         = 2024,
  publisher    = {Zenodo},
  version      = {v0.4.3},
  doi          = {10.5281/zenodo.12608602},
  url          = {https://zenodo.org/records/12608602}
}

@article{taori2023alpaca,
  title={Alpaca: A strong, replicable instruction-following model},
  author={Taori, Rohan and Gulrajani, Ishaan and Zhang, Tianyi and Dubois, Yann and Li, Xuechen and Guestrin, Carlos and Liang, Percy and Hashimoto, Tatsunori B},
  journal={Stanford Center for Research on Foundation Models. https://crfm. stanford. edu/2023/03/13/alpaca. html},
  year={2023}
}

@article{marcus1993building,
  title={Building a large annotated corpus of English: The Penn Treebank},
  author={Marcus, Mitch and Santorini, Beatrice and Marcinkiewicz, Mary Ann},
  journal={Computational linguistics},
  year={1993}
}