@inproceedings{CFM4IAD,
  title={Multimodal industrial anomaly detection by crossmodal feature mapping},
  author={Costanzino, Alex and Ramirez, Pierluigi Zama and Lisanti, Giuseppe and Di Stefano, Luigi},
  booktitle={Proceedings of the IEEE/CVF Conference on Computer Vision and Pattern Recognition},
  pages={17234--17243},
  year={2024}
}

@inproceedings{CLIP,
  title={Learning transferable visual models from natural language supervision},
  author={Radford, Alec and Kim, Jong Wook and Hallacy, Chris and Ramesh, Aditya and Goh, Gabriel and Agarwal, Sandhini and Sastry, Girish and Askell, Amanda and Mishkin, Pamela and Clark, Jack and others},
  booktitle={International conference on machine learning},
  pages={8748--8763},
  year={2021},
  organization={PMLR}
}

@inproceedings{IMR,
  title={Towards Scalable 3D Anomaly Detection and Localization: A Benchmark via 3D Anomaly Synthesis and A Self-Supervised Learning Network},
  author={Li, Wenqiao and Xu, Xiaohao and Gu, Yao and Zheng, Bozhong and Gao, Shenghua and Wu, Yingna},
  booktitle={Proceedings of the IEEE/CVF Conference on Computer Vision and Pattern Recognition},
  pages={22207--22216},
  year={2024}
}

@inproceedings{RD,
  title={Anomaly detection via reverse distillation from one-class embedding},
  author={Deng, Hanqiu and Li, Xingyu},
  booktitle={Proceedings of the IEEE/CVF conference on computer vision and pattern recognition},
  pages={9737--9746},
  year={2022}
}

@article{cao2024cpmf,
  title={Complementary pseudo multimodal feature for point cloud anomaly detection},
  author={Cao, Yunkang and Xu, Xiaohao and Shen, Weiming},
  journal={Pattern Recognition},
  volume={156},
  pages={110761},
  year={2024},
  publisher={Elsevier}
}

@inproceedings{jeong2023winclip,
  title={Winclip: Zero-/few-shot anomaly classification and segmentation},
  author={Jeong, Jongheon and Zou, Yang and Kim, Taewan and Zhang, Dongqing and Ravichandran, Avinash and Dabeer, Onkar},
  booktitle={Proceedings of the IEEE/CVF Conference on Computer Vision and Pattern Recognition},
  pages={19606--19616},
  year={2023}
}

@inproceedings{li2024promptad,
  title={Promptad: Zero-shot anomaly detection using text prompts},
  author={Li, Yiting and Goodge, Adam and Liu, Fayao and Foo, Chuan-Sheng},
  booktitle={Proceedings of the IEEE/CVF Winter Conference on Applications of Computer Vision},
  pages={1093--1102},
  year={2024}
}

@article{liu2024real3d,
  title={Real3d-ad: A dataset of point cloud anomaly detection},
  author={Liu, Jiaqi and Xie, Guoyang and Chen, Ruitao and Li, Xinpeng and Wang, Jinbao and Liu, Yong and Wang, Chengjie and Zheng, Feng},
  journal={Advances in Neural Information Processing Systems},
  volume={36},
  year={2024}
}

@article{r3dad,
  title={R3D-AD: Reconstruction via Diffusion for 3D Anomaly Detection},
  author={Zhou, Zheyuan and Wang, Le and Fang, Naiyu and Wang, Zili and Qiu, Lemiao and Zhang, Shuyou},
  journal={arXiv preprint arXiv:2407.10862},
  year={2024}
}

@inproceedings{roth2022patchcore,
  title={Towards total recall in industrial anomaly detection},
  author={Roth, Karsten and Pemula, Latha and Zepeda, Joaquin and Sch{\"o}lkopf, Bernhard and Brox, Thomas and Gehler, Peter},
  booktitle={Proceedings of the IEEE/CVF conference on computer vision and pattern recognition},
  pages={14318--14328},
  year={2022}
}

@inproceedings{wang2023m3dm,
  title={Multimodal industrial anomaly detection via hybrid fusion},
  author={Wang, Yue and Peng, Jinlong and Zhang, Jiangning and Yi, Ran and Wang, Yabiao and Wang, Chengjie},
  booktitle={Proceedings of the IEEE/CVF Conference on Computer Vision and Pattern Recognition},
  pages={8032--8041},
  year={2023}
}

@article{xu2024afscti3,
  title={Afsc: Adaptive fourier space compression for anomaly detection},
  author={Xu, Haote and Zhang, Yunlong and Chen, Xiaolu and Jing, Changxing and Sun, Liyan and Huang, Yue and Ding, Xinghao},
  journal={IEEE Transactions on Industrial Informatics},
  year={2024},
  publisher={IEEE}
}

@inproceedings{zavrtanik2021draem,
  title={Draem-a discriminatively trained reconstruction embedding for surface anomaly detection},
  author={Zavrtanik, Vitjan and Kristan, Matej and Sko{\v{c}}aj, Danijel},
  booktitle={Proceedings of the IEEE/CVF international conference on computer vision},
  pages={8330--8339},
  year={2021}
}

@inproceedings{zhang2024realnet,
  title={RealNet: A feature selection network with realistic synthetic anomaly for anomaly detection},
  author={Zhang, Ximiao and Xu, Min and Zhou, Xiuzhuang},
  booktitle={Proceedings of the IEEE/CVF Conference on Computer Vision and Pattern Recognition},
  pages={16699--16708},
  year={2024}
}

@article{zuo2024clip3dad,
  title={CLIP3D-AD: Extending CLIP for 3D Few-Shot Anomaly Detection with Multi-View Images Generation},
  author={Zuo, Zuo and Dong, Jiahao and Wu, Yao and Qu, Yanyun and Wu, Zongze},
  journal={arXiv preprint arXiv:2406.18941},
  year={2024}
}

