@inproceedings{c10,
  title={Tode-trans: Transparent object depth estimation with transformer},
  author={Chen, Kang and Wang, Shaochen and Xia, Beihao and Li, Dongxu and Kan, Zhen and Li, Bin},
  booktitle={Proceedings of IEEE International Conference on Robotics and Automation},
  pages={4880-4886},
  year={2023}
}

@inproceedings{c11,
  title={Dex-NerF: Using a Neural Radiance field to Grasp Transparent Objects},
  author={Ichnowski, Jeffrey and Avigal, Yahav and Kerr, Justin and Goldberg, Ken},
  booktitle={Proceedings of Conference on Robot Learning},
  year={2020}
}

@inproceedings{c12,
  title={Evo-Nerf: Evolving nerf for sequential robot grasping of transparent objects},
  author={Kerr, Justin and Fu, Letian and Huang, Huang and Avigal, Yahav and Tancik, Matthew and Ichnowski, Jeffrey and Kanazawa, Angjoo and Goldberg, Ken},
  booktitle={Proceedings of Conference on Robot Learning},
  year={2022}
}

@inproceedings{c13,
  title={GraspNeRF: Multiview-based 6-DoF Grasp Detection for Transparent and Specular Objects Using Generalizable NeRF},
  author={Qiyu Dai and Yan Zhu and Yiran Geng and Ciyu Ruan and Jiazhao Zhang and He Wang},
  booktitle={Proceedings of IEEE International Conference on Robotics and Automation},
  year={2023},
  pages={1757-1763}
}

@inproceedings{c14,
  title={Simnet: Enabling robust unknown object manipulation from pure synthetic data via stereo},
  author={Kollar, Thomas and Laskey, Michael and Stone, Kevin and Thananjeyan, Brijen and Tjersland, Mark},
  booktitle={Proceedings of Conference on Robot Learning},
  pages={938-948},
  year={2022}
}

@inproceedings{c15,
  title={Mvtrans: Multi-view perception of transparent objects},
  author={Wang, Yi Ru and Zhao, Yuchi and Xu, Haoping and Eppel, Sagi and Aspuru-Guzik, Al{\'a}n and Shkurti, Florian and Garg, Animesh},
  booktitle={Proceedings of IEEE International Conference on Robotics and Automation},
  pages={3771-3778},
  year={2023}
}

@article{c16,
  title={Nerf: Representing scenes as neural radiance fields for view synthesis},
  author={Mildenhall, Ben and Srinivasan, Pratul P and Tancik, Matthew and Barron, Jonathan T and Ramamoorthi, Ravi and Ng, Ren},
  journal={Communications of the ACM},
  volume={65},
  number={1},
  pages={99-106},
  year={2021}
}

@inproceedings{c17,
  title={Look deeper into depth: Monocular depth estimation with semantic booster and attention-driven loss},
  author={Jiao, Jianbo and Cao, Ying and Song, Yibing and Lau, Rynson},
  booktitle={Proceedings of European Conference on Computer Vision},
  pages={53-69},
  year={2018}
}

@InProceedings{c21,
    author = {Mei, Haiyang and Yang, Xin and Wang, Yang and Liu, Yuanyuan and He, Shengfeng and Zhang, Qiang and Wei, Xiaopeng and Lau, Rynson W.H.},
    title = {Don't Hit Me! Glass Detection in Real-World Scenes},
    booktitle = {Proceedings of IEEE/CVF Conference on Computer Vision and Pattern Recognition},
    year = {2020},
    pages={3684-3693}
}

@inproceedings{c22,
  author       = {Ke Fan and Changan Wang and Yabiao Wang and Chengjie Wang and Ran Yi and Lizhuang Ma},
  title        = {RFENet: Towards Reciprocal Feature Evolution for Glass Segmentation},
  booktitle    = {Proceedings of International Joint Conference on Artificial Intelligence},
  pages        = {717-725},
  year         = {2023}
}

@inproceedings{c23,
  title={RGB-D local implicit function for depth completion of transparent objects},
  author={Zhu, Luyang and Mousavian, Arsalan and Xiang, Yu and Mazhar, Hammad and van Eenbergen, Jozef and Debnath, Shoubhik and Fox, Dieter},
  booktitle={Proceedings of IEEE/CVF Conference on Computer Vision and Pattern Recognition},
  pages={4649-4658},
  year={2021}
}

@inproceedings{c24,
  title={Seeing Glass: Joint Point-Cloud and Depth Completion for Transparent Objects},
  author={Xu, Haoping and Wang, Yi Ru and Eppel, Sagi and Aspuru-Guzik, Alan and Shkurti, Florian and Garg, Animesh},
  booktitle={Proceedings of Conference on Robot Learning},
  pages={827-838},
  year={2022}
}

@inproceedings{c25,
  title={Swin transformer: Hierarchical vision transformer using shifted windows},
  author={Liu, Ze and Lin, Yutong and Cao, Yue and Hu, Han and Wei, Yixuan and Zhang, Zheng and Lin, Stephen and Guo, Baining},
  booktitle={Proceedings of IEEE/CVF International Conference on Computer Vision},
  pages={10012-10022},
  year={2021}
}

@inproceedings{c26,
  title={Transparent Objects: A Corner Case in Stereo Matching},
  author={Wu, Zhiyuan and Su, Shuai and Chen, Qijun and Fan, Rui},
  booktitle={Proceedings of IEEE International Conference on Robotics and Automation},
  pages={12353-12359},
  year={2023}
}

@inproceedings{c27,
  title={ASGrasp: Generalizable Transparent Object Reconstruction and 6-DoF Grasp Detection from RGB-D Active Stereo Camera},
  author={Shi, Jun and Yong, A and Jin, Yixiang and Li, Dingzhe and Niu, Haoyu and Jin, Zhezhu and Wang, He},
  booktitle={Proceedings of International Conference on Robotics and Automation},
  pages={5441-5447},
  year={2024}
}

@inproceedings{c28,
  title={Joint task-recursive learning for semantic segmentation and depth estimation},
  author={Zhang, Zhenyu and Cui, Zhen and Xu, Chunyan and Jie, Zequn and Li, Xiang and Yang, Jian},
  booktitle={Proceedings of European conference on computer vision},
  pages={235-251},
  year={2018}
}

@article{c29,
  title={Sosd-net: Joint semantic object segmentation and depth estimation from monocular images},
  author={He, Lei and Lu, Jiwen and Wang, Guanghui and Song, Shiyu and Zhou, Jie},
  journal={Neurocomputing},
  volume={440},
  pages={251-263},
  year={2021}
}

@inproceedings{c3,
  title={Segmenting transparent objects in the wild},
  author={Xie, Enze and Wang, Wenjia and Wang, Wenhai and Ding, Mingyu and Shen, Chunhua and Luo, Ping},
  booktitle={Proceedings of European Conference on Computer Vision},
  pages={696-711},
  year={2020}
}

@inproceedings{c30,
  title={Sdc-depth: Semantic divide-and-conquer network for monocular depth estimation},
  author={Wang, Lijun and Zhang, Jianming and Wang, Oliver and Lin, Zhe and Lu, Huchuan},
  booktitle={Proceedings of IEEE/CVF Conference on Computer Vision and Pattern Recognition},
  pages={541-550},
  year={2020}
}

@inproceedings{c31,
  title={Depth-aware cnn for rgb-d segmentation},
  author={Wang, Weiyue and Neumann, Ulrich},
  booktitle={Proceedings of European Conference on Computer Vision},
  pages={135-150},
  year={2018}
}

@article{c32,
  title={Spatial information guided convolution for real-time RGBD semantic segmentation},
  author={Chen, Lin-Zhuo and Lin, Zheng and Wang, Ziqin and Yang, Yong-Liang and Cheng, Ming-Ming},
  journal={IEEE Transactions on Image Processing},
  volume={30},
  pages={2313-2324},
  year={2021}
}

@InProceedings{c33,
  title={TaskPrompter: Spatial-Channel Multi-Task Prompting for Dense Scene Understanding},
  author={Ye, Hanrong and Xu, Dan},
  booktitle={Proceedings of International Conference on Learning Representations},
  year={2023}
}

@inproceedings{c34,
  title={Raft: Recurrent all-pairs field transforms for optical flow},
  author={Teed, Zachary and Deng, Jia},
  booktitle={Proceedings of European Conference on Computer Vision},
  pages={402-419},
  year={2020}
}

@inproceedings{c35,
  title={Raft-stereo: Multilevel recurrent field transforms for stereo matching},
  author={Lipson, Lahav and Teed, Zachary and Deng, Jia},
  booktitle={Proceedings of International Conference on 3D Vision},
  pages={218-227},
  year={2021}
}

@inproceedings{c36,
  title={Itermvs: Iterative probability estimation for efficient multi-view stereo},
  author={Wang, Fangjinhua and Galliani, Silvano and Vogel, Christoph and Pollefeys, Marc},
  booktitle={Proceedings of IEEE/CVF Conference on Computer Vision and Pattern Recognition},
  pages={8606-8615},
  year={2022}
}

@inproceedings{c37,
  title={Iterative Geometry Encoding Volume for Stereo Matching},
  author={Xu, Gangwei and Wang, Xianqi and Ding, Xiaohuan and Yang, Xin},
  booktitle={Proceedings of IEEE/CVF Conference on Computer Vision and Pattern Recognition},
  pages={21919-21928},
  year={2023}
}

@inproceedings{c38,
  title={An Image is Worth 16x16 Words: Transformers for Image Recognition at Scale},
  author={Dosovitskiy, Alexey and Beyer, Lucas and Kolesnikov, Alexander and Weissenborn, Dirk and Zhai, Xiaohua and Unterthiner, Thomas and  Dehghani, Mostafa and Minderer, Matthias and Heigold, Georg and Gelly, Sylvain and Uszkoreit, Jakob and Houlsby, Neil},
  journal={Proceedings of International Conference on Learning Representations},
  year={2021}
}

@inproceedings{c4,
  title={Enhanced boundary learning for glass-like object segmentation},
  author={He, Hao and Li, Xiangtai and Cheng, Guangliang and Shi, Jianping and Tong, Yunhai and Meng, Gaofeng and Prinet, V{\'e}ronique and Weng, LuBin},
  booktitle={Proceedings of IEEE/CVF International Conference on Computer Vision},
  pages={15859-15868},
  year={2021}
}

@inproceedings{c42,
  title={Inverted Pyramid Multi-task Transformer for Dense Scene Understanding},
  author={Ye, Hanrong and Xu, Dan},
  booktitle={Proceedings of European Conference on Computer Vision},
  year={2022}
}

@inproceedings{c44,
  title={Residual-NeRF: Learning Residual NeRFs for Transparent Object Manipulation}, 
  author={Bardienus P. Duisterhof and Yuemin Mao and Si Heng Teng and Jeffrey Ichnowski},
  year={2024},
  pages={13918-13924},
  booktitle={Proceedings of IEEE International Conference on Robotics and Automation}
}

@inproceedings{c5,
    author = {Mei, Haiyang and Dong, Bo and Dong, Wen and Yang, Jiaxi and Baek, Seung-Hwan and Heide, Felix and Peers, Pieter and Wei, Xiaopeng and Yang, Xin},
    title = {Glass Segmentation using Intensity and Spectral Polarization Cues},
    booktitle = {Proceedings of IEEE/CVF Conference on Computer Vision and Pattern Recognition},
    pages={12612-12621},
    year = {2022}
}

@article{c6,
  title={Glass segmentation with RGB-thermal image pairs},
  author={Huo, Dong and Wang, Jian and Qian, Yiming and Yang, Yee-Hong},
  journal={IEEE Transactions on Image Processing},
  volume={32},
  pages={1911-1926},
  year={2023}
}

@inproceedings{c7,
  title={Clear grasp: 3d shape estimation of transparent objects for manipulation},
  author={Sajjan, Shreeyak and Moore, Matthew and Pan, Mike and Nagaraja, Ganesh and Lee, Johnny and Zeng, Andy and Song, Shuran},
  booktitle={Proceedings of IEEE International Conference on Robotics and Automation},
  pages={3634-3642},
  year={2020}
}

