@inproceedings{EPFLBenchmarks,
  title={The EPFL combinational benchmark suite},
  author={Amar{\'u}, Luca and Gaillardon, Pierre-Emmanuel and De Micheli, Giovanni},
  booktitle={IWLS},
  number={CONF},
  year={2015}
}

@article{ISCAS89,
  title={Notes on the ISCAS'89 benchmark circuits},
  author={Brglez, Franc and Bryan, David and Kozminski, Krzysztof},
  journal={North-Carolina State University},
  year={1989}
}

@inproceedings{ITC99,
  title={Characteristics of the ITCâ€™99 benchmark circuits},
  author={Davidson, Scott},
  booktitle={ITSW},
  year={1999}
}

@inproceedings{IWLS05,
  title={IWLS 2005 benchmarks},
  author={Albrecht, Christoph},
  booktitle={IWLS},
  year={2005}
}

@inproceedings{ajayi2019openroad,
  title={OpenROAD: Toward a self-driving, open-source digital layout implementation tool chain},
  author={Ajayi, Tutu and Blaauw, David},
  booktitle={Proceedings of Government Microcircuit Applications and Critical Technology Conference},
  year={2019}
}

@article{chai2022circuitnet,
  title={Circuitnet: An open-source dataset for machine learning applications in electronic design automation (eda)},
  author={Chai, Zhuomin and Zhao, Yuxiang and Lin, Yibo and Liu, Wei and Wang, Runsheng and Huang, Ru},
  journal={arXiv preprint arXiv:2208.01040},
  year={2022}
}

@article{chang2024dataisall,
  title={Data is all you need: Finetuning LLMs for Chip Design via an Automated design-data augmentation framework},
  author={Chang, Kaiyan and Wang, Kun and Yang, Nan and Wang, Ying and Jin, Dantong and Zhu, Wenlong and Chen, Zhirong and Li, Cangyuan and Yan, Hao and Zhou, Yunhao and others},
  journal={arXiv preprint arXiv:2403.11202},
  year={2024}
}

@article{chen2024dawn,
  title={The dawn of ai-native eda: Promises and challenges of large circuit models},
  author={Chen, Lei and Chen, Yiqi and Chu, Zhufei and Fang, Wenji and Ho, Tsung-Yi and Huang, Yu and Khan, Sadaf and Li, Min and Li, Xingquan and Liang, Yun and others},
  journal={arXiv preprint arXiv:2403.07257},
  year={2024}
}

@article{huang2021machine,
  title={Machine learning for electronic design automation: A survey},
  author={Huang, Guyue and Hu, Jingbo and He, Yifan and Liu, Jialong and Ma, Mingyuan and Shen, Zhaoyang and Wu, Juejian and Xu, Yuanfan and Zhang, Hengrui and Zhong, Kai and others},
  journal={ACM Transactions on Design Automation of Electronic Systems (TODAES)},
  volume={26},
  number={5},
  pages={1--46},
  year={2021},
  publisher={ACM New York, NY}
}

@inproceedings{jiang2024circuitnet2,
  title={CircuitNet 2.0: An Advanced Dataset for Promoting Machine Learning Innovations in Realistic Chip Design Environment},
  author={Jiang, Xun and Zhao, Yuxiang and Lin, Yibo and Wang, Runsheng and Huang, Ru and others},
  booktitle={The Twelfth International Conference on Learning Representations},
  year={2024}
}

@inproceedings{liu2023verilogeval,
  title={Verilogeval: Evaluating large language models for verilog code generation},
  author={Liu, Mingjie and Pinckney, Nathaniel and Khailany, Brucek and Ren, Haoxing},
  booktitle={2023 IEEE/ACM International Conference on Computer Aided Design (ICCAD)},
  pages={1--8},
  year={2023},
  organization={IEEE}
}

@inproceedings{shrestha2024edaschema,
  title={EDA-schema: A graph datamodel schema and open dataset for digital design automation},
  author={Shrestha, Pratik and Aversa, Alec and Phatharodom, Saran and Savidis, Ioannis},
  booktitle={Proceedings of the Great Lakes Symposium on VLSI 2024},
  pages={69--77},
  year={2024}
}

@inproceedings{thakur2023benchmarking,
  title={Benchmarking large language models for automated verilog rtl code generation},
  author={Thakur, Shailja and Ahmad, Baleegh and Fan, Zhenxing and Pearce, Hammond and Tan, Benjamin and Karri, Ramesh and Dolan-Gavitt, Brendan and Garg, Siddharth},
  booktitle={2023 Design, Automation \& Test in Europe Conference \& Exhibition (DATE)},
  pages={1--6},
  year={2023},
  organization={IEEE}
}

@article{thakur2024verigen,
  title={Verigen: A large language model for verilog code generation},
  author={Thakur, Shailja and Ahmad, Baleegh and Pearce, Hammond and Tan, Benjamin and Dolan-Gavitt, Brendan and Karri, Ramesh and Garg, Siddharth},
  journal={ACM Transactions on Design Automation of Electronic Systems},
  volume={29},
  number={3},
  pages={1--31},
  year={2024},
  publisher={ACM New York, NY}
}

@misc{wu2024edacorpus,
      title={EDA Corpus: A Large Language Model Dataset for Enhanced Interaction with OpenROAD}, 
      author={Bing-Yue Wu and Utsav Sharma and Sai Rahul Dhanvi Kankipati and Ajay Yadav and Bintu Kappil George and Sai Ritish Guntupalli and Austin Rovinski and Vidya A. Chhabria},
      year={2024},
      eprint={2405.06676},
      archivePrefix={arXiv},
      primaryClass={cs.CL},
      url={https://arxiv.org/abs/2405.06676}, 
}

@article{zhang2024mg,
  title={MG-Verilog: Multi-grained Dataset Towards Enhanced LLM-assisted Verilog Generation},
  author={Zhang, Yongan and Yu, Zhongzhi and Fu, Yonggan and Wan, Cheng and others},
  journal={arXiv preprint arXiv:2407.01910},
  year={2024}
}

@article{zhong2023llm4eda,
  title={Llm4eda: Emerging progress in large language models for electronic design automation},
  author={Zhong, Ruizhe and Du, Xingbo and Kai, Shixiong and Tang, Zhentao and Xu, Siyuan and Zhen, Hui-Ling and Hao, Jianye and Xu, Qiang and Yuan, Mingxuan and Yan, Junchi},
  journal={arXiv preprint arXiv:2401.12224},
  year={2023}
}

