@incollection{Bengio+chapter2007,
author = {Bengio, Yoshua and LeCun, Yann},
booktitle = {Large Scale Kernel Machines},
publisher = {MIT Press},
title = {Scaling Learning Algorithms Towards {AI}},
year = {2007}
}

@article{Hinton06,
author = {Hinton, Geoffrey E. and Osindero, Simon and Teh, Yee Whye},
journal = {Neural Computation},
pages = {1527--1554},
title = {A Fast Learning Algorithm for Deep Belief Nets},
volume = {18},
year = {2006}
}

@book{goodfellow2016deep,
title={Deep learning},
author={Goodfellow, Ian and Bengio, Yoshua and Courville, Aaron and Bengio, Yoshua},
volume={1},
year={2016},
publisher={MIT Press}
}

@book{RTL,
  title={Algorithmic and Register-Transfer Level Synthesis: The System Architect’s Workbench: The System Architect's Workbench},
  author={Thomas, Donald E and Lagnese, Elizabeth D and Walker, Robert A and Rajan, Jayanth V and Blackburn, Robert L and Nestor, John A},
  volume={85},
  year={1989},
  publisher={Springer Science \& Business Media}
}


@book{chu2006rtl,
  title={RTL hardware design using VHDL: coding for efficiency, portability, and scalability},
  author={Chu, Pong P},
  year={2006},
  publisher={John Wiley \& Sons}
}

@inproceedings{thakur2023benchmarking,
  title={Benchmarking large language models for automated verilog rtl code generation},
  author={Thakur, Shailja and Ahmad, Baleegh and Fan, Zhenxing and Pearce, Hammond and Tan, Benjamin and Karri, Ramesh and Dolan-Gavitt, Brendan and Garg, Siddharth},
  booktitle={2023 Design, Automation \& Test in Europe Conference \& Exhibition (DATE)},
  pages={1--6},
  year={2023},
  organization={IEEE}
}


@article{cui2024OriGen,
  title={OriGen: Enhancing RTL Code Generation with Code-to-Code Augmentation and Self-Reflection},
  author={Cui, Fan and Yin, Chenyang and Zhou, Kexing and Xiao, Youwei and Sun, Guangyu and Xu, Qiang and Guo, Qipeng and Song, Demin and Lin, Dahua and Zhang, Xingcheng and others},
  journal={arXiv preprint arXiv:2407.16237},
  year={2024}
}

@article{allam2024RTL-Repo,
  title={RTL-Repo: A Benchmark for Evaluating LLMs on Large-Scale RTL Design Projects},
  author={Allam, Ahmed and Shalan, Mohamed},
  journal={arXiv preprint arXiv:2405.17378},
  year={2024}
}

@article{touvron2023llama,
  title={Llama: Open and efficient foundation language models},
  author={Touvron, Hugo and Lavril, Thibaut and Izacard, Gautier and Martinet, Xavier and Lachaux, Marie-Anne and Lacroix, Timoth{\'e}e and Rozi{\`e}re, Baptiste and Goyal, Naman and Hambro, Eric and Azhar, Faisal and others},
  journal={arXiv preprint arXiv:2302.13971},
  year={2023}
}

@article{achiam2023gpt,
  title={Gpt-4 technical report},
  author={Achiam, Josh and Adler, Steven and Agarwal, Sandhini and Ahmad, Lama and Akkaya, Ilge and Aleman, Florencia Leoni and Almeida, Diogo and Altenschmidt, Janko and Altman, Sam and Anadkat, Shyamal and others},
  journal={arXiv preprint arXiv:2303.08774},
  year={2023}
}
@article{guo2024deepseekcoder,
  title={DeepSeek-Coder: When the Large Language Model Meets Programming--The Rise of Code Intelligence},
  author={Guo, Daya and Zhu, Qihao and Yang, Dejian and Xie, Zhenda and Dong, Kai and Zhang, Wentao and Chen, Guanting and Bi, Xiao and Wu, Yu and Li, YK and others},
  journal={arXiv preprint arXiv:2401.14196},
  year={2024}
}
@article{zhu2024deepseekcoderv2,
  title={DeepSeek-Coder-V2: Breaking the Barrier of Closed-Source Models in Code Intelligence},
  author={Zhu, Qihao and Guo, Daya and Shao, Zhihong and Yang, Dejian and Wang, Peiyi and Xu, Runxin and Wu, Y and Li, Yukun and Gao, Huazuo and Ma, Shirong and others},
  journal={arXiv preprint arXiv:2406.11931},
  year={2024}
}
@article{codellama,
  title={Code llama: Open foundation models for code},
  author={Roziere, Baptiste and Gehring, Jonas and Gloeckle, Fabian and Sootla, Sten and Gat, Itai and Tan, Xiaoqing Ellen and Adi, Yossi and Liu, Jingyu and Remez, Tal and Rapin, J{\'e}r{\'e}my and others},
  journal={arXiv preprint arXiv:2308.12950},
  year={2023}
}
@article{nadimi2024multi,
  title={A Multi-Expert Large Language Model Architecture for Verilog Code Generation},
  author={Nadimi, Bardia and Zheng, Hao},
  journal={arXiv preprint arXiv:2404.08029},
  year={2024}
}
@article{chen2024dawn,
  title={The dawn of ai-native eda: Promises and challenges of large circuit models},
  author={Chen, Lei and Chen, Yiqi and Chu, Zhufei and Fang, Wenji and Ho, Tsung-Yi and Huang, Yu and Khan, Sadaf and Li, Min and Li, Xingquan and Liang, Yun and others},
  journal={arXiv preprint arXiv:2403.07257},
  year={2024}
}
@article{thakur2024verigen,
  title={Verigen: A large language model for verilog code generation},
  author={Thakur, Shailja and Ahmad, Baleegh and Pearce, Hammond and Tan, Benjamin and Dolan-Gavitt, Brendan and Karri, Ramesh and Garg, Siddharth},
  journal={ACM Transactions on Design Automation of Electronic Systems},
  volume={29},
  number={3},
  pages={1--31},
  year={2024},
  publisher={ACM New York, NY}
}

@inproceedings{liu2023verilogeval,
  title={Verilogeval: Evaluating large language models for verilog code generation},
  author={Liu, Mingjie and Pinckney, Nathaniel and Khailany, Brucek and Ren, Haoxing},
  booktitle={2023 IEEE/ACM International Conference on Computer Aided Design (ICCAD)},
  pages={1--8},
  year={2023},
  organization={IEEE}
}

@article{chang2024dataisall,
  title={Data is all you need: Finetuning LLMs for Chip Design via an Automated design-data augmentation framework},
  author={Chang, Kaiyan and Wang, Kun and Yang, Nan and Wang, Ying and Jin, Dantong and Zhu, Wenlong and Chen, Zhirong and Li, Cangyuan and Yan, Hao and Zhou, Yunhao and others},
  journal={arXiv preprint arXiv:2403.11202},
  year={2024}
}
@article{zhang2024mg,
  title={MG-Verilog: Multi-grained Dataset Towards Enhanced LLM-assisted Verilog Generation},
  author={Zhang, Yongan and Yu, Zhongzhi and Fu, Yonggan and Wan, Cheng and others},
  journal={arXiv preprint arXiv:2407.01910},
  year={2024}
}
@article{zhong2023llm4eda,
  title={Llm4eda: Emerging progress in large language models for electronic design automation},
  author={Zhong, Ruizhe and Du, Xingbo and Kai, Shixiong and Tang, Zhentao and Xu, Siyuan and Zhen, Hui-Ling and Hao, Jianye and Xu, Qiang and Yuan, Mingxuan and Yan, Junchi},
  journal={arXiv preprint arXiv:2401.12224},
  year={2023}
}
@misc{wu2024edacorpus,
      title={EDA Corpus: A Large Language Model Dataset for Enhanced Interaction with OpenROAD}, 
      author={Bing-Yue Wu and Utsav Sharma and Sai Rahul Dhanvi Kankipati and Ajay Yadav and Bintu Kappil George and Sai Ritish Guntupalli and Austin Rovinski and Vidya A. Chhabria},
      year={2024},
      eprint={2405.06676},
      archivePrefix={arXiv},
      primaryClass={cs.CL},
      url={https://arxiv.org/abs/2405.06676}, 
}
@inproceedings{shrestha2024edaschema,
  title={EDA-schema: A graph datamodel schema and open dataset for digital design automation},
  author={Shrestha, Pratik and Aversa, Alec and Phatharodom, Saran and Savidis, Ioannis},
  booktitle={Proceedings of the Great Lakes Symposium on VLSI 2024},
  pages={69--77},
  year={2024}
}
@article{chai2022circuitnet,
  title={Circuitnet: An open-source dataset for machine learning applications in electronic design automation (eda)},
  author={Chai, Zhuomin and Zhao, Yuxiang and Lin, Yibo and Liu, Wei and Wang, Runsheng and Huang, Ru},
  journal={arXiv preprint arXiv:2208.01040},
  year={2022}
}

@inproceedings{jiang2024circuitnet2,
  title={CircuitNet 2.0: An Advanced Dataset for Promoting Machine Learning Innovations in Realistic Chip Design Environment},
  author={Jiang, Xun and Zhao, Yuxiang and Lin, Yibo and Wang, Runsheng and Huang, Ru and others},
  booktitle={The Twelfth International Conference on Learning Representations},
  year={2024}
}

@article{huang2021machine,
  title={Machine learning for electronic design automation: A survey},
  author={Huang, Guyue and Hu, Jingbo and He, Yifan and Liu, Jialong and Ma, Mingyuan and Shen, Zhaoyang and Wu, Juejian and Xu, Yuanfan and Zhang, Hengrui and Zhong, Kai and others},
  journal={ACM Transactions on Design Automation of Electronic Systems (TODAES)},
  volume={26},
  number={5},
  pages={1--46},
  year={2021},
  publisher={ACM New York, NY}
}

@article{chowdhury2021openabc,
  title={Openabc-d: A large-scale dataset for machine learning guided integrated circuit synthesis},
  author={Chowdhury, Animesh Basak and Tan, Benjamin and Karri, Ramesh and Garg, Siddharth},
  journal={arXiv preprint arXiv:2110.11292},
  year={2021}
}

@article{ISCAS89,
  title={Notes on the ISCAS'89 benchmark circuits},
  author={Brglez, Franc and Bryan, David and Kozminski, Krzysztof},
  journal={North-Carolina State University},
  year={1989}
}

@inproceedings{ITC99,
  title={Characteristics of the ITC’99 benchmark circuits},
  author={Davidson, Scott},
  booktitle={ITSW},
  year={1999}
}

@inproceedings{EPFLBenchmarks,
  title={The EPFL combinational benchmark suite},
  author={Amar{\'u}, Luca and Gaillardon, Pierre-Emmanuel and De Micheli, Giovanni},
  booktitle={IWLS},
  number={CONF},
  year={2015}
}

@inproceedings{IWLS05,
  title={IWLS 2005 benchmarks},
  author={Albrecht, Christoph},
  booktitle={IWLS},
  year={2005}
}
@article{codet5,
  title={Codet5+: Open code large language models for code understanding and generation},
  author={Wang, Yue and Le, Hung and Gotmare, Akhilesh Deepak and Bui, Nghi DQ and Li, Junnan and Hoi, Steven CH},
  journal={arXiv preprint arXiv:2305.07922},
  year={2023}
}
@article{codegen,
  title={Codegen: An open large language model for code with multi-turn program synthesis},
  author={Nijkamp, Erik and Pang, Bo and Hayashi, Hiroaki and Tu, Lifu and Wang, Huan and Zhou, Yingbo and Savarese, Silvio and Xiong, Caiming},
  journal={arXiv preprint arXiv:2203.13474},
  year={2022}
}
@article{floridi2020gpt3,
  title={GPT-3: Its nature, scope, limits, and consequences},
  author={Floridi, Luciano and Chiriatti, Massimo},
  journal={Minds and Machines},
  volume={30},
  pages={681--694},
  year={2020},
  publisher={Springer}
}

@techreport{claude,
  title = {Claude 3.5 Sonnet Model Card Addendum},
  author = {{Anthropic}},
  year = {2024},
  institution = {Anthropic},
  type = {Technical Report},
  url = {https://www-cdn.anthropic.com/fed9cc193a14b84131812372d8d5857f8f304c52/Model_Card_Claude_3_Addendum.pdf},
  note = {Accessed: [Insert access date here]}
}


@inproceedings{li2022deepgate,
  title={Deepgate: Learning neural representations of logic gates},
  author={Li, Min and Khan, Sadaf and Shi, Zhengyuan and Wang, Naixing and Yu, Huang and Xu, Qiang},
  booktitle={Proceedings of the 59th ACM/IEEE Design Automation Conference},
  pages={667--672},
  year={2022}
}

@inproceedings{shi2023deepgate2,
  title={Deepgate2: Functionality-aware circuit representation learning},
  author={Shi, Zhengyuan and Pan, Hongyang and Khan, Sadaf and Li, Min and Liu, Yi and Huang, Junhua and Zhen, Hui-Ling and Yuan, Mingxuan and Chu, Zhufei and Xu, Qiang},
  booktitle={2023 IEEE/ACM International Conference on Computer Aided Design },
  year={2023},
  organization={IEEE}
}
@article{wei2022chainofthought,
  title={Chain-of-thought prompting elicits reasoning in large language models},
  author={Wei, Jason and Wang, Xuezhi and Schuurmans, Dale and Bosma, Maarten and Xia, Fei and Chi, Ed and Le, Quoc V and Zhou, Denny and others},
  journal={Advances in neural information processing systems},
  volume={35},
  pages={24824--24837},
  year={2022}
}
@article{shi2024deepgate3,
  title={DeepGate3: Towards Scalable Circuit Representation Learning},
  author={Shi, Zhengyuan and Zheng, Ziyang and Khan, Sadaf and Zhong, Jianyuan and Li, Min and Xu, Qiang},
  journal={arXiv preprint arXiv:2407.11095},
  year={2024}
}
@article{liu2024deepseekv2,
  title={Deepseek-v2: A strong, economical, and efficient mixture-of-experts language model},
  author={Liu, Aixin and Feng, Bei and Wang, Bin and Wang, Bingxuan and Liu, Bo and Zhao, Chenggang and Dengr, Chengqi and Ruan, Chong and Dai, Damai and Guo, Daya and others},
  journal={arXiv preprint arXiv:2405.04434},
  year={2024}
}
@inproceedings{lu2024rtllm,
  title={Rtllm: An open-source benchmark for design rtl generation with large language model},
  author={Lu, Yao and Liu, Shang and Zhang, Qijun and Xie, Zhiyao},
  booktitle={2024 29th Asia and South Pacific Design Automation Conference (ASP-DAC)},
  pages={722--727},
  year={2024},
  organization={IEEE}
}

@inproceedings{shi2022deeptpi,
  title={Deeptpi: Test point insertion with deep reinforcement learning},
  author={Shi, Zhengyuan and Li, Min and Khan, Sadaf and Wang, Liuzheng and Wang, Naixing and Huang, Yu and Xu, Qiang},
  booktitle={2022 IEEE International Test Conference (ITC)},
  pages={194--203},
  year={2022},
  organization={IEEE}
}

@inproceedings{khan2024deepseq,
  title={DeepSeq: Deep Sequential Circuit Learning},
  author={Khan, Sadaf and Shi, Zhengyuan and Li, Min and Xu, Qiang},
  booktitle={2024 Design, Automation \& Test in Europe Conference \& Exhibition (DATE)},
  pages={1--2},
  year={2024},
  organization={IEEE}
}

@inproceedings{fang2023masterrtl,
  title={MasterRTL: A Pre-Synthesis PPA Estimation Framework for Any RTL Design},
  author={Fang, Wenji and Lu, Yao and Liu, Shang and Zhang, Qijun and Xu, Ceyu and Wills, Lisa Wu and Zhang, Hongce and Xie, Zhiyao},
  booktitle={2023 IEEE/ACM International Conference on Computer Aided Design (ICCAD)},
  pages={1--9},
  year={2023},
  organization={IEEE}
}

@inproceedings{xu2022sns,
  title={SNS's not a synthesizer: a deep-learning-based synthesis predictor},
  author={Xu, Ceyu and Kjellqvist, Chris and Wills, Lisa Wu},
  booktitle={Proceedings of the 49th Annual International Symposium on Computer Architecture},
  pages={847--859},
  year={2022}
}

@article{sagdeo1998standard,
  title={Standard delay format},
  author={Sagdeo, Vivek},
  journal={The Complete Verilog Book},
  pages={321--363},
  year={1998},
  publisher={Springer}
}

@inproceedings{orailoglu1986flow,
  title={Flow graph representation},
  author={Orailoglu, Alex and Gajski, Daniel D},
  booktitle={Proceedings of the 23rd acm/ieee design automation conference},
  pages={503--509},
  year={1986}
}

@article{vasudevan2021learning,
  title={Learning semantic representations to verify hardware designs},
  author={Vasudevan, Shobha and Jiang, Wenjie Joe and Bieber, David and Singh, Rishabh and Ho, C Richard and Sutton, Charles and others},
  journal={Advances in Neural Information Processing Systems},
  volume={34},
  pages={23491--23504},
  year={2021}
}

@article{coussy2009introduction,
  title={An introduction to high-level synthesis},
  author={Coussy, Philippe and Gajski, Daniel D and Meredith, Michael and Takach, Andres},
  journal={IEEE Design \& Test of Computers},
  volume={26},
  number={4},
  pages={8--17},
  year={2009},
  publisher={IEEE}
}

@inproceedings{takamaeda2015pyverilog,
  title={Pyverilog: A python-based hardware design processing toolkit for verilog hdl},
  author={Takamaeda-Yamazaki, Shinya},
  booktitle={Applied Reconfigurable Computing: 11th International Symposium, ARC 2015, Bochum, Germany, April 13-17, 2015, Proceedings 11},
  pages={451--460},
  year={2015},
  organization={Springer}
}

@article{wolf2016yosys,
  title={Yosys open synthesis suite},
  author={Wolf, Clifford},
  year={2016}
}

@inproceedings{sengupta2022good,
  title={How good is your verilog rtl code? a quick answer from machine learning},
  author={Sengupta, Prianka and Tyagi, Aakash and Chen, Yiran and Hu, Jiang},
  booktitle={Proceedings of the 41st IEEE/ACM International Conference on Computer-Aided Design},
  pages={1--9},
  year={2022}
}

@inproceedings{brayton2010abc,
  title={ABC: An academic industrial-strength verification tool},
  author={Brayton, Robert and Mishchenko, Alan},
  booktitle={CAV 2010, Edinburgh, UK, July 15-19, 2010. Proceedings 22},
  pages={24--40},
  year={2010},
  organization={Springer}
}

@article{deng2024less,
  title={Less is More: Hop-Wise Graph Attention for Scalable and Generalizable Learning on Circuits},
  author={Deng, Chenhui and Yue, Zichao and Yu, Cunxi and Sarar, Gokce and Carey, Ryan and Jain, Rajeev and Zhang, Zhiru},
  journal={arXiv preprint arXiv:2403.01317},
  year={2024}
}

@misc{alldatasheet,
    title = {}, 
    url = {https://www.alldatasheet.com/},
    author = {Alldatasheet},
    year = {2003}
}
@article{zhao2024codev,
  title={Codev: Empowering llms for verilog generation through multi-level summarization},
  author={Zhao, Yang and Huang, Di and Li, Chongxiao and Jin, Pengwei and Nan, Ziyuan and Ma, Tianyun and Qi, Lei and Pan, Yansong and Zhang, Zhenxing and Zhang, Rui and others},
  journal={arXiv preprint arXiv:2407.10424},
  year={2024}
}
@inproceedings{ajayi2019openroad,
  title={OpenROAD: Toward a self-driving, open-source digital layout implementation tool chain},
  author={Ajayi, Tutu and Blaauw, David},
  booktitle={Proceedings of Government Microcircuit Applications and Critical Technology Conference},
  year={2019}
}