@ARTICLE{10384836,
  author={Liang, Jinhao and Jiang, Wenqian and Lu, Chenbei and Wu, Chenye},
  journal={IEEE Transactions on Power Systems}, 
  title={Joint Chance-Constrained Unit Commitment: Statistically Feasible Robust Optimization With Learning-to-Optimize Acceleration}, 
  year={2024},
  volume={39},
  number={5},
  pages={6508-6521},
  keywords={Uncertainty;Optimization;Renewable energy sources;Generators;Stochastic processes;Kernel;Computational efficiency;Chance-constrained programming;robust optimization;statistical feasibility;unit commitment},
  doi={10.1109/TPWRS.2024.3351435}}

@article{Mandi_2024,
   title={Decision-Focused Learning: Foundations, State of the Art, Benchmark and Future Opportunities},
   volume={80},
   ISSN={1076-9757},
   url={http://dx.doi.org/10.1613/jair.1.15320},
   DOI={10.1613/jair.1.15320},
   journal={Journal of Artificial Intelligence Research},
   publisher={AI Access Foundation},
   author={Mandi, Jayanta and Kotary, James and Berden, Senne and Mulamba, Maxime and Bucarey, Victor and Guns, Tias and Fioretto, Ferdinando},
   year={2024},
   month=aug, pages={1623â€“1701} }

@inproceedings{NEURIPS2020_51311013,
 author = {Mandi, Jayanta and Guns, Tias},
 booktitle = {Advances in Neural Information Processing Systems},
 editor = {H. Larochelle and M. Ranzato and R. Hadsell and M.F. Balcan and H. Lin},
 pages = {7272--7282},
 publisher = {Curran Associates, Inc.},
 title = {Interior Point Solving for LP-based prediction+optimisation},
 url = {https://proceedings.neurips.cc/paper_files/paper/2020/file/51311013e51adebc3c34d2cc591fefee-Paper.pdf},
 volume = {33},
 year = {2020}
}

@article{Roos2020ReducingConservatism,
  title     = {Reducing Conservatism in Robust Optimization},
  author    = {C. Roos and D. den Hertog},
  journal   = {INFORMS Journal on Computing},
  volume    = {32},
  number    = {4},
  pages     = {1026--1043},
  year      = {2020},
  doi       = {10.1287/ijoc.2019.0913},
  url       = {https://pubsonline.informs.org/doi/10.1287/ijoc.2019.0913}
}

@article{agrawal2019differentiable,
  title={Differentiable convex optimization layers},
  author={Agrawal, Akshay and Amos, Brandon and Barratt, Shane and Boyd, Stephen and Diamond, Steven and Kolter, J Zico},
  journal={Advances in neural information processing systems},
  volume={32},
  year={2019}
}

@article{anstine2023generative,
  title={Generative models as an emerging paradigm in the chemical sciences},
  author={Anstine, Dylan M and Isayev, Olexandr},
  journal={Journal of the American Chemical Society},
  volume={145},
  number={16},
  pages={8736--8750},
  year={2023},
  publisher={ACS Publications}
}

@article{ben2002robust,
  title={Robust optimization--methodology and applications},
  author={Ben-Tal, Aharon and Nemirovski, Arkadi},
  journal={Mathematical programming},
  volume={92},
  pages={453--480},
  year={2002},
  publisher={Springer}
}

@article{ben2006extending,
  title={Extending scope of robust optimization: Comprehensive robust counterparts of uncertain problems},
  author={Ben-Tal, Aharon and Boyd, Stephen and Nemirovski, Arkadi},
  journal={Mathematical Programming},
  volume={107},
  pages={63--89},
  year={2006},
  publisher={Springer}
}

@article{ben2009robust,
  title={Robust optimization},
  author={Ben-Tal, Aharon and Nemirovski, Arkadi and El Ghaoui, Laurent},
  year={2009},
  publisher={Princeton university press}
}

@article{bengio1997using,
  title={Using a financial training criterion rather than a prediction criterion},
  author={Bengio, Yoshua},
  journal={International journal of neural systems},
  volume={8},
  number={04},
  pages={433--443},
  year={1997},
  publisher={World Scientific}
}

@inproceedings{bertsimas2004robust,
  title={A robust optimization approach to supply chain management},
  author={Bertsimas, Dimitris and Thiele, Aur{\'e}lie},
  booktitle={Integer Programming and Combinatorial Optimization: 10th International IPCO Conference, New York, NY, USA, June 7-11, 2004. Proceedings 10},
  pages={86--100},
  year={2004},
  organization={Springer}
}

@article{bertsimas2011theory,
  title={Theory and applications of robust optimization},
  author={Bertsimas, Dimitris and Brown, David B and Caramanis, Constantine},
  journal={SIAM review},
  volume={53},
  number={3},
  pages={464--501},
  year={2011},
  publisher={SIAM}
}

@article{fonseca2011robust,
  title={Robust optimization of currency portfolios},
  author={Fonseca, Raquel J and Zymler, Steve and Wiesemann, Wolfram and Rustem, Berc},
  journal={The Journal of Computational Finance},
  volume={15},
  number={1},
  pages={3},
  year={2011},
  publisher={Incisive Media Limited}
}

@article{gabrel2014recent,
  title={Recent advances in robust optimization: An overview},
  author={Gabrel, Virginie and Murat, C{\'e}cile and Thiele, Aur{\'e}lie},
  journal={European journal of operational research},
  volume={235},
  number={3},
  pages={471--483},
  year={2014},
  publisher={Elsevier}
}

@article{ho2020denoising,
  title={Denoising diffusion probabilistic models},
  author={Ho, Jonathan and Jain, Ajay and Abbeel, Pieter},
  journal={Advances in neural information processing systems},
  volume={33},
  pages={6840--6851},
  year={2020}
}

@inproceedings{koppen2000curse,
  title={The curse of dimensionality},
  author={K{\"o}ppen, Mario},
  booktitle={5th online world conference on soft computing in industrial applications (WSC5)},
  volume={1},
  pages={4--8},
  year={2000}
}

@article{liang2024multi,
  title={Simultaneous Multi-Robot Motion Planning with Projected Diffusion Models},
  author={Liang, Jinhao and Christopher, Jacob K and Koenig, Sven and Fioretto, Ferdinando},
  journal={arXiv preprint arXiv:2502.03607},
  year={2025}
}

@article{lipman2022flow,
  title={Flow matching for generative modeling},
  author={Lipman, Yaron and Chen, Ricky TQ and Ben-Hamu, Heli and Nickel, Maximilian and Le, Matt},
  journal={arXiv preprint arXiv:2210.02747},
  year={2022}
}

@article{lotfi2018robust,
  title={Robust VaR and CVaR optimization under joint ambiguity in distributions, means, and covariances},
  author={Lotfi, Somayyeh and Zenios, Stavros A},
  journal={European Journal of Operational Research},
  volume={269},
  number={2},
  pages={556--576},
  year={2018},
  publisher={Elsevier}
}

@inproceedings{patel2024conformal,
  title={Conformal contextual robust optimization},
  author={Patel, Yash P and Rayan, Sahana and Tewari, Ambuj},
  booktitle={International Conference on Artificial Intelligence and Statistics},
  pages={2485--2493},
  year={2024},
  organization={PMLR}
}

@InProceedings{pmlr-v70-amos17a,
  title = 	 {{O}pt{N}et: Differentiable Optimization as a Layer in Neural Networks},
  author =       {Brandon Amos and J. Zico Kolter},
  booktitle = 	 {Proceedings of the 34th International Conference on Machine Learning},
  pages = 	 {136--145},
  year = 	 {2017},
  editor = 	 {Precup, Doina and Teh, Yee Whye},
  volume = 	 {70},
  series = 	 {Proceedings of Machine Learning Research},
  month = 	 {06--11 Aug},
  publisher =    {PMLR},
  pdf = 	 {http://proceedings.mlr.press/v70/amos17a/amos17a.pdf},
  url = 	 {https://proceedings.mlr.press/v70/amos17a.html}
}

@inproceedings{wilder2019melding,
  title={Melding the data-decisions pipeline: Decision-focused learning for combinatorial optimization},
  author={Wilder, Bryan and Dilkina, Bistra and Tambe, Milind},
  booktitle={Proceedings of the AAAI Conference on Artificial Intelligence},
  volume={33},
  number={01},
  pages={1658--1665},
  year={2019}
}

@article{winkler2019learning,
  title={Learning likelihoods with conditional normalizing flows},
  author={Winkler, Christina and Worrall, Daniel and Hoogeboom, Emiel and Welling, Max},
  journal={arXiv preprint arXiv:1912.00042},
  year={2019}
}

@article{zheng2023guided,
  title={Guided flows for generative modeling and decision making},
  author={Zheng, Qinqing and Le, Matt and Shaul, Neta and Lipman, Yaron and Grover, Aditya and Chen, Ricky TQ},
  journal={arXiv preprint arXiv:2311.13443},
  year={2023}
}

