%-----------decision-making applications%-----------
@article{SAHINIDIS2004971,
title = {Optimization under uncertainty: state-of-the-art and opportunities},
journal = {Computers \& Chemical Engineering},
volume = {28},
number = {6},
pages = {971-983},
year = {2004},
author = {Nikolaos V. Sahinidis}
}
@misc{chen2023uncertaintyawarerobustlearningnoisy,
      title={Uncertainty-Aware Robust Learning on Noisy Graphs}, 
      author={Shuyi Chen and Kaize Ding and Shixiang Zhu},
      year={2023},
      eprint={2306.08210},
      archivePrefix={arXiv},
      primaryClass={cs.LG},
      url={https://arxiv.org/abs/2306.08210}, 
}
@book{Kouvelis1997RobustDiscreteOptimization,
  title     = {Robust Discrete Optimization and Its Applications},
  author    = {Panos Kouvelis and Gang Yu},
  year      = {1997},
  publisher = {Kluwer Academic Publishers},
  address   = {Norwell, MA},
  isbn      = {978-0-7923-4291-7},
  url       = {https://link.springer.com/book/10.1007/978-1-4757-2620-6}
}
@article{Roos2020ReducingConservatism,
  title     = {Reducing Conservatism in Robust Optimization},
  author    = {C. Roos and D. den Hertog},
  journal   = {INFORMS Journal on Computing},
  volume    = {32},
  number    = {4},
  pages     = {1026--1043},
  year      = {2020},
  doi       = {10.1287/ijoc.2019.0913},
  url       = {https://pubsonline.informs.org/doi/10.1287/ijoc.2019.0913}
}

@article{zhu2021quantifying,
  title={Quantifying grid resilience against extreme weather using large-scale customer power outage data},
  author={Zhu, Shixiang and Yao, Rui and Xie, Yao and Qiu, Feng and Qiu, Yueming and Wu, Xuan},
  journal={arXiv preprint arXiv:2109.09711},
  year={2021}
}

@article{Mandi_2024,
   title={Decision-Focused Learning: Foundations, State of the Art, Benchmark and Future Opportunities},
   volume={80},
   ISSN={1076-9757},
   url={http://dx.doi.org/10.1613/jair.1.15320},
   DOI={10.1613/jair.1.15320},
   journal={Journal of Artificial Intelligence Research},
   publisher={AI Access Foundation},
   author={Mandi, Jayanta and Kotary, James and Berden, Senne and Mulamba, Maxime and Bucarey, Victor and Guns, Tias and Fioretto, Ferdinando},
   year={2024},
   month=aug, pages={1623–1701} }
@inproceedings{NEURIPS2018_a08e32d2,
 author = {Gao, Rui and Xie, Liyan and Xie, Yao and Xu, Huan},
 booktitle = {Advances in Neural Information Processing Systems},
 editor = {S. Bengio and H. Wallach and H. Larochelle and K. Grauman and N. Cesa-Bianchi and R. Garnett},
 pages = {},
 publisher = {Curran Associates, Inc.},
 title = {Robust Hypothesis Testing Using Wasserstein Uncertainty Sets},
 url = {https://proceedings.neurips.cc/paper_files/paper/2018/file/a08e32d2f9a8b78894d964ec7fd4172e-Paper.pdf},
 volume = {31},
 year = {2018}
}
@article{duchi2021learning,
  title={Learning models with uniform performance via distributionally robust optimization},
  author={Duchi, John C and Namkoong, Hongseok},
  journal={The Annals of Statistics},
  volume={49},
  number={3},
  pages={1378--1406},
  year={2021},
  publisher={Institute of Mathematical Statistics}
}
@inproceedings{shalev2016minimizing,
  title={Minimizing the maximal loss: How and why},
  author={Shalev-Shwartz, Shai and Wexler, Yonatan},
  booktitle={International Conference on Machine Learning},
  pages={793--801},
  year={2016},
  organization={PMLR}
}
@article{zhu2022distributionally,
  title={Distributionally robust weighted k-nearest neighbors},
  author={Zhu, Shixiang and Xie, Liyan and Zhang, Minghe and Gao, Rui and Xie, Yao},
  journal={Advances in Neural Information Processing Systems},
  volume={35},
  pages={29088--29100},
  year={2022}
}
@ARTICLE{6209381,
  author={},
  journal={IEEE Std 1366-2012 (Revision of IEEE Std 1366-2003)}, 
  title={IEEE Guide for Electric Power Distribution Reliability Indices}, 
  year={2012},
  volume={},
  number={},
  pages={1-43},
  keywords={IEEE standards;Indexes;Power system reliability;Power distribution;Reliability;circuits;distribution reliability indices;distribution systems;electric power;IEEE 1366;reliability indices},
  doi={10.1109/IEEESTD.2012.6209381}}

@article{krokhmal2002portfolio,
  title={Portfolio optimization with conditional value-at-risk objective and constraints},
  author={Krokhmal, Pavlo and Palmquist, Jonas and Uryasev, Stanislav},
  journal={Journal of risk},
  volume={4},
  pages={43--68},
  year={2002},
  publisher={Citeseer}
}

@ARTICLE{9955492,
  author={},
  journal={IEEE Std 1366-2022 (Revision of IEEE Std 1366-2012)}, 
  title={IEEE Guide for Electric Power Distribution Reliability Indices}, 
  year={2022},
  volume={},
  number={},
  pages={1-44},
  keywords={IEEE Standards;Indexes;Power system reliability;circuits;distribution reliability indices;distribution systems;electric power;IEEE 1366;reliability indices},
  doi={10.1109/IEEESTD.2022.9955492}}

@book{liu2009theory,
  title={Theory and practice of uncertain programming},
  author={Liu, Baoding and Liu, Baoding},
  volume={239},
  year={2009},
  publisher={Springer}
}
@article{kim2005optimal,
  title={Optimal vehicle routing with real-time traffic information},
  author={Kim, Seongmoon and Lewis, Mark E and White, Chelsea C},
  journal={IEEE Transactions on Intelligent Transportation Systems},
  volume={6},
  number={2},
  pages={178--188},
  year={2005},
  publisher={IEEE}
}
@article{hu2016toward,
  title={Toward optimal energy management of microgrids via robust two-stage optimization},
  author={Hu, Wuhua and Wang, Ping and Gooi, Hoay Beng},
  journal={IEEE Transactions on smart grid},
  volume={9},
  number={2},
  pages={1161--1174},
  year={2016},
  publisher={IEEE}
}
@article{delage2010distributionally,
  title={Distributionally robust optimization under moment uncertainty with application to data-driven problems},
  author={Delage, Erick and Ye, Yinyu},
  journal={Operations research},
  volume={58},
  number={3},
  pages={595--612},
  year={2010},
  publisher={INFORMS}
}
@article{hhl003,
    author = {Garlappi, Lorenzo and Uppal, Raman and Wang, Tan},
    title = "{Portfolio Selection with Parameter and Model Uncertainty: A Multi-Prior Approach}",
    journal = {The Review of Financial Studies},
    volume = {20},
    number = {1},
    pages = {41-81},
    year = {2006},
    month = {05}
}

%-------------------Section 3 Methods---------------------
%--------SAA--------
@article{pagnoncelli2009sample,
  title={Sample average approximation method for chance constrained programming: theory and applications},
  author={Pagnoncelli, Bernardo K and Ahmed, Shabbir and Shapiro, Alexander},
  journal={Journal of optimization theory and applications},
  volume={142},
  number={2},
  pages={399--416},
  year={2009},
  publisher={Springer}
}
@article{kim2015guide,
  title={A guide to sample average approximation},
  author={Kim, Sujin and Pasupathy, Raghu and Henderson, Shane G},
  journal={Handbook of simulation optimization},
  pages={207--243},
  year={2015},
  publisher={Springer}
}
@article{emelogu2016enhanced,
  title={An enhanced sample average approximation method for stochastic optimization},
  author={Emelogu, Adindu and Chowdhury, Sudipta and Marufuzzaman, Mohammad and Bian, Linkan and Eksioglu, Burak},
  journal={International Journal of Production Economics},
  volume={182},
  pages={230--252},
  year={2016},
  publisher={Elsevier}
}
%--------SAA--------
$-------------------Section 3 Methods---------------------

%-----------decision-making applications%-----------

% Predict-Then-Optimize
@article{elmachtoub2017smart,
  title={Smart" Predict, then Optimize"},
  author={Elmachtoub, Adam N and Grigas, Paul},
  journal={arXiv preprint arXiv:1710.08005},
  year={2017}
}

% DFL reviews
@article{elmachtoub2022smart,
  title={Smart “predict, then optimize”},
  author={Elmachtoub, Adam N and Grigas, Paul},
  journal={Management Science},
  volume={68},
  number={1},
  pages={9--26},
  year={2022},
  publisher={INFORMS}
}

@article{donti2017task,
  title={Task-based end-to-end model learning in stochastic optimization},
  author={Donti, Priya and Amos, Brandon and Kolter, J Zico},
  journal={Advances in neural information processing systems},
  volume={30},
  year={2017}
}


% DFL Contrastive Loss
@article{mulamba2020contrastive,
  title={Contrastive losses and solution caching for predict-and-optimize},
  author={Mulamba, Maxime and Mandi, Jayanta and Diligenti, Michelangelo and Lombardi, Michele and Bucarey, Victor and Guns, Tias},
  journal={arXiv preprint arXiv:2011.05354},
  year={2020}
}

% DFL Rank
@inproceedings{mandi2022decision,
  title={Decision-focused learning: Through the lens of learning to rank},
  author={Mandi, Jayanta and Bucarey, V{\i}ctor and Tchomba, Maxime Mulamba Ke and Guns, Tias},
  booktitle={International conference on machine learning},
  pages={14935--14947},
  year={2022},
  organization={PMLR}
}

% DFL with differentiable DRO layers
@article{ma2024differentiable,
  title={Differentiable distributionally robust optimization layers},
  author={Ma, Xutao and Ning, Chao and Du, Wenli},
  journal={arXiv preprint arXiv:2406.16571},
  year={2024}
}

% CPO
@inproceedings{patel2024conformal,
  title={Conformal contextual robust optimization},
  author={Patel, Yash P and Rayan, Sahana and Tewari, Ambuj},
  booktitle={International Conference on Artificial Intelligence and Statistics},
  pages={2485--2493},
  year={2024},
  organization={PMLR}
}
% CPO
@inproceedings{wang2023probabilistic,
  title={Probabilistic Conformal Prediction Using Conditional Random Samples},
  author={Wang, Zhendong and Gao, Ruijiang and Yin, Mingzhang and Zhou, Mingyuan and Blei, David},
  booktitle={International Conference on Artificial Intelligence and Statistics},
  pages={8814--8836},
  year={2023},
  organization={PMLR}
}

% SBI
@article{hermans2021trust,
  title={A trust crisis in simulation-based inference? your posterior approximations can be unfaithful},
  author={Hermans, Joeri and Delaunoy, Arnaud and Rozet, Fran{\c{c}}ois and Wehenkel, Antoine and Begy, Volodimir and Louppe, Gilles},
  journal={arXiv preprint arXiv:2110.06581},
  year={2021}
}

% curse of dimensionality
@inproceedings{koppen2000curse,
  title={The curse of dimensionality},
  author={K{\"o}ppen, Mario},
  booktitle={5th online world conference on soft computing in industrial applications (WSC5)},
  volume={1},
  pages={4--8},
  year={2000}
}

% Robust Optimization
@article{ben2009robust,
  title={Robust optimization},
  author={Ben-Tal, Aharon and Nemirovski, Arkadi and El Ghaoui, Laurent},
  year={2009},
  publisher={Princeton university press}
}
@article{beyer2007robust,
  title={Robust optimization--a comprehensive survey},
  author={Beyer, Hans-Georg and Sendhoff, Bernhard},
  journal={Computer methods in applied mechanics and engineering},
  volume={196},
  number={33-34},
  pages={3190--3218},
  year={2007},
  publisher={Elsevier}
}

% Conformal prediction
@article{shafer2008tutorial,
  title={A tutorial on conformal prediction.},
  author={Shafer, Glenn and Vovk, Vladimir},
  journal={Journal of Machine Learning Research},
  volume={9},
  number={3},
  year={2008}
}
@article{angelopoulos2021gentle,
  title={A gentle introduction to conformal prediction and distribution-free uncertainty quantification},
  author={Angelopoulos, Anastasios N and Bates, Stephen},
  journal={arXiv preprint arXiv:2107.07511},
  year={2021}
}

% VaR
@article{duffie1997overview,
  title={An overview of value at risk},
  author={Duffie, Darrell and Pan, Jun},
  journal={Journal of derivatives},
  volume={4},
  number={3},
  pages={7--49},
  year={1997}
}
% CVaR
@article{rockafellar2000optimization,
  title={Optimization of conditional value-at-risk},
  author={Rockafellar, R Tyrrell and Uryasev, Stanislav and others},
  journal={Journal of risk},
  volume={2},
  pages={21--42},
  year={2000}
}
@article{rockafellar2002conditional,
  title={Conditional value-at-risk for general loss distributions},
  author={Rockafellar, R Tyrrell and Uryasev, Stanislav},
  journal={Journal of banking \& finance},
  volume={26},
  number={7},
  pages={1443--1471},
  year={2002},
  publisher={Elsevier}
}

% CVaR app
@incollection{sarykalin2008value,
  title={Value-at-risk vs. conditional value-at-risk in risk management and optimization},
  author={Sarykalin, Sergey and Serraino, Gaia and Uryasev, Stan},
  booktitle={State-of-the-art decision-making tools in the information-intensive age},
  pages={270--294},
  year={2008},
  publisher={Informs}
}

%======= Generative Model ========
@article{winkler2019learning,
  title={Learning likelihoods with conditional normalizing flows},
  author={Winkler, Christina and Worrall, Daniel and Hoogeboom, Emiel and Welling, Max},
  journal={arXiv preprint arXiv:1912.00042},
  year={2019}
}

@inproceedings{wu2024counterfactual,
  title={Counterfactual generative models for time-varying treatments},
  author={Wu, Shenghao and Zhou, Wenbin and Chen, Minshuo and Zhu, Shixiang},
  booktitle={Proceedings of the 30th ACM SIGKDD Conference on Knowledge Discovery and Data Mining},
  pages={3402--3413},
  year={2024}
}

@article{dong2023conditional,
  title={Conditional Generative Modeling for High-dimensional Marked Temporal Point Processes},
  author={Dong, Zheng and Fan, Zekai and Zhu, Shixiang},
  journal={arXiv preprint arXiv:2305.12569},
  year={2023}
}

@article{papamakarios2021normalizing,
  title={Normalizing flows for probabilistic modeling and inference},
  author={Papamakarios, George and Nalisnick, Eric and Rezende, Danilo Jimenez and Mohamed, Shakir and Lakshminarayanan, Balaji},
  journal={Journal of Machine Learning Research},
  volume={22},
  number={57},
  pages={1--64},
  year={2021}
}
@article{tabak2013family,
  title={A family of nonparametric density estimation algorithms},
  author={Tabak, Esteban G and Turner, Cristina V},
  journal={Communications on Pure and Applied Mathematics},
  volume={66},
  number={2},
  pages={145--164},
  year={2013},
  publisher={Wiley Online Library}
}
%======= Generative Model ========


%======= Related Work ========
% early attempt
@article{bengio1997using,
  title={Using a financial training criterion rather than a prediction criterion},
  author={Bengio, Yoshua},
  journal={International journal of neural systems},
  volume={8},
  number={04},
  pages={433--443},
  year={1997},
  publisher={World Scientific}
}
% dfl_qp
@InProceedings{pmlr-v70-amos17a,
  title = 	 {{O}pt{N}et: Differentiable Optimization as a Layer in Neural Networks},
  author =       {Brandon Amos and J. Zico Kolter},
  booktitle = 	 {Proceedings of the 34th International Conference on Machine Learning},
  pages = 	 {136--145},
  year = 	 {2017},
  editor = 	 {Precup, Doina and Teh, Yee Whye},
  volume = 	 {70},
  series = 	 {Proceedings of Machine Learning Research},
  month = 	 {06--11 Aug},
  publisher =    {PMLR},
  pdf = 	 {http://proceedings.mlr.press/v70/amos17a/amos17a.pdf},
  url = 	 {https://proceedings.mlr.press/v70/amos17a.html}
}
%dfl_convex
@article{agrawal2019differentiable,
  title={Differentiable convex optimization layers},
  author={Agrawal, Akshay and Amos, Brandon and Barratt, Shane and Boyd, Stephen and Diamond, Steven and Kolter, J Zico},
  journal={Advances in neural information processing systems},
  volume={32},
  year={2019}
}
% dfl_nonconvex
@article{kotary2023backpropagation,
  title={Backpropagation of unrolled solvers with folded optimization},
  author={Kotary, James and Dinh, My H and Fioretto, Ferdinando},
  journal={arXiv preprint arXiv:2301.12047},
  year={2023}
}
%dfl_combinational
@inproceedings{wilder2019melding,
  title={Melding the data-decisions pipeline: Decision-focused learning for combinatorial optimization},
  author={Wilder, Bryan and Dilkina, Bistra and Tambe, Milind},
  booktitle={Proceedings of the AAAI Conference on Artificial Intelligence},
  volume={33},
  number={01},
  pages={1658--1665},
  year={2019}
}
%dfl_ilp
@inproceedings{NEURIPS2020_51311013,
 author = {Mandi, Jayanta and Guns, Tias},
 booktitle = {Advances in Neural Information Processing Systems},
 editor = {H. Larochelle and M. Ranzato and R. Hadsell and M.F. Balcan and H. Lin},
 pages = {7272--7282},
 publisher = {Curran Associates, Inc.},
 title = {Interior Point Solving for LP-based prediction+optimisation},
 url = {https://proceedings.neurips.cc/paper_files/paper/2020/file/51311013e51adebc3c34d2cc591fefee-Paper.pdf},
 volume = {33},
 year = {2020}
}
$application_health
@article{Wang_Verma_Mate_Shah_Taneja_Madhiwalla_Hegde_Tambe_2023, title={Scalable Decision-Focused Learning in Restless Multi-Armed Bandits with Application to Maternal and Child Health}, volume={37}, url={https://ojs.aaai.org/index.php/AAAI/article/view/26431}, DOI={10.1609/aaai.v37i10.26431}, abstractNote={This paper studies restless multi-armed bandit (RMAB) problems with unknown arm transition dynamics but with known correlated arm features. The goal is to learn a model to predict transition dynamics given features, where the Whittle index policy solves the RMAB problems using predicted transitions. However, prior works often learn the model by maximizing the predictive accuracy instead of final RMAB solution quality, causing a mismatch between training and evaluation objectives. To address this shortcoming, we propose a novel approach for decision-focused learning in RMAB that directly trains the predictive model to maximize the Whittle index solution quality. We present three key contributions: (i) we establish differentiability of the Whittle index policy to support decision-focused learning; (ii) we significantly improve the scalability of decision-focused learning approaches in sequential problems, specifically RMAB problems; (iii) we apply our algorithm to a previously collected dataset of maternal and child health to demonstrate its performance. Indeed, our algorithm is the first for decision-focused learning in RMAB that scales to real-world problem sizes.}, number={10}, journal={Proceedings of the AAAI Conference on Artificial Intelligence}, author={Wang, Kai and Verma, Shresth and Mate, Aditya and Shah, Sanket and Taneja, Aparna and Madhiwalla, Neha and Hegde, Aparna and Tambe, Milind}, year={2023}, month={Jun.}, pages={12138-12146} }
%app_power
@article{di2024learning,
  title={Learning To Solve Differential Equation Constrained Optimization Problems},
  author={Di Vito, Vincenzo and Mohammadian, Mostafa and Baker, Kyri and Fioretto, Ferdinando},
  journal={arXiv preprint arXiv:2410.01786},
  year={2024}
}
% app_power
@inproceedings{fioretto2020predicting,
  title={Predicting ac optimal power flows: Combining deep learning and lagrangian dual methods},
  author={Fioretto, Ferdinando and Mak, Terrence WK and Van Hentenryck, Pascal},
  booktitle={Proceedings of the AAAI conference on artificial intelligence},
  volume={34},
  number={01},
  pages={630--637},
  year={2020}
}
%app_court
@article{dinh2024end,
  title={End-to-End Optimization and Learning of Fair Court Schedules},
  author={Dinh, My H and Kotary, James and Gouldin, Lauryn P and Yeoh, William and Fioretto, Ferdinando},
  journal={arXiv preprint arXiv:2410.17415},
  year={2024}
}
%gen_model_vae
@article{kingma2013auto,
  title={Auto-encoding variational bayes},
  author={Kingma, Diederik P},
  journal={arXiv preprint arXiv:1312.6114},
  year={2013}
}
%gen_model_dm
@article{ho2020denoising,
  title={Denoising diffusion probabilistic models},
  author={Ho, Jonathan and Jain, Ajay and Abbeel, Pieter},
  journal={Advances in neural information processing systems},
  volume={33},
  pages={6840--6851},
  year={2020}
}
%ro_definition
@article{bertsimas2011theory,
  title={Theory and applications of robust optimization},
  author={Bertsimas, Dimitris and Brown, David B and Caramanis, Constantine},
  journal={SIAM review},
  volume={53},
  number={3},
  pages={464--501},
  year={2011},
  publisher={SIAM}
}
%ro_application
@article{ben2006extending,
  title={Extending scope of robust optimization: Comprehensive robust counterparts of uncertain problems},
  author={Ben-Tal, Aharon and Boyd, Stephen and Nemirovski, Arkadi},
  journal={Mathematical Programming},
  volume={107},
  pages={63--89},
  year={2006},
  publisher={Springer}
}
@inproceedings{bertsimas2004robust,
  title={A robust optimization approach to supply chain management},
  author={Bertsimas, Dimitris and Thiele, Aur{\'e}lie},
  booktitle={Integer Programming and Combinatorial Optimization: 10th International IPCO Conference, New York, NY, USA, June 7-11, 2004. Proceedings 10},
  pages={86--100},
  year={2004},
  organization={Springer}
}
@article{ben2002robust,
  title={Robust optimization--methodology and applications},
  author={Ben-Tal, Aharon and Nemirovski, Arkadi},
  journal={Mathematical programming},
  volume={92},
  pages={453--480},
  year={2002},
  publisher={Springer}
}
@ARTICLE{10384836,
  author={Liang, Jinhao and Jiang, Wenqian and Lu, Chenbei and Wu, Chenye},
  journal={IEEE Transactions on Power Systems}, 
  title={Joint Chance-Constrained Unit Commitment: Statistically Feasible Robust Optimization With Learning-to-Optimize Acceleration}, 
  year={2024},
  volume={39},
  number={5},
  pages={6508-6521},
  keywords={Uncertainty;Optimization;Renewable energy sources;Generators;Stochastic processes;Kernel;Computational efficiency;Chance-constrained programming;robust optimization;statistical feasibility;unit commitment},
  doi={10.1109/TPWRS.2024.3351435}}
@article{fonseca2011robust,
  title={Robust optimization of currency portfolios},
  author={Fonseca, Raquel J and Zymler, Steve and Wiesemann, Wolfram and Rustem, Berc},
  journal={The Journal of Computational Finance},
  volume={15},
  number={1},
  pages={3},
  year={2011},
  publisher={Incisive Media Limited}
}
%cvar robust
@article{lotfi2018robust,
  title={Robust VaR and CVaR optimization under joint ambiguity in distributions, means, and covariances},
  author={Lotfi, Somayyeh and Zenios, Stavros A},
  journal={European Journal of Operational Research},
  volume={269},
  number={2},
  pages={556--576},
  year={2018},
  publisher={Elsevier}
}
%cvar robust
@article{gabrel2014recent,
  title={Recent advances in robust optimization: An overview},
  author={Gabrel, Virginie and Murat, C{\'e}cile and Thiele, Aur{\'e}lie},
  journal={European journal of operational research},
  volume={235},
  number={3},
  pages={471--483},
  year={2014},
  publisher={Elsevier}
}
@article{huang2010portfolio,
  title={Portfolio selection under distributional uncertainty: A relative robust CVaR approach},
  author={Huang, Dashan and Zhu, Shushang and Fabozzi, Frank J and Fukushima, Masao},
  journal={European journal of operational research},
  volume={203},
  number={1},
  pages={185--194},
  year={2010},
  publisher={Elsevier}
}
%inaccurate estimation
@article{hong2021learning,
  title={Learning-based robust optimization: Procedures and statistical guarantees},
  author={Hong, L Jeff and Huang, Zhiyuan and Lam, Henry},
  journal={Management Science},
  volume={67},
  number={6},
  pages={3447--3467},
  year={2021},
  publisher={INFORMS}
}
% generative modelling
@article{anstine2023generative,
  title={Generative models as an emerging paradigm in the chemical sciences},
  author={Anstine, Dylan M and Isayev, Olexandr},
  journal={Journal of the American Chemical Society},
  volume={145},
  number={16},
  pages={8736--8750},
  year={2023},
  publisher={ACS Publications}
}
@article{liang2024multi,
  title={Simultaneous Multi-Robot Motion Planning with Projected Diffusion Models},
  author={Liang, Jinhao and Christopher, Jacob K and Koenig, Sven and Fioretto, Ferdinando},
  journal={arXiv preprint arXiv:2502.03607},
  year={2025}
}
@article{lipman2022flow,
  title={Flow matching for generative modeling},
  author={Lipman, Yaron and Chen, Ricky TQ and Ben-Hamu, Heli and Nickel, Maximilian and Le, Matt},
  journal={arXiv preprint arXiv:2210.02747},
  year={2022}
}
@article{zheng2023guided,
  title={Guided flows for generative modeling and decision making},
  author={Zheng, Qinqing and Le, Matt and Shaul, Neta and Lipman, Yaron and Grover, Aditya and Chen, Ricky TQ},
  journal={arXiv preprint arXiv:2311.13443},
  year={2023}
}


Decision-focused learning (DFL) is an emerging paradigm in machine learning which trains a model to optimize decisions, integrating prediction and optimization in an end-to-end system. This paradigm holds the promise to revolutionize decision-making in many real-world applications which operate under uncertainty, where the estimation of unknown parameters within these decision models often becomes a substantial roadblock. This paper presents a comprehensive review of DFL. It provides an in-depth analysis of the various techniques devised to integrate machine learning and optimization models, introduces a taxonomy of DFL methods distinguished by their unique characteristics, and conducts an extensive empirical evaluation of these methods proposing suitable benchmark dataset and tasks for DFL. Finally, the study provides valuable insights into current and potential future avenues in DFL research.

@article{Fioretto:jair24,
  author = {Mandi, Jayanta and Kotary, James and Berden, Senne and Mulamba, Maxime and Bucarey, Victor and Guns, Tias and Fioretto, Ferdinando},
  title = {Decision-Focused Learning: Foundations, State of the Art, Benchmark and Future Opportunities},
  journal = {Journal of Artificial Intelligence Research},
  volume = {81},
  pages = {1623--1701},
  year = {2024},
  doi = {10.48550/arXiv.2307.13565},
}

% ========== Real Experiment ============
% Energy
@inproceedings{ifrim2012properties,
  title={Properties of energy-price forecasts for scheduling},
  author={Ifrim, Georgiana and O’Sullivan, Barry and Simonis, Helmut},
  booktitle={International Conference on Principles and Practice of Constraint Programming},
  pages={957--972},
  year={2012},
  organization={Springer}
}
@misc{simonis1999csplib,
  title={CSPLib problem 059: Energy-cost aware scheduling},
  author={Simonis, Helmut and O’Sullivan, Barry and Mehta, Deepak and Hurley, Barry and Cauwer, MD},
  year={1999}
}
% ========== Real Experiment ============