@article{int_vs_fp,
  title={FP8 versus INT8 for efficient deep learning inference},
  author={van Baalen, Mart and Kuzmin, Andrey and Nair, Suparna S and Ren, Yuwei and Mahurin, Eric and Patel, Chirag and Subramanian, Sundar and Lee, Sanghyuk and Nagel, Markus and Soriaga, Joseph and others},
  journal={arXiv preprint arXiv:2303.17951},
  year={2023}
}

@inproceedings{integer-only,
  title={Quantization and training of neural networks for efficient integer-arithmetic-only inference},
  author={Jacob, Benoit and Kligys, Skirmantas and Chen, Bo and Zhu, Menglong and Tang, Matthew and Howard, Andrew and Adam, Hartwig and Kalenichenko, Dmitry},
  booktitle={Proceedings of the IEEE conference on computer vision and pattern recognition},
  pages={2704--2713},
  year={2018}
}

@article{large_batch2016,
  title={On large-batch training for deep learning: Generalization gap and sharp minima},
  author={Keskar, Nitish Shirish and Mudigere, Dheevatsa and Nocedal, Jorge and Smelyanskiy, Mikhail and Tang, Ping Tak Peter},
  journal={arXiv preprint arXiv:1609.04836},
  year={2016}
}

@article{loss2021,
  title={Deep learning versus kernel learning: an empirical study of loss landscape geometry and the time evolution of the neural tangent kernel},
  author={Fort, Stanislav and Dziugaite, Gintare Karolina and Paul, Mansheej and Kharaghani, Sepideh and Roy, Daniel M and Ganguli, Surya},
  journal={Advances in Neural Information Processing Systems},
  volume={33},
  pages={5850--5861},
  year={2020}
}

@inproceedings{loss_2015,
  title={The loss surfaces of multilayer networks},
  author={Choromanska, Anna and Henaff, Mikael and Mathieu, Michael and Arous, G{\'e}rard Ben and LeCun, Yann},
  booktitle={Artificial intelligence and statistics},
  pages={192--204},
  year={2015},
  organization={PMLR}
}

@article{loss_2019,
  title={Deep ensembles: A loss landscape perspective},
  author={Fort, Stanislav and Hu, Huiyi and Lakshminarayanan, Balaji},
  journal={arXiv preprint arXiv:1912.02757},
  year={2019}
}

@article{loss_landscape,
  title={Taxonomizing local versus global structure in neural network loss landscapes},
  author={Yang, Yaoqing and Hodgkinson, Liam and Theisen, Ryan and Zou, Joe and Gonzalez, Joseph E and Ramchandran, Kannan and Mahoney, Michael W},
  journal={Advances in Neural Information Processing Systems},
  volume={34},
  pages={18722--18733},
  year={2021}
}

@inproceedings{ptq2020,
  title={Up or down? adaptive rounding for post-training quantization},
  author={Nagel, Markus and Amjad, Rana Ali and Van Baalen, Mart and Louizos, Christos and Blankevoort, Tijmen},
  booktitle={International Conference on Machine Learning},
  pages={7197--7206},
  year={2020},
  organization={PMLR}
}

@article{ptq2021,
  title={Brecq: Pushing the limit of post-training quantization by block reconstruction},
  author={Li, Yuhang and Gong, Ruihao and Tan, Xu and Yang, Yang and Hu, Peng and Zhang, Qi and Yu, Fengwei and Wang, Wei and Gu, Shi},
  journal={arXiv preprint arXiv:2102.05426},
  year={2021}
}

@article{ptq2022,
  title={Leveraging inter-layer dependency for post-training quantization},
  author={Zheng, DanDan and Liu, Yuanliu and Li, Liang and others},
  journal={Advances in Neural Information Processing Systems},
  volume={35},
  pages={6666--6679},
  year={2022}
}

@article{ptq2022b,
  title={Qdrop: Randomly dropping quantization for extremely low-bit post-training quantization},
  author={Wei, Xiuying and Gong, Ruihao and Li, Yuhang and Liu, Xianglong and Yu, Fengwei},
  journal={arXiv preprint arXiv:2203.05740},
  year={2022}
}

