@inproceedings{chen2021whole,
  title={Whole slide images are 2d point clouds: Context-aware survival prediction using patch-based graph convolutional networks},
  author={Chen, Richard J and Lu, Ming Y and Shaban, Muhammad and Chen, Chengkuan and Chen, Tiffany Y and Williamson, Drew FK and Mahmood, Faisal},
  booktitle={Medical Image Computing and Computer Assisted Intervention--MICCAI 2021: 24th International Conference, Strasbourg, France, September 27--October 1, 2021, Proceedings, Part VIII 24},
  pages={339--349},
  year={2021},
  organization={Springer}
}

@article{chen2024towards,
  title={Towards a general-purpose foundation model for computational pathology},
  author={Chen, Richard J and Ding, Tong and Lu, Ming Y and Williamson, Drew FK and Jaume, Guillaume and Song, Andrew H and Chen, Bowen and Zhang, Andrew and Shao, Daniel and Shaban, Muhammad and others},
  journal={Nature Medicine},
  volume={30},
  number={3},
  pages={850--862},
  year={2024},
  publisher={Nature Publishing Group US New York}
}

@article{ge2023domain,
  title={Domain adaptation via prompt learning},
  author={Ge, Chunjiang and Huang, Rui and Xie, Mixue and Lai, Zihang and Song, Shiji and Li, Shuang and Huang, Gao},
  journal={IEEE Transactions on Neural Networks and Learning Systems},
  year={2023},
  publisher={IEEE}
}

@article{han2024mscpt,
  title={MSCPT: Few-shot Whole Slide Image Classification with Multi-scale and Context-focused Prompt Tuning},
  author={Han, Minghao and Qu, Linhao and Yang, Dingkang and Zhang, Xukun and Wang, Xiaoying and Zhang, Lihua},
  journal={arXiv preprint arXiv:2408.11505},
  year={2024}
}

@article{huang2023visual,
  title={A visual--language foundation model for pathology image analysis using medical twitter},
  author={Huang, Zhi and Bianchi, Federico and Yuksekgonul, Mert and Montine, Thomas J and Zou, James},
  journal={Nature medicine},
  volume={29},
  number={9},
  pages={2307--2316},
  year={2023},
  publisher={Nature Publishing Group US New York}
}

@article{ikezogwo2024quilt,
  title={Quilt-1m: One million image-text pairs for histopathology},
  author={Ikezogwo, Wisdom and Seyfioglu, Saygin and Ghezloo, Fatemeh and Geva, Dylan and Sheikh Mohammed, Fatwir and Anand, Pavan Kumar and Krishna, Ranjay and Shapiro, Linda},
  journal={Advances in neural information processing systems},
  volume={36},
  year={2024}
}

@inproceedings{ilse2018attention,
  title={Attention-based deep multiple instance learning},
  author={Ilse, Maximilian and Tomczak, Jakub and Welling, Max},
  booktitle={International conference on machine learning},
  pages={2127--2136},
  year={2018},
  organization={PMLR}
}

@inproceedings{khattak2023maple,
  title={Maple: Multi-modal prompt learning},
  author={Khattak, Muhammad Uzair and Rasheed, Hanoona and Maaz, Muhammad and Khan, Salman and Khan, Fahad Shahbaz},
  booktitle={Proceedings of the IEEE/CVF Conference on Computer Vision and Pattern Recognition},
  pages={19113--19122},
  year={2023}
}

@inproceedings{li2021dual,
  title={Dual-stream multiple instance learning network for whole slide image classification with self-supervised contrastive learning},
  author={Li, Bin and Li, Yin and Eliceiri, Kevin W},
  booktitle={Proceedings of the IEEE/CVF conference on computer vision and pattern recognition},
  pages={14318--14328},
  year={2021}
}

@inproceedings{li2024steering,
  title={Steering prototypes with prompt-tuning for rehearsal-free continual learning},
  author={Li, Zhuowei and Zhao, Long and Zhang, Zizhao and Zhang, Han and Liu, Di and Liu, Ting and Metaxas, Dimitris N},
  booktitle={Proceedings of the IEEE/CVF Winter Conference on Applications of Computer Vision},
  pages={2523--2533},
  year={2024}
}

@article{lu2021data,
  title={Data-efficient and weakly supervised computational pathology on whole-slide images},
  author={Lu, Ming Y and Williamson, Drew FK and Chen, Tiffany Y and Chen, Richard J and Barbieri, Matteo and Mahmood, Faisal},
  journal={Nature biomedical engineering},
  volume={5},
  number={6},
  pages={555--570},
  year={2021},
  publisher={Nature Publishing Group UK London}
}

@inproceedings{lu2022prompt,
  title={Prompt distribution learning},
  author={Lu, Yuning and Liu, Jianzhuang and Zhang, Yonggang and Liu, Yajing and Tian, Xinmei},
  booktitle={Proceedings of the IEEE/CVF Conference on Computer Vision and Pattern Recognition},
  pages={5206--5215},
  year={2022}
}

@inproceedings{lu2023visual,
  title={Visual language pretrained multiple instance zero-shot transfer for histopathology images},
  author={Lu, Ming Y and Chen, Bowen and Zhang, Andrew and Williamson, Drew FK and Chen, Richard J and Ding, Tong and Le, Long Phi and Chuang, Yung-Sung and Mahmood, Faisal},
  booktitle={Proceedings of the IEEE/CVF conference on computer vision and pattern recognition},
  pages={19764--19775},
  year={2023}
}

@article{lu2024visual,
  title={A visual-language foundation model for computational pathology},
  author={Lu, Ming Y and Chen, Bowen and Williamson, Drew FK and Chen, Richard J and Liang, Ivy and Ding, Tong and Jaume, Guillaume and Odintsov, Igor and Le, Long Phi and Gerber, Georg and others},
  journal={Nature Medicine},
  volume={30},
  number={3},
  pages={863--874},
  year={2024},
  publisher={Nature Publishing Group US New York}
}

@article{nechaev2024hibou,
  title={Hibou: A Family of Foundational Vision Transformers for Pathology},
  author={Nechaev, Dmitry and Pchelnikov, Alexey and Ivanova, Ekaterina},
  journal={arXiv preprint arXiv:2406.05074},
  year={2024}
}

@article{qu2024rise,
  title={The rise of ai language pathologists: Exploring two-level prompt learning for few-shot weakly-supervised whole slide image classification},
  author={Qu, Linhao and Fu, Kexue and Wang, Manning and Song, Zhijian and others},
  journal={Advances in Neural Information Processing Systems},
  volume={36},
  year={2024}
}

@inproceedings{rao2022denseclip,
  title={Denseclip: Language-guided dense prediction with context-aware prompting},
  author={Rao, Yongming and Zhao, Wenliang and Chen, Guangyi and Tang, Yansong and Zhu, Zheng and Huang, Guan and Zhou, Jie and Lu, Jiwen},
  booktitle={Proceedings of the IEEE/CVF conference on computer vision and pattern recognition},
  pages={18082--18091},
  year={2022}
}

@article{shao2021transmil,
  title={Transmil: Transformer-based correlated multiple instances learning for whole slide image classification},
  author={Shao, Zhuchen and Bian, Hao and Chen, Yang and Wang, Yifeng and Zhang, Jian and Ji, Xiangyang and others},
  journal={Advances in neural information processing systems},
  volume={34},
  pages={2136--2147},
  year={2021}
}

@inproceedings{shi2024vila,
  title={ViLa-MIL: Dual-scale Vision-Language Multiple Instance Learning for Whole Slide Image Classification},
  author={Shi, Jiangbo and Li, Chen and Gong, Tieliang and Zheng, Yefeng and Fu, Huazhu},
  booktitle={Proceedings of the IEEE/CVF Conference on Computer Vision and Pattern Recognition},
  pages={11248--11258},
  year={2024}
}

@article{shu2022test,
  title={Test-time prompt tuning for zero-shot generalization in vision-language models},
  author={Shu, Manli and Nie, Weili and Huang, De-An and Yu, Zhiding and Goldstein, Tom and Anandkumar, Anima and Xiao, Chaowei},
  journal={Advances in Neural Information Processing Systems},
  volume={35},
  pages={14274--14289},
  year={2022}
}

@article{xu2024whole,
  title={A whole-slide foundation model for digital pathology from real-world data},
  author={Xu, Hanwen and Usuyama, Naoto and Bagga, Jaspreet and Zhang, Sheng and Rao, Rajesh and Naumann, Tristan and Wong, Cliff and Gero, Zelalem and Gonz{\'a}lez, Javier and Gu, Yu and others},
  journal={Nature},
  pages={1--8},
  year={2024},
  publisher={Nature Publishing Group UK London}
}

@inproceedings{yao2024tcp,
  title={TCP: Textual-based Class-aware Prompt tuning for Visual-Language Model},
  author={Yao, Hantao and Zhang, Rui and Xu, Changsheng},
  booktitle={Proceedings of the IEEE/CVF Conference on Computer Vision and Pattern Recognition},
  pages={23438--23448},
  year={2024}
}

@article{zhang2022prompting,
  title={Prompting through prototype: A prototype-based prompt learning on pretrained vision-language models},
  author={Zhang, Yue and Fei, Hongliang and Li, Dingcheng and Yu, Tan and Li, Ping},
  journal={arXiv preprint arXiv:2210.10841},
  year={2022}
}

@article{zheng2022graph,
  title={A graph-transformer for whole slide image classification},
  author={Zheng, Yi and Gindra, Rushin H and Green, Emily J and Burks, Eric J and Betke, Margrit and Beane, Jennifer E and Kolachalama, Vijaya B},
  journal={IEEE transactions on medical imaging},
  volume={41},
  number={11},
  pages={3003--3015},
  year={2022},
  publisher={IEEE}
}

@inproceedings{zhou2022conditional,
  title={Conditional prompt learning for vision-language models},
  author={Zhou, Kaiyang and Yang, Jingkang and Loy, Chen Change and Liu, Ziwei},
  booktitle={Proceedings of the IEEE/CVF conference on computer vision and pattern recognition},
  pages={16816--16825},
  year={2022}
}

@article{zhou2022learning,
  title={Learning to prompt for vision-language models},
  author={Zhou, Kaiyang and Yang, Jingkang and Loy, Chen Change and Liu, Ziwei},
  journal={International Journal of Computer Vision},
  volume={130},
  number={9},
  pages={2337--2348},
  year={2022},
  publisher={Springer}
}

