@inproceedings{he2022debertav3,
  title={DeBERTaV3: Improving DeBERTa using ELECTRA-Style Pre-Training with Gradient-Disentangled Embedding Sharing},
  author={He, Pengcheng and Gao, Jianfeng and Chen, Weizhu},
  booktitle={The Eleventh International Conference on Learning Representations},
  year={2022}
}

@inproceedings{kruengkrai2021multi,
  title={A Multi-Level Attention Model for Evidence-Based Fact Checking},
  author={Kruengkrai, Canasai and Yamagishi, Junichi and Wang, Xin},
  booktitle={Findings of the Association for Computational Linguistics: ACL-IJCNLP 2021},
  pages={2447--2460},
  year={2021}
}

@inproceedings{liao2023muser,
  title={MUSER: A MUlti-Step Evidence Retrieval Enhancement Framework for Fake News Detection},
  author={Liao, Hao and Peng, Jiahao and Huang, Zhanyi and Zhang, Wei and Li, Guanghua and Shu, Kai and Xie, Xing},
  booktitle={Proceedings of the 29th ACM SIGKDD Conference on Knowledge Discovery and Data Mining},
  pages={4461--4472},
  year={2023}
}

@article{liu2024skepticism,
  title={From Skepticism to Acceptance: Simulating the Attitude Dynamics Toward Fake News},
  author={Liu, Yuhan and Chen, Xiuying and Zhang, Xiaoqing and Gao, Xing and Zhang, Ji and Yan, Rui},
  journal={arXiv preprint arXiv:2403.09498},
  year={2024}
}

@inproceedings{liu2025mobile,
  title={MobileSteward: Integrating Multiple App-Oriented Agents with Self-Evolution to Automate Cross-App Instructions},
  author={Liu, Yuxuan and Sun, Hongda and Liu, Wei and Luan, Jian and Du, Bo and Yan, Rui},
  booktitle={Proceedings of the 31st ACM SIGKDD Conference on Knowledge Discovery and Data Mining V.1},
  year={2025}
}

@inproceedings{ma2019sentence,
    title = "Sentence-Level Evidence Embedding for Claim Verification with Hierarchical Attention Networks",
    author = "Ma, Jing  and
      Gao, Wei  and
      Joty, Shafiq  and
      Wong, Kam-Fai",
    editor = "Korhonen, Anna  and
      Traum, David  and
      M{\`a}rquez, Llu{\'\i}s",
    booktitle = "Proceedings of the 57th Annual Meeting of the Association for Computational Linguistics",
    month = jul,
    year = "2019",
    address = "Florence, Italy",
    publisher = "Association for Computational Linguistics",
    url = "https://aclanthology.org/P19-1244",
    doi = "10.18653/v1/P19-1244",
    pages = "2561--2571",
}

@inproceedings{pan2023factchecking,
    title = "Fact-Checking Complex Claims with Program-Guided Reasoning",
    author = "Pan, Liangming  and
      Wu, Xiaobao  and
      Lu, Xinyuan  and
      Luu, Anh Tuan  and
      Wang, William Yang  and
      Kan, Min-Yen  and
      Nakov, Preslav",
    editor = "Rogers, Anna  and
      Boyd-Graber, Jordan  and
      Okazaki, Naoaki",
    booktitle = "Proceedings of the 61st Annual Meeting of the Association for Computational Linguistics (Volume 1: Long Papers)",
    month = jul,
    year = "2023",
    address = "Toronto, Canada",
    publisher = "Association for Computational Linguistics",
    url = "https://aclanthology.org/2023.acl-long.386",
    doi = "10.18653/v1/2023.acl-long.386",
    pages = "6981--7004",
}

@inproceedings{popat2018declare,
  title={DeClarE: Debunking Fake News and False Claims using Evidence-Aware Deep Learning},
  author={Popat, Kashyap and Mukherjee, Subhabrata and Yates, Andrew and Weikum, Gerhard},
  booktitle={Proceedings of the 2018 Conference on Empirical Methods in Natural Language Processing},
  pages={22--32},
  year={2018}
}

@inproceedings{press2022measuring,
    title = "Measuring and Narrowing the Compositionality Gap in Language Models",
    author = "Press, Ofir  and
      Zhang, Muru  and
      Min, Sewon  and
      Schmidt, Ludwig  and
      Smith, Noah  and
      Lewis, Mike",
    editor = "Bouamor, Houda  and
      Pino, Juan  and
      Bali, Kalika",
    booktitle = "Findings of the Association for Computational Linguistics: EMNLP 2023",
    month = dec,
    year = "2023",
    address = "Singapore",
    publisher = "Association for Computational Linguistics",
    url = "https://aclanthology.org/2023.findings-emnlp.378",
    doi = "10.18653/v1/2023.findings-emnlp.378",
    pages = "5687--5711",
}

@inproceedings{sun2024determlr,
  title={Determlr: Augmenting llm-based logical reasoning from indeterminacy to determinacy},
  author={Sun, Hongda and Xu, Weikai and Liu, Wei and Luan, Jian and Wang, Bin and Shang, Shuo and Wen, Ji-Rong and Yan, Rui},
  booktitle={Proceedings of the 62nd Annual Meeting of the Association for Computational Linguistics (Volume 1: Long Papers)},
  pages={9828--9862},
  year={2024}
}

@article{sun2024facilitating,
  title={Facilitating Multi-Role and Multi-Behavior Collaboration of Large Language Models for Online Job Seeking and Recruiting},
  author={Sun, Hongda and Lin, Hongzhan and Yan, Haiyu and Zhu, Chen and Song, Yang and Gao, Xin and Shang, Shuo and Yan, Rui},
  journal={arXiv preprint arXiv:2405.18113},
  year={2024}
}

@inproceedings{sun2024harnessing,
  title={Harnessing Multi-Role Capabilities of Large Language Models for Open-Domain Question Answering},
  author={Sun, Hongda and Liu, Yuxuan and Wu, Chengwei and Yan, Haiyu and Tai, Cheng and Gao, Xin and Shang, Shuo and Yan, Rui},
  booktitle={Proceedings of the ACM on Web Conference 2024},
  pages={4372--4382},
  year={2024}
}

@inproceedings{wadden2022multivers,
  title={MultiVerS: Improving scientific claim verification with weak supervision and full-document context},
  author={Wadden, David and Lo, Kyle and Wang, Lucy and Cohan, Arman and Beltagy, Iz and Hajishirzi, Hannaneh},
  booktitle={Findings of the Association for Computational Linguistics: NAACL 2022},
  pages={61--76},
  year={2022}
}

@inproceedings{wang2022self,
  title={Self-Consistency Improves Chain of Thought Reasoning in Language Models},
  author={Wang, Xuezhi and Wei, Jason and Schuurmans, Dale and Le, Quoc V and Chi, Ed H and Narang, Sharan and Chowdhery, Aakanksha and Zhou, Denny},
  booktitle={The Eleventh International Conference on Learning Representations},
  year={2022}
}

@inproceedings{wang2023explainable,
  title={Explainable Claim Verification via Knowledge-Grounded Reasoning with Large Language Models},
  author={Wang, Haoran and Shu, Kai},
  booktitle={Findings of the Association for Computational Linguistics: EMNLP 2023},
  pages={6288--6304},
  year={2023}
}

@article{wei2022chain,
  title={Chain-of-thought prompting elicits reasoning in large language models},
  author={Wei, Jason and Wang, Xuezhi and Schuurmans, Dale and Bosma, Maarten and Xia, Fei and Chi, Ed and Le, Quoc V and Zhou, Denny and others},
  journal={Advances in Neural Information Processing Systems},
  volume={35},
  pages={24824--24837},
  year={2022}
}

@inproceedings{xu2022evidence,
  title={Evidence-aware fake news detection with graph neural networks},
  author={Xu, Weizhi and Wu, Junfei and Liu, Qiang and Wu, Shu and Wang, Liang},
  booktitle={Proceedings of the ACM Web Conference 2022},
  pages={2501--2510},
  year={2022}
}

@inproceedings{zhang2023llmbased,
    title = "Towards LLM-based Fact Verification on News Claims with a Hierarchical Step-by-Step Prompting Method",
    author = "Zhang, Xuan  and
      Gao, Wei",
    editor = "Park, Jong C.  and
      Arase, Yuki  and
      Hu, Baotian  and
      Lu, Wei  and
      Wijaya, Derry  and
      Purwarianti, Ayu  and
      Krisnadhi, Adila Alfa",
    booktitle = "Proceedings of the 13th International Joint Conference on Natural Language Processing and the 3rd Conference of the Asia-Pacific Chapter of the Association for Computational Linguistics (Volume 1: Long Papers)",
    month = nov,
    year = "2023",
    address = "Nusa Dua, Bali",
    publisher = "Association for Computational Linguistics",
    url = "https://aclanthology.org/2023.ijcnlp-main.64",
    doi = "10.18653/v1/2023.ijcnlp-main.64",
    pages = "996--1011",
}

