@INPROCEEDINGS{8713728,
	author={Karaim, Malek and Noureldin, Aboelmagd and Karamat, Tashfeen B.},
	booktitle={2019 International Conference on Communications, Signal Processing, and their Applications (ICCSPA)}, 
	title={Low-cost IMU Data Denoising using Savitzky-Golay Filters}, 
	year={2019},
	volume={},
	number={},
	pages={1-5},
	doi={10.1109/ICCSPA.2019.8713728}}

@mastersthesis{engelsman2022data,
  title={Data-driven denoising of accelerometer signals},
  author={Engelsman, Daniel},
  year={2022},
  school={University of Haifa (Israel)}
}

@article{engelsman2023data,
	title={Data-driven denoising of stationary accelerometer signals},
	author={Engelsman, Daniel and Klein, Itzik},
	journal={Measurement},
	pages={113218},
	year={2023},
	publisher={Elsevier}
}

@article{liu2020denoising,
	title={Denoising method of MEMS gyroscope based on interval empirical mode decomposition},
	author={Liu, Yang and Chen, Guangwu and Wei, Zongshou and Yang, Juhua and Xing, Dongfeng},
	journal={Mathematical Problems in Engineering},
	volume={2020},
	pages={1--12},
	year={2020},
	publisher={Hindawi Limited}
}

@article{skog2009car,
  title={In-car positioning and navigation technologiesâ€”A survey},
  author={Skog, Isaac and Handel, Peter},
  journal={IEEE Transactions on Intelligent Transportation Systems},
  volume={10},
  number={1},
  pages={4--21},
  year={2009},
  publisher={IEEE}
}

@article{wu2019survey,
  title={A survey of the research status of pedestrian dead reckoning systems based on inertial sensors},
  author={Wu, Yuan and Zhu, Hai-Bing and Du, Qing-Xiu and Tang, Shu-Ming},
  journal={International Journal of Automation and Computing},
  volume={16},
  pages={65--83},
  year={2019},
  publisher={Springer}
}

@article{wu2024design,
  title={Design and Implementation of an Integrated Array Accelerometer with Expanded Dynamic Range Based on Adaptive Data Selection Fusion},
  author={Wu, Qilong and Yu, Zhuolin and Zhang, Xinxin and Zhang, Jing and Zhou, Tong},
  journal={IEEE Transactions on Instrumentation and Measurement},
  year={2024},
  publisher={IEEE}
}

@article{yang2024visionzip,
	title={VisionZip: Longer is Better but Not Necessary in Vision Language Models},
	author={Yang, Senqiao and Chen, Yukang and Tian, Zhuotao and Wang, Chengyao and Li, Jingyao and Yu, Bei and Jia, Jiaya},
	journal={arXiv preprint arXiv:2412.04467},
	year={2024}
}

