@inproceedings{xu2024shortform,
	title={Shortform ugc video quality assessment based on multi-level video fusion with rank-aware},
	author={Xu, Haoran and Zhou, Jie and Yang, Mengduo and Li, Jiaze},
	booktitle={Proceedings of the IEEE/CVF Conference on Computer Vision and Pattern Recognition Workshops},
	volume={7},
	year={2024}
}

@article{wang2024chinese,
	title={Chinese Inertial GAN for Writing Signal Generation and Recognition},
	author={Wang, Yifeng and Zhao, Yi},
	year={2024}
}

@inproceedings{li2024endora,
	title={Endora: Video generation models as endoscopy simulators},
	author={Li, Chenxin and Liu, Hengyu and Liu, Yifan and Feng, Brandon Y and Li, Wuyang and Liu, Xinyu and Chen, Zhen and Shao, Jing and Yuan, Yixuan},
	booktitle={International Conference on Medical Image Computing and Computer-Assisted Intervention},
	pages={230--240},
	year={2024},
	organization={Springer Nature Switzerland Cham}
}

@inproceedings{li2024endosparse,
	title={Endosparse: Real-time sparse view synthesis of endoscopic scenes using gaussian splatting},
	author={Li, Chenxin and Feng, Brandon Y and Liu, Yifan and Liu, Hengyu and Wang, Cheng and Yu, Weihao and Yuan, Yixuan},
	booktitle={International Conference on Medical Image Computing and Computer-Assisted Intervention},
	pages={252--262},
	year={2024},
	organization={Springer Nature Switzerland Cham}
}

@article{xu2024gaussianstego,
	title={Gaussianstego: A generalizable stenography pipeline for generative 3d gaussians splatting},
	author={Li, Chenxin and Liu, Hengyu and Fan, Zhiwen and Li, Wuyang and Liu, Yifan and Pan, Panwang and Yuan, Yixuan},
	journal={arXiv preprint arXiv:2407.01301},
	year={2024}
}

@article{li2022domain,
	title={Domain generalization on medical imaging classification using episodic training with task augmentation},
	author={Li, Chenxin and Lin, Xin and Mao, Yijin and Lin, Wei and Qi, Qi and Ding, Xinghao and Huang, Yue and Liang, Dong and Yu, Yizhou},
	journal={Computers in biology and medicine},
	volume={141},
	pages={105144},
	year={2022},
	publisher={Pergamon}
}

@article{liu2024endogaussian,
	title={EndoGaussian: Real-time Gaussian Splatting for Dynamic Endoscopic Scene Reconstruction},
	author={Liu, Yifan and Li, Chenxin and Yang, Chen and Yuan, Yixuan},
	journal={arXiv preprint arXiv:2401.12561},
	year={2024}
}


@article{yang2023lidar,
	title={Lidar-llm: Exploring the potential of large language models for 3d lidar understanding},
	author={Yang, Senqiao and Liu, Jiaming and Zhang, Ray and Pan, Mingjie and Guo, Zoey and Li, Xiaoqi and Chen, Zehui and Gao, Peng and Guo, Yandong and Zhang, Shanghang},
	journal={arXiv preprint arXiv:2312.14074},
	year={2023}
}

@article{yang2024visionzip,
	title={VisionZip: Longer is Better but Not Necessary in Vision Language Models},
	author={Yang, Senqiao and Chen, Yukang and Tian, Zhuotao and Wang, Chengyao and Li, Jingyao and Yu, Bei and Jia, Jiaya},
	journal={arXiv preprint arXiv:2412.04467},
	year={2024}
}

# 泛化，领域适应，多模态，分割，CLIP
@inproceedings{yang2024unified,
	title={Unified Language-driven Zero-shot Domain Adaptation},
	author={Yang, Senqiao and Tian, Zhuotao and Jiang, Li and Jia, Jiaya},
	booktitle={Proceedings of the IEEE/CVF Conference on Computer Vision and Pattern Recognition},
	pages={23407--23415},
	year={2024}
}


# 泛化，领域适应，分割
@inproceedings{yang2024exploring,
	title={Exploring Sparse Visual Prompt for Domain Adaptive Dense Prediction},
	author={Yang, Senqiao and Wu, Jiarui and Liu, Jiaming and Li, Xiaoqi and Zhang, Qizhe and Pan, Mingjie and Gan, Yulu and Chen, Zehui and Zhang, Shanghang},
	booktitle={Proceedings of the AAAI Conference on Artificial Intelligence},
	volume={38},
	number={15},
	pages={16334--16342},
	year={2024}
}


@inproceedings{yang2021univerapprocnn,
	title={A UniverApproCNN with Universal Approximation and Explicit Training Strategy},
	author={Yang, Yin and Wang, Yifeng and Yang, Senqiao},
	booktitle={Collaborative Computing: Networking, Applications and Worksharing: 17th EAI International Conference, CollaborateCom 2021, Virtual Event, October 16-18, 2021, Proceedings, Part II 17},
	pages={297--315},
	year={2021},
	organization={Springer}
}



@inproceedings{wang2024wavelet,
	title={Wavelet Dynamic Selection Network for Inertial Sensor Signal Enhancement},
	author={Wang, Yifeng and Zhao, Yi},
	booktitle={Proceedings of the AAAI Conference on Artificial Intelligence},
	volume={38},
	number={14},
	pages={15680--15688},
	year={2024}
}

@ARTICLE{10614868,
	author={Wang, Yifeng and Xu, Jiangtao and Zhao, Yi},
	journal={IEEE Transactions on Industrial Informatics}, 
	title={Wavelet Encoding Network for Inertial Signal Enhancement via Feature Supervision}, 
	year={2024},
	volume={20},
	number={11},
	pages={12924-12934},
	keywords={Feature extraction;Wavelet analysis;Wavelet transforms;Inertial sensors;Encoding;Vectors;Sensors;Feature supervision;inertial sensor;signal enhancement;wavelet encoding},
	doi={10.1109/TII.2024.3431018}}
	
	
	
@inproceedings{ijcai2024p567,
	title     = {Scale and Direction Guided GAN for Inertial Sensor Signal Enhancement},
	author    = {Wang, Yifeng and Zhao, Yi},
	booktitle = {Proceedings of the Thirty-Third International Joint Conference on
	Artificial Intelligence, {IJCAI-24}},
	pages     = {5126--5134},
	year      = {2024},
	month     = {8},
	note      = {Main Track},
	doi       = {10.24963/ijcai.2024/567},
	url       = {https://doi.org/10.24963/ijcai.2024/567},
}

@inproceedings{wang2020adaptive,
	title={Adaptive skewness kurtosis neural network: enabling communication between neural nodes within a layer},
	author={Wang, Yifeng and Wang, Yang and Hu, Guiming and Liu, Yuying and Zhao, Yi},
	booktitle={International Conference on Neural Information Processing},
	pages={498--507},
	year={2020},
	organization={Springer}
}


@inproceedings{zhao2023coopinit,
  title={CoopInit: Initializing generative adversarial networks via cooperative learning},
  author={Zhao, Yang and Xie, Jianwen and Li, Ping},
  booktitle={Proceedings of the AAAI Conference on Artificial Intelligence},
  volume={37},
  number={9},
  pages={11345--11353},
  year={2023}
}

@article{bai2020adaptive,
  title={Adaptive filtering for MEMS gyroscope with dynamic noise model},
  author={Bai, Yuting and Wang, Xiaoyi and Jin, Xuebo and Su, Tingli and Kong, Jianlei and Zhang, Baihai},
  journal={ISA transactions},
  volume={101},
  pages={430--441},
  year={2020},
  publisher={Elsevier}
}

@article{pei2023markov,
  title={Markov noise in atomic spin gyroscopes: Analysis and suppression based on allan deviation},
  author={Pei, Hongyu and Fan, Wenfeng and Du, Pengcheng and Zhang, Kai and Yuan, Linlin and Quan, Wei},
  journal={IEEE Transactions on Instrumentation and Measurement},
  volume={72},
  pages={1--9},
  year={2023},
  publisher={IEEE}
}

@inproceedings{wang2023gan,
  title={Gan prior based null-space learning for consistent super-resolution},
  author={Wang, Yinhuai and Hu, Yujie and Yu, Jiwen and Zhang, Jian},
  booktitle={Proceedings of the AAAI Conference on Artificial Intelligence},
  volume={37},
  number={3},
  pages={2724--2732},
  year={2023}
}

@article{wu2024design,
  title={Design and Implementation of an Integrated Array Accelerometer with Expanded Dynamic Range Based on Adaptive Data Selection Fusion},
  author={Wu, Qilong and Yu, Zhuolin and Zhang, Xinxin and Zhang, Jing and Zhou, Tong},
  journal={IEEE Transactions on Instrumentation and Measurement},
  year={2024},
  publisher={IEEE}
}

@article{yuan2024self,
  title={Self-supervised learning of accelerometer data provides new insights for sleep and its association with mortality},
  author={Yuan, Hang and Plekhanova, Tatiana and Walmsley, Rosemary and Reynolds, Amy C and Maddison, Kathleen J and Bucan, Maja and Gehrman, Philip and Rowlands, Alex and Ray, David W and Bennett, Derrick and others},
  journal={NPJ digital medicine},
  volume={7},
  number={1},
  pages={86},
  year={2024},
  publisher={Nature Publishing Group UK London}
}

@article{niu2022accelerometer,
  title={Accelerometer fault detection for rotary steerable drilling tool systems under strong noises},
  author={Niu, Yichun and Sheng, Li and Gao, Ming and Zhou, Donghua},
  journal={IEEE Transactions on Instrumentation and Measurement},
  volume={71},
  pages={1--11},
  year={2022},
  publisher={IEEE}
}

@article{gupta2020precision,
  title={Precision wearable accelerometer contact microphones for longitudinal monitoring of mechano-acoustic cardiopulmonary signals},
  author={Gupta, Pranav and Moghimi, Mohammad J and Jeong, Yaesuk and Gupta, Divya and Inan, Omer T and Ayazi, Farrokh},
  journal={NPJ digital medicine},
  volume={3},
  number={1},
  pages={19},
  year={2020},
  publisher={Nature Publishing Group UK London}
}

@article{malayappan2022sensing,
  title={Sensing techniques and interrogation methods in optical MEMS accelerometers: A review},
  author={Malayappan, Balasubramanian and Lakshmi, U Poorna and Rao, BVVSN Prabhakar and Ramaswamy, Kannan and Pattnaik, Prasant Kumar},
  journal={IEEE Sensors Journal},
  volume={22},
  number={7},
  pages={6232--6246},
  year={2022},
  publisher={IEEE}
}

@mastersthesis{engelsman2022data,
  title={Data-driven denoising of accelerometer signals},
  author={Engelsman, Daniel},
  year={2022},
  school={University of Haifa (Israel)}
}

@article{engelsman2023data,
  title={Data-driven denoising of stationary accelerometer signals},
  author={Engelsman, Daniel and Klein, Itzik},
  journal={Measurement},
  volume={218},
  pages={113218},
  year={2023},
  publisher={Elsevier}
}


@article{yang2024unified,
  title={Unified Language-driven Zero-shot Domain Adaptation},
  author={Yang, Senqiao and Tian, Zhuotao and Jiang, Li and Jia, Jiaya},
  journal={arXiv preprint arXiv:2404.07155},
  year={2024}
}## 多模态模型，分割相关；CLIP相关； DA相关
@article{yang2023improved,
  title={An Improved Baseline for Reasoning Segmentation with Large Language Model},
  author={Yang, Senqiao and Qu, Tianyuan and Lai, Xin and Tian, Zhuotao and Peng, Bohao and Liu, Shu and Jia, Jiaya},
  journal={arXiv preprint arXiv:2312.17240},
  year={2023}
}## 大语言,多模态模型， 分割相关
@inproceedings{yang2024exploring,
  title={Exploring Sparse Visual Prompt for Domain Adaptive Dense Prediction},
  author={Yang, Senqiao and Wu, Jiarui and Liu, Jiaming and Li, Xiaoqi and Zhang, Qizhe and Pan, Mingjie and Gan, Yulu and Chen, Zehui and Zhang, Shanghang},
  booktitle={Proceedings of the AAAI Conference on Artificial Intelligence},
  volume={38},
  number={15},
  pages={16334--16342},
  year={2024}
}# Prompt Tuning相关； Domain Adaptation相关；分割相关
@article{yang2023lidar,
  title={Lidar-llm: Exploring the potential of large language models for 3d lidar understanding},
  author={Yang, Senqiao and Liu, Jiaming and Zhang, Ray and Pan, Mingjie and Guo, Zoey and Li, Xiaoqi and Chen, Zehui and Gao, Peng and Guo, Yandong and Zhang, Shanghang},
  journal={arXiv preprint arXiv:2312.14074},
  year={2023}
}# 3D 相关；lidar点云


@ARTICLE{10318077,
  author={Wang, Yifeng and Zhao, Yi},
  journal={IEEE Sensors Journal}, 
  title={Handwriting Recognition Under Natural Writing Habits Based on a Low-Cost Inertial Sensor}, 
  year={2024},
  volume={24},
  number={1},
  pages={995-1005},
  doi={10.1109/JSEN.2023.3331011}}


@inproceedings{wang2024wavelet,
  title="Wavelet Dynamic Selection Network for Inertial Sensor Signal Enhancement",
  author="Wang, Yifeng and Zhao, Yi",
  booktitle="Proceedings of the AAAI Conference on Artificial Intelligence",
  volume="38",
  number="14",
  pages="15680--15688",
  year="2024"
}

@book{titterton2004strapdown,
  title={Strapdown inertial navigation technology},
  author={Titterton, David and Weston, John L},
  volume={17},
  year={2004},
  publisher={IET}
}

@inproceedings{zhu2017unpaired,
  title={Unpaired image-to-image translation using cycle-consistent adversarial networks},
  author={Zhu, Jun-Yan and Park, Taesung and Isola, Phillip and Efros, Alexei A},
  booktitle={Proceedings of the IEEE international conference on computer vision},
  pages={2223--2232},
  year={2017}
}



---------------AAAI审稿人推荐的27篇文献----------------↓↓↓↓↓↓
@inproceedings{madgwick2011estimation,
  title={Estimation of IMU and MARG orientation using a gradient descent algorithm},
  author={Madgwick, Sebastian OH and Harrison, Andrew JL and Vaidyanathan, Ravi},
  booktitle={2011 IEEE international conference on rehabilitation robotics},
  pages={1--7},
  year={2011},
  organization={IEEE}
}

@article{mahony2008nonlinear,
  title={Nonlinear complementary filters on the special orthogonal group},
  author={Mahony, Robert and Hamel, Tarek and Pflimlin, Jean-Michel},
  journal={IEEE Transactions on automatic control},
  volume={53},
  number={5},
  pages={1203--1218},
  year={2008},
  publisher={IEEE}
}

@article{esfahani2019orinet,
  title={OriNet: Robust 3-D orientation estimation with a single particular IMU},
  author={Esfahani, Mahdi Abolfazli and Wang, Han and Wu, Keyu and Yuan, Shenghai},
  journal={IEEE Robotics and Automation Letters},
  volume={5},
  number={2},
  pages={399--406},
  year={2019},
  publisher={IEEE}
}

@article{weber2021riann,
  title={RIANN—A robust neural network outperforms attitude estimation filters},
  author={Weber, Daniel and G{\"u}hmann, Clemens and Seel, Thomas},
  journal={Ai},
  volume={2},
  number={3},
  pages={444--463},
  year={2021},
  publisher={MDPI}
}

@article{li2023attitude,
  title={Attitude Estimation using Iterative Indirect Kalman with Neural Network for Inertial Sensors},
  author={Li, Peng and Zhang, Wen-An and Jin, Yuqiang and Hu, Zihan and Wang, Linqing},
  journal={IEEE Transactions on Instrumentation and Measurement},
  year={2023},
  publisher={IEEE}
}

@inproceedings{chen2018ionet,
  title={Ionet: Learning to cure the curse of drift in inertial odometry},
  author={Chen, Changhao and Lu, Xiaoxuan and Markham, Andrew and Trigoni, Niki},
  booktitle={Proceedings of the AAAI Conference on Artificial Intelligence},
  volume={32},
  number={1},
  year={2018}
}

@inproceedings{herath2020ronin,
  title={Ronin: Robust neural inertial navigation in the wild: Benchmark, evaluations, \& new methods},
  author={Herath, Sachini and Yan, Hang and Furukawa, Yasutaka},
  booktitle={2020 IEEE International Conference on Robotics and Automation (ICRA)},
  pages={3146--3152},
  year={2020},
  organization={IEEE}
}

@article{brossard2020ai,
  title={AI-IMU dead-reckoning},
  author={Brossard, Martin and Barrau, Axel and Bonnabel, Silv{\`e}re},
  journal={IEEE Transactions on Intelligent Vehicles},
  volume={5},
  number={4},
  pages={585--595},
  year={2020},
  publisher={IEEE}
}

@article{saha2022tinyodom,
  title={Tinyodom: Hardware-aware efficient neural inertial navigation},
  author={Saha, Swapnil Sayan and Sandha, Sandeep Singh and Garcia, Luis Antonio and Srivastava, Mani},
  journal={Proceedings of the ACM on Interactive, Mobile, Wearable and Ubiquitous Technologies},
  volume={6},
  number={2},
  pages={1--32},
  year={2022},
  publisher={ACM New York, NY, USA}
}

@article{esfahani2019aboldeepio,
  title={AbolDeepIO: A novel deep inertial odometry network for autonomous vehicles},
  author={Esfahani, Mahdi Abolfazli and Wang, Han and Wu, Keyu and Yuan, Shenghai},
  journal={IEEE Transactions on Intelligent Transportation Systems},
  volume={21},
  number={5},
  pages={1941--1950},
  year={2019},
  publisher={IEEE}
}

@article{zhang2020navnet,
  title={NavNet: AUV navigation through deep sequential learning},
  author={Zhang, Xin and He, Bo and Li, Guangliang and Mu, Xiaokai and Zhou, Ying and Mang, Tanji},
  journal={IEEE Access},
  volume={8},
  pages={59845--59861},
  year={2020},
  publisher={IEEE}
}

@article{liu2020tlio,
  title={Tlio: Tight learned inertial odometry},
  author={Liu, Wenxin and Caruso, David and Ilg, Eddy and Dong, Jing and Mourikis, Anastasios I and Daniilidis, Kostas and Kumar, Vijay and Engel, Jakob},
  journal={IEEE Robotics and Automation Letters},
  volume={5},
  number={4},
  pages={5653--5660},
  year={2020},
  publisher={IEEE}
}

@inproceedings{saha2023inertial,
  title={Inertial Navigation on Extremely Resource-Constrained Platforms: Methods, Opportunities and Challenges},
  author={Saha, Swapnil Sayan and Du, Yayun and Sandha, Sandeep Singh and Garcia, Luis Antonio and Jawed, Mohammad Khalid and Srivastava, Mani},
  booktitle={2023 IEEE/ION Position, Location and Navigation Symposium (PLANS)},
  pages={708--723},
  year={2023},
  organization={IEEE}
}

@article{chen2020deep,
  title={Deep-learning-based pedestrian inertial navigation: Methods, data set, and on-device inference},
  author={Chen, Changhao and Zhao, Peijun and Lu, Chris Xiaoxuan and Wang, Wei and Markham, Andrew and Trigoni, Niki},
  journal={IEEE Internet of Things Journal},
  volume={7},
  number={5},
  pages={4431--4441},
  year={2020},
  publisher={IEEE}
}

@article{burri2016euroc,
  title={The EuRoC micro aerial vehicle datasets},
  author={Burri, Michael and Nikolic, Janosch and Gohl, Pascal and Schneider, Thomas and Rehder, Joern and Omari, Sammy and Achtelik, Markus W and Siegwart, Roland},
  journal={The International Journal of Robotics Research},
  volume={35},
  number={10},
  pages={1157--1163},
  year={2016},
  publisher={SAGE Publications Sage UK: London, England}
}

@article{ferrera2019aqualoc,
  title={AQUALOC: An underwater dataset for visual--inertial--pressure localization},
  author={Ferrera, Maxime and Creuze, Vincent and Moras, Julien and Trouv{\'e}-Peloux, Pauline},
  journal={The International Journal of Robotics Research},
  volume={38},
  number={14},
  pages={1549--1559},
  year={2019},
  publisher={SAGE Publications Sage UK: London, England}
}

@inproceedings{caesar2020nuscenes,
  title={nuscenes: A multimodal dataset for autonomous driving},
  author={Caesar, Holger and Bankiti, Varun and Lang, Alex H and Vora, Sourabh and Liong, Venice Erin and Xu, Qiang and Krishnan, Anush and Pan, Yu and Baldan, Giancarlo and Beijbom, Oscar},
  booktitle={Proceedings of the IEEE/CVF conference on computer vision and pattern recognition},
  pages={11621--11631},
  year={2020}
}

@article{harle2013survey,
  title={A survey of indoor inertial positioning systems for pedestrians},
  author={Harle, Robert},
  journal={IEEE Communications Surveys \& Tutorials},
  volume={15},
  number={3},
  pages={1281--1293},
  year={2013},
  publisher={Ieee}
}

@book{titterton2004strapdown,
  title={Strapdown inertial navigation technology},
  author={Titterton, David and Weston, John L},
  volume={17},
  year={2004},
  publisher={IET}
}

@inproceedings{jimenez2009comparison,
  title={A comparison of pedestrian dead-reckoning algorithms using a low-cost MEMS IMU},
  author={Jimenez, Antonio R and Seco, Fernando and Prieto, Carlos and Guevara, Jorge},
  booktitle={2009 IEEE International Symposium on Intelligent Signal Processing},
  pages={37--42},
  year={2009},
  organization={IEEE}
}

@article{wu2019survey,
  title={A survey of the research status of pedestrian dead reckoning systems based on inertial sensors},
  author={Wu, Yuan and Zhu, Hai-Bing and Du, Qing-Xiu and Tang, Shu-Ming},
  journal={International Journal of Automation and Computing},
  volume={16},
  pages={65--83},
  year={2019},
  publisher={Springer}
}

@inproceedings{bryson2004vehicle,
  title={Vehicle model aided inertial navigation for a UAV using low-cost sensors},
  author={Bryson, Mitch and Sukkarieh, Salah},
  booktitle={Proceedings of the Australasian Conference on Robotics and Automation},
  pages={1--9},
  year={2004},
  organization={Australian Robotics and Automation Association,}
}

@article{skog2009car,
  title={In-car positioning and navigation technologies—A survey},
  author={Skog, Isaac and Handel, Peter},
  journal={IEEE Transactions on Intelligent Transportation Systems},
  volume={10},
  number={1},
  pages={4--21},
  year={2009},
  publisher={IEEE}
}

@article{brossard2020denoising,
  title={Denoising imu gyroscopes with deep learning for open-loop attitude estimation},
  author={Brossard, Martin and Bonnabel, Silvere and Barrau, Axel},
  journal={IEEE Robotics and Automation Letters},
  volume={5},
  number={3},
  pages={4796--4803},
  year={2020},
  publisher={IEEE}
}

@article{nassar2004modeling,
  title={Modeling inertial sensor errors using autoregressive (AR) models},
  author={Nassar, Sameh and SCHWARZ, KLAUS-PETER and EL-SHEIMY, NASER and Noureldin, Aboelmagd},
  journal={Navigation},
  volume={51},
  number={4},
  pages={259--268},
  year={2004},
  publisher={Wiley Online Library}
}

@article{yuan2023simple,
  title={A simple self-supervised imu denoising method for inertial aided navigation},
  author={Yuan, Kaiwen and Wang, Z Jane},
  journal={IEEE Robotics and Automation Letters},
  volume={8},
  number={2},
  pages={944--950},
  year={2023},
  publisher={IEEE}
}


---------------AAAI审稿人推荐的27篇文献----------------↑↑↑↑↑↑

@inproceedings{geneva2020openvins,
  title={Openvins: A research platform for visual-inertial estimation},
  author={Geneva, Patrick and Eckenhoff, Kevin and Lee, Woosik and Yang, Yulin and Huang, Guoquan},
  booktitle={2020 IEEE International Conference on Robotics and Automation (ICRA)},
  pages={4666--4672},
  year={2020},
  organization={IEEE}
}

@article{yuan2023simple,
  title={A simple self-supervised imu denoising method for inertial aided navigation},
  author={Yuan, Kaiwen and Wang, Z Jane},
  journal={IEEE Robotics and Automation Letters},
  volume={8},
  number={2},
  pages={944--950},
  year={2023},
  publisher={IEEE}
}


@article{ gottlob:nonmon,
  author = "Georg Gottlob",
  title = "Complexity results for nonmonotonic logics",
  journal = "Journal of Logic and Computation",
  volume = "2",
  number = "3",
  pages = "397--425",
  month = "June",
  year = "1992"
}

@techreport{woodman2007introduction,
	title={An introduction to inertial navigation},
	author={Woodman, Oliver J},
	year={2007},
	institution={University of Cambridge, Computer Laboratory}
}

@article{marchetti2020multiple,
	title={Multiple trajectory prediction of moving agents with memory augmented networks},
	author={Marchetti, Francesco and Becattini, Federico and Seidenari, Lorenzo and Del Bimbo, Alberto},
	journal={IEEE Transactions on Pattern Analysis and Machine Intelligence},
	year={2020},
	publisher={IEEE}
}

@article{saydjari2022equivariant,
	title={Equivariant wavelets: Fast rotation and translation invariant wavelet scattering transforms},
	author={Saydjari, Andrew K and Finkbeiner, Douglas P},
	journal={IEEE Transactions on Pattern Analysis and Machine Intelligence},
	volume={45},
	number={2},
	pages={1716--1731},
	year={2022},
	publisher={IEEE}
}

@article{ma2020end,
	title={End-to-end optimized versatile image compression with wavelet-like transform},
	author={Ma, Haichuan and Liu, Dong and Yan, Ning and Li, Houqiang and Wu, Feng},
	journal={IEEE Transactions on Pattern Analysis and Machine Intelligence},
	volume={44},
	number={3},
	pages={1247--1263},
	year={2020},
	publisher={IEEE}
}


@article{toft2020long,
	title={Long-term visual localization revisited},
	author={Toft, Carl and Maddern, Will and Torii, Akihiko and Hammarstrand, Lars and Stenborg, Erik and Safari, Daniel and Okutomi, Masatoshi and Pollefeys, Marc and Sivic, Josef and Pajdla, Tomas and others},
	journal={IEEE Transactions on Pattern Analysis and Machine Intelligence},
	volume={44},
	number={4},
	pages={2074--2088},
	year={2020},
	publisher={IEEE}
}

@article{huang2019apolloscape,
	title={The apolloscape open dataset for autonomous driving and its application},
	author={Huang, Xinyu and Wang, Peng and Cheng, Xinjing and Zhou, Dingfu and Geng, Qichuan and Yang, Ruigang},
	journal={IEEE transactions on pattern analysis and machine intelligence},
	volume={42},
	number={10},
	pages={2702--2719},
	year={2019},
	publisher={IEEE}
}

@article{shamwell2019unsupervised,
	title={Unsupervised deep visual-inertial odometry with online error correction for RGB-D imagery},
	author={Shamwell, E Jared and Lindgren, Kyle and Leung, Sarah and Nothwang, William D},
	journal={IEEE transactions on pattern analysis and machine intelligence},
	volume={42},
	number={10},
	pages={2478--2493},
	year={2019},
	publisher={IEEE}
}

@article{li2021inertial,
	title={Inertial sensing meets machine learning: Opportunity or challenge?},
	author={Li, You and Chen, Ruizhi and Niu, Xiaoji and Zhuang, Yuan and Gao, Zhouzheng and Hu, Xin and El-Sheimy, Naser},
	journal={IEEE Transactions on Intelligent Transportation Systems},
	year={2021},
	publisher={IEEE}
}

@article{krause2012high,
	title={A high-resolution microchip optomechanical accelerometer},
	author={Krause, Alexander G and Winger, Martin and Blasius, Tim D and Lin, Qiang and Painter, Oskar},
	journal={Nature Photonics},
	volume={6},
	number={11},
	pages={768--772},
	year={2012},
	publisher={Nature Publishing Group UK London}
}


@article{min2021drop,
	title={Drop tower tests of Taiji-1 inertial sensor substitute},
	author={Min, Jian and Wang, Zuo-Lei and Li, Yun-Peng and Tao, Wen-Ze and Li, Cun-Hui and Lei, Jun-Gang and Xi, Dong-Xue and Fan, Da and Wang, Jun-Biao},
	journal={npj Microgravity},
	volume={7},
	number={1},
	pages={25},
	year={2021},
	publisher={Nature Publishing Group UK London}
}


@article{liu2020wearable,
	title={A wearable motion capture device able to detect dynamic motion of human limbs},
	author={Liu, Shiqiang and Zhang, Junchang and Zhang, Yuzhong and Zhu, Rong},
	journal={Nature communications},
	volume={11},
	number={1},
	pages={5615},
	year={2020},
	publisher={Nature Publishing Group UK London}
}


@article{van2008visualizing,
	title={Visualizing data using t-SNE.},
	author={Van der Maaten, Laurens and Hinton, Geoffrey},
	journal={Journal of machine learning research},
	volume={9},
	number={11},
	year={2008}
}

对比实验
EMD+Kalman filter
@article{liu2020denoising,
	title={Denoising method of MEMS gyroscope based on interval empirical mode decomposition},
	author={Liu, Yang and Chen, Guangwu and Wei, Zongshou and Yang, Juhua and Xing, Dongfeng},
	journal={Mathematical Problems in Engineering},
	volume={2020},
	pages={1--12},
	year={2020},
	publisher={Hindawi Limited}
}


SG filter
@article{he2019noise,
	title={Noise Reduction for MEMS gyroscope signal: A novel method combining ACMP with adaptive multiscale SG filter based on AMA},
	author={He, Jingjing and Sun, Changku and Wang, Peng},
	journal={Sensors},
	volume={19},
	number={20},
	pages={4382},
	year={2019},
	publisher={MDPI}
}
@INPROCEEDINGS{8713728,
	author={Karaim, Malek and Noureldin, Aboelmagd and Karamat, Tashfeen B.},
	booktitle={2019 International Conference on Communications, Signal Processing, and their Applications (ICCSPA)}, 
	title={Low-cost IMU Data Denoising using Savitzky-Golay Filters}, 
	year={2019},
	volume={},
	number={},
	pages={1-5},
	doi={10.1109/ICCSPA.2019.8713728}}

CNN
@article{chen2022towards,
	title={Towards improved inertial navigation by reducing errors using deep learning methodology},
	author={Chen, Hua and Taha, Tarek M and Chodavarapu, Vamsy P},
	journal={Applied Sciences},
	volume={12},
	number={7},
	pages={3645},
	year={2022},
	publisher={MDPI}
}

GRU+LSTM
@article{han2021hybrid,
	title={Hybrid deep recurrent neural networks for noise reduction of MEMS-IMU with static and dynamic conditions},
	author={Han, Shipeng and Meng, Zhen and Zhang, Xingcheng and Yan, Yuepeng},
	journal={Micromachines},
	volume={12},
	number={2},
	pages={214},
	year={2021},
	publisher={MDPI}
}

Optimized GRU+LSTM
@inproceedings{boronakhin2022optimization,
	title={Optimization of an Inertial Sensor De-Noising Method using a Hybrid Deep Learning Algorithm},
	author={Boronakhin, Alexander M and Shalymov, Roman V and Larionov, Daniil Yu and Khanh, Nguyen Quoc and Yen, Nguyen Trong},
	booktitle={2022 Conference of Russian Young Researchers in Electrical and Electronic Engineering (ElConRus)},
	pages={1335--1340},
	year={2022},
	organization={IEEE}
}

BiLSTM
@article{engelsman2023data,
	title={Data-driven denoising of stationary accelerometer signals},
	author={Engelsman, Daniel and Klein, Itzik},
	journal={Measurement},
	pages={113218},
	year={2023},
	publisher={Elsevier}
}




@ARTICLE{8787866,
	author={Yu, Shujian and Giraldo, Luis Gonzalo Sánchez and Jenssen, Robert and Príncipe, José C.},
	journal={IEEE Transactions on Pattern Analysis and Machine Intelligence}, 
	title={Multivariate Extension of Matrix-Based Rényi's $\alpha$-Order Entropy Functional}, 
	year={2020},
	volume={42},
	number={11},
	pages={2960-2966},
	doi={10.1109/TPAMI.2019.2932976}}

@ARTICLE{8998186,
	author={Yu, Shujian and Wickstrøm, Kristoffer and Jenssen, Robert and Príncipe, José C.},
	journal={IEEE Transactions on Neural Networks and Learning Systems}, 
	title={Understanding Convolutional Neural Networks With Information Theory: An Initial Exploration}, 
	year={2021},
	volume={32},
	number={1},
	pages={435-442},
	doi={10.1109/TNNLS.2020.2968509}}


Introduction 
IMU简介
@article{shaeffer2013mems,
	title={MEMS inertial sensors: A tutorial overview},
	author={Shaeffer, Derek K},
	journal={IEEE Communications Magazine},
	volume={51},
	number={4},
	pages={100--109},
	year={2013},
	publisher={IEEE}
}

navigation
@ARTICLE{9500152,
	author={Li, You and Chen, Ruizhi and Niu, Xiaoji and Zhuang, Yuan and Gao, Zhouzheng and Hu, Xin and El-Sheimy, Naser},
	journal={IEEE Transactions on Intelligent Transportation Systems}, 
	title={Inertial Sensing Meets Machine Learning: Opportunity or Challenge?}, 
	year={2022},
	volume={23},
	number={8},
	pages={9995-10011},
	doi={10.1109/TITS.2021.3097385}
}

robotics
@INPROCEEDINGS{8794399,
	author={Gromov, Boris and Abbate, Gabriele and Gambardella, Luca M. and Giusti, Alessandro},
	booktitle={2019 International Conference on Robotics and Automation (ICRA)}, 
	title={Proximity Human-Robot Interaction Using Pointing Gestures and a Wrist-mounted IMU}, 
	year={2019},
	volume={},
	number={},
	pages={8084-8091},
	doi={10.1109/ICRA.2019.8794399}}

gaming
@article{ehatisham2021expert,
	title={Expert-novice classification of mobile game player using smartphone inertial sensors},
	author={Ehatisham-ul-Haq, Muhammad and Arsalan, Aamir and Raheel, Aasim and Anwar, Syed Muhammad},
	journal={Expert Systems with Applications},
	volume={174},
	pages={114700},
	year={2021},
	publisher={Elsevier}
}


health
@article{son2021effect,
	title={The effect of levodopa on bilateral coordination and gait asymmetry in Parkinson’s disease using inertial sensor},
	author={Son, Minji and Han, Seung Hwan and Lyoo, Chul Hyoung and Lim, Joo Ae and Jeon, Jeanhong and Hong, Kee-Bum and Park, Hoon},
	journal={npj Parkinson's Disease},
	volume={7},
	number={1},
	pages={42},
	year={2021},
	publisher={Nature Publishing Group UK London}
}

@article{montesinos2018wearable,
	title={Wearable inertial sensors for fall risk assessment and prediction in older adults: A systematic review and meta-analysis},
	author={Montesinos, Luis and Castaldo, Rossana and Pecchia, Leandro},
	journal={IEEE transactions on neural systems and rehabilitation engineering},
	volume={26},
	number={3},
	pages={573--582},
	year={2018},
	publisher={IEEE}
}


@article{zhuang2023multi,
	title={Multi-sensor integrated navigation/positioning systems using data fusion: From analytics-based to learning-based approaches},
	author={Zhuang, Yuan and Sun, Xiao and Li, You and Huai, Jianzhu and Hua, Luchi and Yang, Xiansheng and Cao, Xiaoxiang and Zhang, Peng and Cao, Yue and Qi, Longning and others},
	journal={Information Fusion},
	volume={95},
	pages={62--90},
	year={2023},
	publisher={Elsevier}
}

@article{qin2018vins,
	title={Vins-mono: A robust and versatile monocular visual-inertial state estimator},
	author={Qin, Tong and Li, Peiliang and Shen, Shaojie},
	journal={IEEE Transactions on Robotics},
	volume={34},
	number={4},
	pages={1004--1020},
	year={2018},
	publisher={IEEE}
}


@article{wang2018vehicle,
	title={Vehicle localization at an intersection using a traffic light map},
	author={Wang, Chunxiang and Huang, Hairu and Ji, Yang and Wang, Bing and Yang, Ming},
	journal={IEEE transactions on intelligent transportation systems},
	volume={20},
	number={4},
	pages={1432--1441},
	year={2018},
	publisher={IEEE}
}

@article{qiu2022multi,
	title={Multi-sensor information fusion based on machine learning for real applications in human activity recognition: State-of-the-art and research challenges},
	author={Qiu, Sen and Zhao, Hongkai and Jiang, Nan and Wang, Zhelong and Liu, Long and An, Yi and Zhao, Hongyu and Miao, Xin and Liu, Ruichen and Fortino, Giancarlo},
	journal={Information Fusion},
	volume={80},
	pages={241--265},
	year={2022},
	publisher={Elsevier}
}


@article{nguyen2017using,
	title={Using inertial sensors to automatically detect and segment activities of daily living in people with Parkinson’s disease},
	author={Nguyen, Hung and Lebel, Karina and Bogard, Sarah and Goubault, Etienne and Boissy, Patrick and Duval, Christian},
	journal={IEEE Transactions on Neural Systems and Rehabilitation Engineering},
	volume={26},
	number={1},
	pages={197--204},
	year={2017},
	publisher={IEEE}
}

@article{tunca2019deep,
	title={Deep learning for fall risk assessment with inertial sensors: Utilizing domain knowledge in spatio-temporal gait parameters},
	author={Tunca, Can and Salur, G{\"u}l{\"u}st{\"u} and Ersoy, Cem},
	journal={IEEE journal of biomedical and health informatics},
	volume={24},
	number={7},
	pages={1994--2005},
	year={2019},
	publisher={IEEE}
}

@article{caserman2019survey,
	title={A survey of full-body motion reconstruction in immersive virtual reality applications},
	author={Caserman, Polona and Garcia-Agundez, Augusto and G{\"o}bel, Stefan},
	journal={IEEE transactions on visualization and computer graphics},
	volume={26},
	number={10},
	pages={3089--3108},
	year={2019},
	publisher={IEEE}
}

@article{pan2018and,
	title={Why and how to use virtual reality to study human social interaction: The challenges of exploring a new research landscape},
	author={Pan, Xueni and Hamilton, Antonia F de C},
	journal={British Journal of Psychology},
	volume={109},
	number={3},
	pages={395--417},
	year={2018},
	publisher={Wiley Online Library}
}

@article{foehn2022agilicious,
	title={Agilicious: Open-source and open-hardware agile quadrotor for vision-based flight},
	author={Foehn, Philipp and Kaufmann, Elia and Romero, Angel and Penicka, Robert and Sun, Sihao and Bauersfeld, Leonard and Laengle, Thomas and Cioffi, Giovanni and Song, Yunlong and Loquercio, Antonio and others},
	journal={Science Robotics},
	volume={7},
	number={67},
	pages={eabl6259},
	year={2022},
	publisher={American Association for the Advancement of Science}
}

@article{golestani2020human,
	title={Human activity recognition using magnetic induction-based motion signals and deep recurrent neural networks},
	author={Golestani, Negar and Moghaddam, Mahta},
	journal={Nature communications},
	volume={11},
	number={1},
	pages={1551},
	year={2020},
	publisher={Nature Publishing Group UK London}
}




IMU信号去噪对比方法
Model based methods
@ARTICLE{9198927,
	author={Wu, Fan and Luo, Haiyong and Jia, Hongwei and Zhao, Fang and Xiao, Yimin and Gao, Xile},
	journal={IEEE Transactions on Instrumentation and Measurement}, 
	title={Predicting the Noise Covariance With a Multitask Learning Model for Kalman Filter-Based GNSS/INS Integrated Navigation}, 
	year={2021},
	volume={70},
	number={},
	pages={1-13},
	doi={10.1109/TIM.2020.3024357}}

@ARTICLE{9119813,
	author={Brossard, Martin and Bonnabel, Silvère and Barrau, Axel},
	journal={IEEE Robotics and Automation Letters}, 
	title={Denoising IMU Gyroscopes With Deep Learning for Open-Loop Attitude Estimation}, 
	year={2020},
	volume={5},
	number={3},
	pages={4796-4803},
	doi={10.1109/LRA.2020.3003256}}




Deep Learning based methods
@article{chen2022towards,
	title={Towards improved inertial navigation by reducing errors using deep learning methodology},
	author={Chen, Hua and Taha, Tarek M and Chodavarapu, Vamsy P},
	journal={Applied Sciences},
	volume={12},
	number={7},
	pages={3645},
	year={2022},
	publisher={MDPI}
}

@article{han2021hybrid,
	title={Hybrid deep recurrent neural networks for noise reduction of MEMS-IMU with static and dynamic conditions},
	author={Han, Shipeng and Meng, Zhen and Zhang, Xingcheng and Yan, Yuepeng},
	journal={Micromachines},
	volume={12},
	number={2},
	pages={214},
	year={2021},
	publisher={MDPI}
}

@inproceedings{boronakhin2022optimization,
	title={Optimization of an Inertial Sensor De-Noising Method using a Hybrid Deep Learning Algorithm},
	author={Boronakhin, Alexander M and Shalymov, Roman V and Larionov, Daniil Yu and Khanh, Nguyen Quoc and Yen, Nguyen Trong},
	booktitle={2022 Conference of Russian Young Researchers in Electrical and Electronic Engineering (ElConRus)},
	pages={1335--1340},
	year={2022},
	organization={IEEE}
}








IMU noise
@article{nikolic2015maximum,
	title={Maximum likelihood identification of inertial sensor noise model parameters},
	author={Nikolic, Janosch and Furgale, Paul and Melzer, Amir and Siegwart, Roland},
	journal={IEEE Sensors Journal},
	volume={16},
	number={1},
	pages={163--176},
	year={2015},
	publisher={IEEE}
}

@article{tu2020arma,
	title={An ARMA-based digital twin for MEMS gyroscope drift dynamics modeling and real-time compensation},
	author={Tu, Yi-Hsuan and Peng, Chao-Chung},
	journal={IEEE Sensors Journal},
	volume={21},
	number={3},
	pages={2712--2724},
	year={2020},
	publisher={IEEE}
}

@article{luczak2015experimental,
	title={Experimental studies of hysteresis in MEMS accelerometers: a commentary},
	author={{\L}uczak, Sergiusz},
	journal={IEEE Sensors Journal},
	volume={15},
	number={6},
	pages={3492--3499},
	year={2015},
	publisher={IEEE}
}

@inproceedings{wang2018lstm,
	title={Lstm model optimization on stock price forecasting},
	author={Wang, Yifeng and Liu, Yuying and Wang, Meiqing and Liu, Rong},
	booktitle={2018 17th international symposium on distributed computing and applications for business engineering and science (dcabes)},
	pages={173--177},
	year={2018},
	organization={IEEE}
}

@ARTICLE{10080916,
	author={Wang, Yifeng and Zhao, Yi},
	journal={IEEE Sensors Journal}, 
	title={Arbitrary Spatial Trajectory Reconstruction Based on a Single Inertial Sensor}, 
	year={2023},
	volume={23},
	number={9},
	pages={10009-10022},
	doi={10.1109/JSEN.2023.3257867}
}
