% Use this file for citations not found in the ACL Anthology (contained in "anthology.bib").


@article{CTGsurvey,
  author       = {Xun Liang and
                  Hanyu Wang and
                  Yezhaohui Wang and
                  Shichao Song and
                  Jiawei Yang and
                  Simin Niu and
                  Jie Hu and
                  Dan Liu and
                  Shunyu Yao and
                  Feiyu Xiong and
                  Zhiyu Li},
  title        = {Controllable Text Generation for Large Language Models: {A} Survey},
  journal      = {CoRR},
  volume       = {abs/2408.12599},
  year         = {2024},
  url          = {https://doi.org/10.48550/arXiv.2408.12599},
  doi          = {10.48550/ARXIV.2408.12599},
  eprinttype    = {arXiv},
  eprint       = {2408.12599},
  timestamp    = {Sat, 28 Sep 2024 18:01:40 +0200},
  biburl       = {https://dblp.org/rec/journals/corr/abs-2408-12599.bib},
  bibsource    = {dblp computer science bibliography, https://dblp.org}
}

@article{zhang2023survey,
  title={A survey of controllable text generation using transformer-based pre-trained language models},
  author={Zhang, Hanqing and Song, Haolin and Li, Shaoyu and Zhou, Ming and Song, Dawei},
  journal={ACM Computing Surveys},
  volume={56},
  number={3},
  pages={1--37},
  year={2023},
  publisher={ACM New York, NY}
}

@article{foster2024token,
  title={A token-agnostic approach to controlling generated text length in large language models},
  author={Foster, Kiannah and Johansson, Andrew and Williams, Elizabeth and Petrovic, Daniel and Kovalenko, Nicholas},
  year={2024}
}

@article{song2024hansel,
  title={Hansel: Output Length Controlling Framework for Large Language Models},
  author={Song, Seoha and Lee, Junhyun and Ko, Hyeonmok},
  journal={arXiv preprint arXiv:2412.14033},
  year={2024}
}

@article{gu2024length,
  title={Length Controlled Generation for Black-box LLMs},
  author={Gu, Yuxuan and Wang, Wenjie and Feng, Xiaocheng and Zhong, Weihong and Zhu, Kun and Huang, Lei and Chua, Tat-Seng and Qin, Bing},
  journal={arXiv preprint arXiv:2412.14656},
  year={2024}
}

@article{wang2024positionid,
  title={PositionID: LLMs can Control Lengths, Copy and Paste with Explicit Positional Awareness},
  author={Wang, Zekun and Duan, Feiyu and Zhang, Yibo and Zhou, Wangchunshu and Xu, Ke and Huang, Wenhao and Fu, Jie},
  journal={arXiv preprint arXiv:2410.07035},
  year={2024}
}

@inproceedings{juseon2024instructcmp,
  title={Instructcmp: Length control in sentence compression through instruction-based large language models},
  author={Juseon-Do, Juseon-Do and Kamigaito, Hidetaka and Okumura, Manabu and Kwon, Jingun},
  booktitle={Findings of the Association for Computational Linguistics ACL 2024},
  pages={8980--8996},
  year={2024}
}

@article{butcher2024precise,
  title={Precise Length Control in Large Language Models},
  author={Butcher, Bradley and O'Keefe, Michael and Titchener, James},
  journal={arXiv preprint arXiv:2412.11937},
  year={2024}
}

@article{kazemnejad2024impact,
  title={The impact of positional encoding on length generalization in transformers},
  author={Kazemnejad, Amirhossein and Padhi, Inkit and Natesan Ramamurthy, Karthikeyan and Das, Payel and Reddy, Siva},
  journal={Advances in Neural Information Processing Systems},
  volume={36},
  year={2024}
}

@article{chang2024language,
  title={Language Models Need Inductive Biases to Count Inductively},
  author={Chang, Yingshan and Bisk, Yonatan},
  journal={arXiv preprint arXiv:2405.20131},
  year={2024}
}

@article{huang2025decoding,
  title={A Decoding Algorithm for Length-Control Summarization Based on Directed Acyclic Transformers},
  author={Huang, Chenyang and Zhou, Hao and Jen, Cameron and Zheng, Kangjie and Za{\~A}{\NG}ane, Osmar R and Mou, Lili},
  journal={arXiv preprint arXiv:2502.04535},
  year={2025}
}

@article{retkowski2024zero,
  title={Zero-Shot Strategies for Length-Controllable Summarization},
  author={Retkowski, Fabian and Waibel, Alexander},
  journal={arXiv preprint arXiv:2501.00233},
  year={2024}
}

@article{lift,
  author       = {Weizhe Yuan and
                  Ilia Kulikov and
                  Ping Yu and
                  Kyunghyun Cho and
                  Sainbayar Sukhbaatar and
                  Jason Weston and
                  Jing Xu},
  title        = {Following Length Constraints in Instructions},
  journal      = {CoRR},
  volume       = {abs/2406.17744},
  year         = {2024},
  url          = {https://doi.org/10.48550/arXiv.2406.17744},
  doi          = {10.48550/ARXIV.2406.17744},
  eprinttype    = {arXiv},
  eprint       = {2406.17744},
  timestamp    = {Mon, 22 Jul 2024 14:28:29 +0200},
  biburl       = {https://dblp.org/rec/journals/corr/abs-2406-17744.bib},
  bibsource    = {dblp computer science bibliography, https://dblp.org}
}

@article{promptRein,
  author       = {Renlong Jie and
                  Xiaojun Meng and
                  Lifeng Shang and
                  Xin Jiang and
                  Qun Liu},
  title        = {Prompt-Based Length Controlled Generation with Reinforcement Learning},
  journal      = {CoRR},
  volume       = {abs/2308.12030},
  year         = {2023},
  url          = {https://doi.org/10.48550/arXiv.2308.12030},
  doi          = {10.48550/ARXIV.2308.12030},
  eprinttype    = {arXiv},
  eprint       = {2308.12030},
  timestamp    = {Fri, 02 Aug 2024 15:28:18 +0200},
  biburl       = {https://dblp.org/rec/journals/corr/abs-2308-12030.bib},
  bibsource    = {dblp computer science bibliography, https://dblp.org}
}

@inproceedings{DisentDPO,
  author       = {Ryan Park and
                  Rafael Rafailov and
                  Stefano Ermon and
                  Chelsea Finn},
  title        = {Disentangling Length from Quality in Direct Preference Optimization},
  booktitle    = {Findings of the Association for Computational Linguistics, {ACL} 2024,
                  Bangkok, Thailand and virtual meeting, August 11-16, 2024},
  pages        = {4998--5017},
  publisher    = {Association for Computational Linguistics},
  year         = {2024},
  url          = {https://doi.org/10.18653/v1/2024.findings-acl.297},
  doi          = {10.18653/V1/2024.FINDINGS-ACL.297},
  timestamp    = {Tue, 24 Sep 2024 10:55:38 +0200},
  biburl       = {https://dblp.org/rec/conf/acl/ParkREF24.bib},
  bibsource    = {dblp computer science bibliography, https://dblp.org}
}

@inproceedings{ruler,
  author       = {Jiaming Li and
                  Lei Zhang and
                  Yunshui Li and
                  Ziqiang Liu and
                  Yuelin Bai and
                  Run Luo and
                  Longze Chen and
                  Min Yang},
  title        = {Ruler: {A} Model-Agnostic Method to Control Generated Length for Large
                  Language Models},
  booktitle    = {Findings of the Association for Computational Linguistics: {EMNLP}
                  2024, Miami, Florida, USA, November 12-16, 2024},
  pages        = {3042--3059},
  publisher    = {Association for Computational Linguistics},
  year         = {2024},
  url          = {https://aclanthology.org/2024.findings-emnlp.172},
  timestamp    = {Mon, 03 Feb 2025 09:00:09 +0100},
  biburl       = {https://dblp.org/rec/conf/emnlp/LiZLLBLC024.bib},
  bibsource    = {dblp computer science bibliography, https://dblp.org}
}

@article{gpt4,
  author       = {OpenAI},
  title        = {{GPT-4} Technical Report},
  journal      = {CoRR},
  volume       = {abs/2303.08774},
  year         = {2023},
  url          = {https://doi.org/10.48550/arXiv.2303.08774},
  doi          = {10.48550/ARXIV.2303.08774},
  eprinttype    = {arXiv},
  eprint       = {2303.08774},
  timestamp    = {Mon, 28 Aug 2023 21:26:19 +0200},
  biburl       = {https://dblp.org/rec/journals/corr/abs-2303-08774.bib},
  bibsource    = {dblp computer science bibliography, https://dblp.org}
}

@article{CNN/DailyMail,
  author       = {Ramesh Nallapati and
                  Bing Xiang and
                  Bowen Zhou},
  title        = {Sequence-to-Sequence RNNs for Text Summarization},
  journal      = {CoRR},
  volume       = {abs/1602.06023},
  year         = {2016},
  url          = {http://arxiv.org/abs/1602.06023},
  eprinttype    = {arXiv},
  eprint       = {1602.06023},
  timestamp    = {Mon, 13 Aug 2018 16:46:52 +0200},
  biburl       = {https://dblp.org/rec/journals/corr/NallapatiXZ16.bib},
  bibsource    = {dblp computer science bibliography, https://dblp.org}
}

@article{HANNA,
  title={Of human criteria and automatic metrics: A benchmark of the evaluation of story generation},
  author={Chhun, Cyril and Colombo, Pierre and Clavel, Chlo{\'e} and Suchanek, Fabian M},
  journal={arXiv preprint arXiv:2208.11646},
  year={2022}
}

@article{TruthfulQA,
  author       = {Stephanie Lin and
                  Jacob Hilton and
                  Owain Evans},
  title        = {TruthfulQA: Measuring How Models Mimic Human Falsehoods},
  journal      = {CoRR},
  volume       = {abs/2109.07958},
  year         = {2021},
  url          = {https://arxiv.org/abs/2109.07958},
  eprinttype    = {arXiv},
  eprint       = {2109.07958},
  timestamp    = {Wed, 22 Sep 2021 14:16:57 +0200},
  biburl       = {https://dblp.org/rec/journals/corr/abs-2109-07958.bib},
  bibsource    = {dblp computer science bibliography, https://dblp.org}
}

@article{HelloBench,
  title={Hellobench: Evaluating long text generation capabilities of large language models},
  author={Que, Haoran and Duan, Feiyu and He, Liqun and Mou, Yutao and Zhou, Wangchunshu and Liu, Jiaheng and Rong, Wenge and Wang, Zekun Moore and Yang, Jian and Zhang, Ge and others},
  journal={arXiv preprint arXiv:2409.16191},
  year={2024}
}

@article{qwen25,
  title={Qwen2. 5 technical report},
  author={Yang, An and Yang, Baosong and Zhang, Beichen and Hui, Binyuan and Zheng, Bo and Yu, Bowen and Li, Chengyuan and Liu, Dayiheng and Huang, Fei and Wei, Haoran and others},
  journal={arXiv preprint arXiv:2412.15115},
  year={2024}
}

@article{llama31,
  title={The llama 3 herd of models},
  author={Dubey, Abhimanyu and Jauhri, Abhinav and Pandey, Abhinav and Kadian, Abhishek and Al-Dahle, Ahmad and Letman, Aiesha and Mathur, Akhil and Schelten, Alan and Yang, Amy and Fan, Angela and others},
  journal={arXiv preprint arXiv:2407.21783},
  year={2024}
}

@article{gpt4o,
  title={Gpt-4o system card},
  author={Hurst, Aaron and Lerer, Adam and Goucher, Adam P and Perelman, Adam and Ramesh, Aditya and Clark, Aidan and Ostrow, AJ and Welihinda, Akila and Hayes, Alan and Radford, Alec and others},
  journal={arXiv preprint arXiv:2410.21276},
  year={2024}
}


@inproceedings{llmasjudge,
  author       = {Lianmin Zheng and
                  Wei{-}Lin Chiang and
                  Ying Sheng and
                  Siyuan Zhuang and
                  Zhanghao Wu and
                  Yonghao Zhuang and
                  Zi Lin and
                  Zhuohan Li and
                  Dacheng Li and
                  Eric P. Xing and
                  Hao Zhang and
                  Joseph E. Gonzalez and
                  Ion Stoica},
  title        = {Judging LLM-as-a-Judge with MT-Bench and Chatbot Arena},
  booktitle    = {Advances in Neural Information Processing Systems 36: Annual Conference
                  on Neural Information Processing Systems 2023, NeurIPS 2023, New Orleans,
                  LA, USA, December 10 - 16, 2023},
  year         = {2023},
  url          = {http://papers.nips.cc/paper\_files/paper/2023/hash/91f18a1287b398d378ef22505bf41832-Abstract-Datasets\_and\_Benchmarks.html},
  timestamp    = {Thu, 04 Jul 2024 21:53:01 +0200},
  biburl       = {https://dblp.org/rec/conf/nips/ZhengC00WZL0LXZ23.bib},
  bibsource    = {dblp computer science bibliography, https://dblp.org}
}

@article{gaokao,
  title={Evaluating the performance of large language models on gaokao benchmark},
  author={Zhang, Xiaotian and Li, Chunyang and Zong, Yi and Ying, Zhengyu and He, Liang and Qiu, Xipeng},
  journal={arXiv preprint arXiv:2305.12474},
  year={2023}
}

@article{longwriter,
  title={Longwriter: Unleashing 10,000+ word generation from long context llms},
  author={Bai, Yushi and Zhang, Jiajie and Lv, Xin and Zheng, Linzhi and Zhu, Siqi and Hou, Lei and Dong, Yuxiao and Tang, Jie and Li, Juanzi},
  journal={arXiv preprint arXiv:2408.07055},
  year={2024}
}

@article{li2024generation,
  title={From generation to judgment: Opportunities and challenges of llm-as-a-judge},
  author={Li, Dawei and Jiang, Bohan and Huang, Liangjie and Beigi, Alimohammad and Zhao, Chengshuai and Tan, Zhen and Bhattacharjee, Amrita and Jiang, Yuxuan and Chen, Canyu and Wu, Tianhao and others},
  journal={arXiv preprint arXiv:2411.16594},
  year={2024}
}

@article{gu2024survey,
  title={A Survey on LLM-as-a-Judge},
  author={Gu, Jiawei and Jiang, Xuhui and Shi, Zhichao and Tan, Hexiang and Zhai, Xuehao and Xu, Chengjin and Li, Wei and Shen, Yinghan and Ma, Shengjie and Liu, Honghao and others},
  journal={arXiv preprint arXiv:2411.15594},
  year={2024}
}

@article{dubois2024length,
  title={Length-controlled alpacaeval: A simple way to debias automatic evaluators},
  author={Dubois, Yann and Galambosi, Bal{\'a}zs and Liang, Percy and Hashimoto, Tatsunori B},
  journal={arXiv preprint arXiv:2404.04475},
  year={2024}
}

@article{yuan2025llm,
  title={LLM-Powered Benchmark Factory: Reliable, Generic, and Efficient},
  author={Yuan, Peiwen and Feng, Shaoxiong and Li, Yiwei and Wang, Xinglin and Zhang, Yueqi and Shi, Jiayi and Tan, Chuyi and Pan, Boyuan and Hu, Yao and Li, Kan},
  journal={arXiv preprint arXiv:2502.01683},
  year={2025}
}


@article{moonlength,
  title={Length Representations in Large Language Models},
  author={Moon, Sangjun and Kwon, Jingun and Kamigaito, Hidetaka and Okumura, Manabu and others}
}