@article{butcher2024precise,
  title={Precise Length Control in Large Language Models},
  author={Butcher, Bradley and O'Keefe, Michael and Titchener, James},
  journal={arXiv preprint arXiv:2412.11937},
  year={2024}
}

@article{chang2024language,
  title={Language Models Need Inductive Biases to Count Inductively},
  author={Chang, Yingshan and Bisk, Yonatan},
  journal={arXiv preprint arXiv:2405.20131},
  year={2024}
}

@article{gu2024length,
  title={Length Controlled Generation for Black-box LLMs},
  author={Gu, Yuxuan and Wang, Wenjie and Feng, Xiaocheng and Zhong, Weihong and Zhu, Kun and Huang, Lei and Chua, Tat-Seng and Qin, Bing},
  journal={arXiv preprint arXiv:2412.14656},
  year={2024}
}

@article{huang2025decoding,
  title={A Decoding Algorithm for Length-Control Summarization Based on Directed Acyclic Transformers},
  author={Huang, Chenyang and Zhou, Hao and Jen, Cameron and Zheng, Kangjie and Za{\~A}{\NG}ane, Osmar R and Mou, Lili},
  journal={arXiv preprint arXiv:2502.04535},
  year={2025}
}

@inproceedings{juseon2024instructcmp,
  title={Instructcmp: Length control in sentence compression through instruction-based large language models},
  author={Juseon-Do, Juseon-Do and Kamigaito, Hidetaka and Okumura, Manabu and Kwon, Jingun},
  booktitle={Findings of the Association for Computational Linguistics ACL 2024},
  pages={8980--8996},
  year={2024}
}

@article{kazemnejad2024impact,
  title={The impact of positional encoding on length generalization in transformers},
  author={Kazemnejad, Amirhossein and Padhi, Inkit and Natesan Ramamurthy, Karthikeyan and Das, Payel and Reddy, Siva},
  journal={Advances in Neural Information Processing Systems},
  volume={36},
  year={2024}
}

@article{lift,
  author       = {Weizhe Yuan and
                  Ilia Kulikov and
                  Ping Yu and
                  Kyunghyun Cho and
                  Sainbayar Sukhbaatar and
                  Jason Weston and
                  Jing Xu},
  title        = {Following Length Constraints in Instructions},
  journal      = {CoRR},
  volume       = {abs/2406.17744},
  year         = {2024},
  url          = {https://doi.org/10.48550/arXiv.2406.17744},
  doi          = {10.48550/ARXIV.2406.17744},
  eprinttype    = {arXiv},
  eprint       = {2406.17744},
  timestamp    = {Mon, 22 Jul 2024 14:28:29 +0200},
  biburl       = {https://dblp.org/rec/journals/corr/abs-2406-17744.bib},
  bibsource    = {dblp computer science bibliography, https://dblp.org}
}

@article{promptRein,
  author       = {Renlong Jie and
                  Xiaojun Meng and
                  Lifeng Shang and
                  Xin Jiang and
                  Qun Liu},
  title        = {Prompt-Based Length Controlled Generation with Reinforcement Learning},
  journal      = {CoRR},
  volume       = {abs/2308.12030},
  year         = {2023},
  url          = {https://doi.org/10.48550/arXiv.2308.12030},
  doi          = {10.48550/ARXIV.2308.12030},
  eprinttype    = {arXiv},
  eprint       = {2308.12030},
  timestamp    = {Fri, 02 Aug 2024 15:28:18 +0200},
  biburl       = {https://dblp.org/rec/journals/corr/abs-2308-12030.bib},
  bibsource    = {dblp computer science bibliography, https://dblp.org}
}

@article{retkowski2024zero,
  title={Zero-Shot Strategies for Length-Controllable Summarization},
  author={Retkowski, Fabian and Waibel, Alexander},
  journal={arXiv preprint arXiv:2501.00233},
  year={2024}
}

@inproceedings{ruler,
  author       = {Jiaming Li and
                  Lei Zhang and
                  Yunshui Li and
                  Ziqiang Liu and
                  Yuelin Bai and
                  Run Luo and
                  Longze Chen and
                  Min Yang},
  title        = {Ruler: {A} Model-Agnostic Method to Control Generated Length for Large
                  Language Models},
  booktitle    = {Findings of the Association for Computational Linguistics: {EMNLP}
                  2024, Miami, Florida, USA, November 12-16, 2024},
  pages        = {3042--3059},
  publisher    = {Association for Computational Linguistics},
  year         = {2024},
  url          = {https://aclanthology.org/2024.findings-emnlp.172},
  timestamp    = {Mon, 03 Feb 2025 09:00:09 +0100},
  biburl       = {https://dblp.org/rec/conf/emnlp/LiZLLBLC024.bib},
  bibsource    = {dblp computer science bibliography, https://dblp.org}
}

@article{song2024hansel,
  title={Hansel: Output Length Controlling Framework for Large Language Models},
  author={Song, Seoha and Lee, Junhyun and Ko, Hyeonmok},
  journal={arXiv preprint arXiv:2412.14033},
  year={2024}
}

@article{wang2024positionid,
  title={PositionID: LLMs can Control Lengths, Copy and Paste with Explicit Positional Awareness},
  author={Wang, Zekun and Duan, Feiyu and Zhang, Yibo and Zhou, Wangchunshu and Xu, Ke and Huang, Wenhao and Fu, Jie},
  journal={arXiv preprint arXiv:2410.07035},
  year={2024}
}

