@ARTICLE{5518758,
  author={Cocea, Mihaela and Weibelzahl, Stephan},
  journal={IEEE Transactions on Learning Technologies}, 
  title={Disengagement Detection in Online Learning: Validation Studies and Perspectives}, 
  year={2011},
  volume={4},
  number={2},
  pages={114-124},
  doi={10.1109/TLT.2010.14}}

@INPROCEEDINGS{6681424,
  author={Grafsgaard, Joseph F. and Wiggins, Joseph B. and Boyer, Kristy Elizabeth and Wiebe, Eric N. and Lester, James C.},
  booktitle={2013 Humaine Association Conference on Affective Computing and Intelligent Interaction}, 
  title={Automatically Recognizing Facial Indicators of Frustration: A Learning-centric Analysis}, 
  year={2013},
  volume={},
  number={},
  pages={159-165},
  doi={10.1109/ACII.2013.33}}

@article{aluja2019measuring,
  title={Measuring motivation from the virtual learning environment in secondary education},
  author={Aluja-Banet, Tom{\`a}s and Sancho, Maria-Ribera and Vukic, Ivan},
  journal={Journal of Computational Science},
  volume={36},
  pages={100629},
  year={2019},
  publisher={Elsevier}
}

@inproceedings{bosch2015automatic,
  title={Automatic detection of learning-centered affective states in the wild},
  author={Bosch, Nigel and D'Mello, Sidney and Baker, Ryan and Ocumpaugh, Jaclyn and Shute, Valerie and Ventura, Matthew and Wang, Lubin and Zhao, Weinan},
  booktitle={Proceedings of the 20th international conference on intelligent user interfaces},
  pages={379--388},
  year={2015}
}

@article{d2006predicting,
  title={Predicting affective states expressed through an emote-aloud procedure from AutoTutor's mixed-initiative dialogue},
  author={D'Mello, Sidney K and Craig, Scotty D and Sullins, Jeremiah and Graesser, Arthur C},
  journal={International Journal of Artificial Intelligence in Education},
  volume={16},
  number={1},
  pages={3--28},
  year={2006},
  publisher={IOS Press}
}

@article{dewan2019engagement,
  title={Engagement detection in online learning: a review},
  author={Dewan, M and Murshed, Mahbub and Lin, Fuhua},
  journal={Smart Learning Environments},
  volume={6},
  number={1},
  pages={1--20},
  year={2019},
  publisher={Springer}
}

@inproceedings{dhall2019emotiw,
  title={Emotiw 2019: Automatic emotion, engagement and cohesion prediction tasks},
  author={Dhall, Abhinav},
  booktitle={2019 International Conference on Multimodal Interaction},
  pages={546--550},
  year={2019}
}

@article{dosovitskiy2020image,
  title={An image is worth 16x16 words: Transformers for image recognition at scale},
  author={Dosovitskiy, Alexey and Beyer, Lucas and Kolesnikov, Alexander and Weissenborn, Dirk and Zhai, Xiaohua and Unterthiner, Thomas and Dehghani, Mostafa and Minderer, Matthias and Heigold, Georg and Gelly, Sylvain and others},
  journal={arXiv preprint arXiv:2010.11929},
  year={2020}
}

@article{fairclough2006prediction,
  title={Prediction of subjective states from psychophysiology: A multivariate approach},
  author={Fairclough, Stephen H and Venables, Louise},
  journal={Biological psychology},
  volume={71},
  number={1},
  pages={100--110},
  year={2006},
  publisher={Elsevier}
}

@article{gupta2016daisee,
  title={Daisee: Towards user engagement recognition in the wild},
  author={Gupta, Abhay and D'Cunha, Arjun and Awasthi, Kamal and Balasubramanian, Vineeth},
  journal={arXiv preprint arXiv:1609.01885},
  year={2016}
}

@inproceedings{huang2019fine,
  title={Fine-grained engagement recognition in online learning environment},
  author={Huang, Tao and Mei, Yunshan and Zhang, Hao and Liu, Sanya and Yang, Huali},
  booktitle={2019 IEEE 9th international conference on electronics information and emergency communication (ICEIEC)},
  pages={338--341},
  year={2019},
  organization={IEEE}
}

@inproceedings{kamath2016crowdsourced,
  title={A crowdsourced approach to student engagement recognition in e-learning environments},
  author={Kamath, Aditya and Biswas, Aradhya and Balasubramanian, Vineeth},
  booktitle={2016 IEEE Winter Conference on Applications of Computer Vision (WACV)},
  pages={1--9},
  year={2016},
  organization={IEEE}
}

@article{khedher2019tracking,
  title={Tracking students’ mental engagement using EEG signals during an interaction with a virtual learning environment},
  author={Khedher, Asma Ben and Jraidi, Im{\`e}ne and Frasson, Claude and others},
  journal={Journal of Intelligent Learning Systems and Applications},
  volume={11},
  number={01},
  pages={1},
  year={2019},
  publisher={Scientific Research Publishing}
}

@article{liao2021deep,
  title={Deep facial spatiotemporal network for engagement prediction in online learning},
  author={Liao, Jiacheng and Liang, Yan and Pan, Jiahui},
  journal={Applied Intelligence},
  volume={51},
  number={10},
  pages={6609--6621},
  year={2021},
  publisher={Springer}
}

@article{mehta2022three,
  title={Three-dimensional DenseNet self-attention neural network for automatic detection of student’s engagement},
  author={Mehta, Naval Kishore and Prasad, Shyam Sunder and Saurav, Sumeet and Saini, Ravi and Singh, Sanjay},
  journal={Applied Intelligence},
  pages={1--21},
  year={2022},
  publisher={Springer}
}

@inproceedings{mohamad2020automatic,
  title={Automatic recognition of student engagement using deep learning and facial expression},
  author={Mohamad Nezami, Omid and Dras, Mark and Hamey, Len and Richards, Deborah and Wan, Stephen and Paris, C{\'e}cile},
  booktitle={Joint European Conference on Machine Learning and Knowledge Discovery in Databases},
  pages={273--289},
  year={2020},
  organization={Springer}
}

@article{monkaresi2016automated,
  title={Automated detection of engagement using video-based estimation of facial expressions and heart rate},
  author={Monkaresi, Hamed and Bosch, Nigel and Calvo, Rafael A and D'Mello, Sidney K},
  journal={IEEE Transactions on Affective Computing},
  volume={8},
  number={1},
  pages={15--28},
  year={2016},
  publisher={IEEE}
}

@inproceedings{niu2018automatic,
  title={Automatic engagement prediction with GAP feature},
  author={Niu, Xuesong and Han, Hu and Zeng, Jiabei and Sun, Xuran and Shan, Shiguang and Huang, Yan and Yang, Songfan and Chen, Xilin},
  booktitle={Proceedings of the 20th ACM International Conference on Multimodal Interaction},
  pages={599--603},
  year={2018}
}

@article{o2010development,
  title={The development and evaluation of a survey to measure user engagement},
  author={O'Brien, Heather L and Toms, Elaine G},
  journal={Journal of the American Society for Information Science and Technology},
  volume={61},
  number={1},
  pages={50--69},
  year={2010},
  publisher={Wiley Online Library}
}

@article{saneiro2014towards,
  title={Towards emotion detection in educational scenarios from facial expressions and body movements through multimodal approaches},
  author={Saneiro, Mar and Santos, Olga C and Salmeron-Majadas, Sergio and Boticario, Jesus G},
  journal={The Scientific World Journal},
  volume={2014},
  year={2014},
  publisher={Hindawi}
}

@inproceedings{schulc2019automatic,
  title={Automatic measurement of visual attention to video content using deep learning},
  author={Schulc, Attila and Cohn, Jeffrey F and Shen, Jie and Pantic, Maja},
  booktitle={2019 16th International Conference on Machine Vision Applications (MVA)},
  pages={1--6},
  year={2019},
  organization={IEEE}}

@article{whitehill2014faces,
  title={The faces of engagement: Automatic recognition of student engagementfrom facial expressions},
  author={Whitehill, Jacob and Serpell, Zewelanji and Lin, Yi-Ching and Foster, Aysha and Movellan, Javier R},
  journal={IEEE Transactions on Affective Computing},
  volume={5},
  number={1},
  pages={86--98},
  year={2014},
  publisher={IEEE}
}

@inproceedings{yan2022multiview,
  title={Multiview transformers for video recognition},
  author={Yan, Shen and Xiong, Xuehan and Arnab, Anurag and Lu, Zhichao and Zhang, Mi and Sun, Chen and Schmid, Cordelia},
  booktitle={Proceedings of the IEEE/CVF Conference on Computer Vision and Pattern Recognition},
  pages={3333--3343},
  year={2022}
}

@inproceedings{yang2018deep,
  title={Deep recurrent multi-instance learning with spatio-temporal features for engagement intensity prediction},
  author={Yang, Jianfei and Wang, Kai and Peng, Xiaojiang and Qiao, Yu},
  booktitle={Proceedings of the 20th ACM international conference on multimodal interaction},
  pages={594--598},
  year={2018}
}

@inproceedings{zhang2019novel,
  title={An novel end-to-end network for automatic student engagement recognition},
  author={Zhang, Hao and Xiao, Xiaofan and Huang, Tao and Liu, Sanya and Xia, Yu and Li, Jia},
  booktitle={2019 IEEE 9th International Conference on Electronics Information and Emergency Communication (ICEIEC)},
  pages={342--345},
  year={2019},
  organization={IEEE}
}

