@inproceedings{10.5555/645529.657801,
author = {Ng, Andrew Y. and Russell, Stuart J.},
title = {Algorithms for Inverse Reinforcement Learning},
year = {2000},
isbn = {1558607072},
publisher = {Morgan Kaufmann Publishers Inc.},
address = {San Francisco, CA, USA},
booktitle = {Proceedings of the Seventeenth International Conference on Machine Learning},
pages = {663â€“670},
numpages = {8},
series = {ICML '00}
}

@misc{DPO-zh-en-emoji2024,
  author = {Xinlu Lai, shareAI},
  title = {The DPO Dataset for Chinese and English with emoji},
  year = {2024},
  publisher = {huggingface},
  journal = {huggingface repository},
  howpublished = {\url{https://huggingface.co/datasets/shareAI/DPO-zh-en-emoji}}
}

@misc{Yang_Kyara_2024,
  author = {Yang, Kai-Chou},
  doi = {10.5281/zenodo.14001626},
  month = oct,
  title = {{Kyara}},
  url = {https://github.com/zake7749/Kyara},
  version = {1.0.0},
  year = {2024}
}

@misc{bai2022traininghelpfulharmlessassistant,
      title={Training a Helpful and Harmless Assistant with Reinforcement Learning from Human Feedback}, 
      author={Yuntao Bai and Andy Jones and Kamal Ndousse and Amanda Askell and Anna Chen and Nova DasSarma and Dawn Drain and Stanislav Fort and Deep Ganguli and Tom Henighan and Nicholas Joseph and Saurav Kadavath and Jackson Kernion and Tom Conerly and Sheer El-Showk and Nelson Elhage and Zac Hatfield-Dodds and Danny Hernandez and Tristan Hume and Scott Johnston and Shauna Kravec and Liane Lovitt and Neel Nanda and Catherine Olsson and Dario Amodei and Tom Brown and Jack Clark and Sam McCandlish and Chris Olah and Ben Mann and Jared Kaplan},
      year={2022},
      eprint={2204.05862},
      archivePrefix={arXiv},
      primaryClass={cs.CL},
      url={https://arxiv.org/abs/2204.05862}, 
}

@misc{brown2019deepbayesianrewardlearning,
      title={Deep Bayesian Reward Learning from Preferences}, 
      author={Daniel S. Brown and Scott Niekum},
      year={2019},
      eprint={1912.04472},
      archivePrefix={arXiv},
      primaryClass={cs.LG},
      url={https://arxiv.org/abs/1912.04472}, 
}

@misc{cui2023ultrafeedback,
      title={UltraFeedback: Boosting Language Models with High-quality Feedback}, 
      author={Ganqu Cui and Lifan Yuan and Ning Ding and Guanming Yao and Wei Zhu and Yuan Ni and Guotong Xie and Zhiyuan Liu and Maosong Sun},
      year={2023},
      eprint={2310.01377},
      archivePrefix={arXiv},
      primaryClass={cs.CL}
}

@misc{frick2024evaluaterewardmodelsrlhf,
      title={How to Evaluate Reward Models for RLHF}, 
      author={Evan Frick and Tianle Li and Connor Chen and Wei-Lin Chiang and Anastasios N. Angelopoulos and Jiantao Jiao and Banghua Zhu and Joseph E. Gonzalez and Ion Stoica},
      year={2024},
      eprint={2410.14872},
      archivePrefix={arXiv},
      primaryClass={cs.LG},
      url={https://arxiv.org/abs/2410.14872}, 
}

@misc{gureja2024mrewardbenchevaluatingrewardmodels,
      title={M-RewardBench: Evaluating Reward Models in Multilingual Settings}, 
      author={Srishti Gureja and Lester James V. Miranda and Shayekh Bin Islam and Rishabh Maheshwary and Drishti Sharma and Gusti Winata and Nathan Lambert and Sebastian Ruder and Sara Hooker and Marzieh Fadaee},
      year={2024},
      eprint={2410.15522},
      archivePrefix={arXiv},
      primaryClass={cs.CL},
      url={https://arxiv.org/abs/2410.15522}, 
}

@misc{hou2024chatglmrlhfpracticesaligninglarge,
      title={ChatGLM-RLHF: Practices of Aligning Large Language Models with Human Feedback}, 
      author={Zhenyu Hou and Yilin Niu and Zhengxiao Du and Xiaohan Zhang and Xiao Liu and Aohan Zeng and Qinkai Zheng and Minlie Huang and Hongning Wang and Jie Tang and Yuxiao Dong},
      year={2024},
      eprint={2404.00934},
      archivePrefix={arXiv},
      primaryClass={cs.CL},
      url={https://arxiv.org/abs/2404.00934}, 
}

@misc{huozi,
    author = {Huozi-Team},
    title = {Huozi: Leveraging Large Language Models for Enhanced Open-Domain Chatting},
    year = {2024},
    publisher = {GitHub},
    journal = {GitHub repository},
    howpublished = {\url{https://github.com/HIT-SCIR/huozi}}
}

@misc{kim2024evaluatingrobustnessrewardmodels,
      title={Evaluating Robustness of Reward Models for Mathematical Reasoning}, 
      author={Sunghwan Kim and Dongjin Kang and Taeyoon Kwon and Hyungjoo Chae and Jungsoo Won and Dongha Lee and Jinyoung Yeo},
      year={2024},
      eprint={2410.01729},
      archivePrefix={arXiv},
      primaryClass={cs.LG},
      url={https://arxiv.org/abs/2410.01729}, 
}

@misc{lambert2024rewardbenchevaluatingrewardmodels,
      title={RewardBench: Evaluating Reward Models for Language Modeling}, 
      author={Nathan Lambert and Valentina Pyatkin and Jacob Morrison and LJ Miranda and Bill Yuchen Lin and Khyathi Chandu and Nouha Dziri and Sachin Kumar and Tom Zick and Yejin Choi and Noah A. Smith and Hannaneh Hajishirzi},
      year={2024},
      eprint={2403.13787},
      archivePrefix={arXiv},
      primaryClass={cs.LG},
      url={https://arxiv.org/abs/2403.13787}, 
}

@misc{lin2024baichuanalignmenttechnicalreport,
      title={Baichuan Alignment Technical Report}, 
      author={Mingan Lin and Fan Yang and Yanjun Shen and Haoze Sun and Tianpeng Li and Tao Zhang and Chenzheng Zhu and Tao Zhang and Miao Zheng and Xu Li and Yijie Zhou and Mingyang Chen and Yanzhao Qin and Youquan Li and Hao Liang and Fei Li and Yadong Li and Mang Wang and Guosheng Dong and Kun Fang and Jianhua Xu and Bin Cui and Wentao Zhang and Zenan Zhou and Weipeng Chen},
      year={2024},
      eprint={2410.14940},
      archivePrefix={arXiv},
      primaryClass={cs.LG},
      url={https://arxiv.org/abs/2410.14940}, 
}

@misc{liu2024rmbenchbenchmarkingrewardmodels,
      title={RM-Bench: Benchmarking Reward Models of Language Models with Subtlety and Style}, 
      author={Yantao Liu and Zijun Yao and Rui Min and Yixin Cao and Lei Hou and Juanzi Li},
      year={2024},
      eprint={2410.16184},
      archivePrefix={arXiv},
      primaryClass={cs.CL},
      url={https://arxiv.org/abs/2410.16184}, 
}

@misc{nakano2022webgptbrowserassistedquestionansweringhuman,
      title={WebGPT: Browser-assisted question-answering with human feedback}, 
      author={Reiichiro Nakano and Jacob Hilton and Suchir Balaji and Jeff Wu and Long Ouyang and Christina Kim and Christopher Hesse and Shantanu Jain and Vineet Kosaraju and William Saunders and Xu Jiang and Karl Cobbe and Tyna Eloundou and Gretchen Krueger and Kevin Button and Matthew Knight and Benjamin Chess and John Schulman},
      year={2022},
      eprint={2112.09332},
      archivePrefix={arXiv},
      primaryClass={cs.CL},
      url={https://arxiv.org/abs/2112.09332}, 
}

@misc{ouyang2022traininglanguagemodelsfollow,
      title={Training language models to follow instructions with human feedback}, 
      author={Long Ouyang and Jeff Wu and Xu Jiang and Diogo Almeida and Carroll L. Wainwright and Pamela Mishkin and Chong Zhang and Sandhini Agarwal and Katarina Slama and Alex Ray and John Schulman and Jacob Hilton and Fraser Kelton and Luke Miller and Maddie Simens and Amanda Askell and Peter Welinder and Paul Christiano and Jan Leike and Ryan Lowe},
      year={2022},
      eprint={2203.02155},
      archivePrefix={arXiv},
      primaryClass={cs.CL},
      url={https://arxiv.org/abs/2203.02155}, 
}

@misc{palan2019learningrewardfunctionsintegrating,
      title={Learning Reward Functions by Integrating Human Demonstrations and Preferences}, 
      author={Malayandi Palan and Nicholas C. Landolfi and Gleb Shevchuk and Dorsa Sadigh},
      year={2019},
      eprint={1906.08928},
      archivePrefix={arXiv},
      primaryClass={cs.RO},
      url={https://arxiv.org/abs/1906.08928}, 
}

@misc{son2024llmasajudgerewardmodel,
      title={LLM-as-a-Judge \& Reward Model: What They Can and Cannot Do}, 
      author={Guijin Son and Hyunwoo Ko and Hoyoung Lee and Yewon Kim and Seunghyeok Hong},
      year={2024},
      eprint={2409.11239},
      archivePrefix={arXiv},
      primaryClass={cs.CL},
      url={https://arxiv.org/abs/2409.11239}, 
}

@misc{starling2023,
  title = {Starling-7B: Improving LLM Helpfulness \& Harmlessness with RLAIF},
  author = {Zhu, Banghua and Frick, Evan and Wu, Tianhao and Zhu, Hanlin and Jiao, Jiantao},
  month = {November},
  year = {2023}
}

@misc{stiennon2022learningsummarizehumanfeedback,
      title={Learning to summarize from human feedback}, 
      author={Nisan Stiennon and Long Ouyang and Jeff Wu and Daniel M. Ziegler and Ryan Lowe and Chelsea Voss and Alec Radford and Dario Amodei and Paul Christiano},
      year={2022},
      eprint={2009.01325},
      archivePrefix={arXiv},
      primaryClass={cs.CL},
      url={https://arxiv.org/abs/2009.01325}, 
}

@misc{xu2023cvalues,
      title={CValues: Measuring the Values of Chinese Large Language Models from Safety to Responsibility}, 
      author={Guohai Xu and Jiayi Liu and Ming Yan and Haotian Xu and Jinghui Si and Zhuoran Zhou and Peng Yi and Xing Gao and Jitao Sang and Rong Zhang and Ji Zhang and Chao Peng and Fei Huang and Jingren Zhou},
      year={2023},
      eprint={2307.09705},
      archivePrefix={arXiv},
      primaryClass={cs.CL}
}

@misc{yu2024codepmpscalablepreferencemodel,
      title={CodePMP: Scalable Preference Model Pretraining for Large Language Model Reasoning}, 
      author={Huimu Yu and Xing Wu and Weidong Yin and Debing Zhang and Songlin Hu},
      year={2024},
      eprint={2410.02229},
      archivePrefix={arXiv},
      primaryClass={cs.AI},
      url={https://arxiv.org/abs/2410.02229}, 
}

@misc{zheng2023judging,
      title={Judging LLM-as-a-judge with MT-Bench and Chatbot Arena}, 
      author={Lianmin Zheng and Wei-Lin Chiang and Ying Sheng and Siyuan Zhuang and Zhanghao Wu and Yonghao Zhuang and Zi Lin and Zhuohan Li and Dacheng Li and Eric. P Xing and Hao Zhang and Joseph E. Gonzalez and Ion Stoica},
      year={2023},
      eprint={2306.05685},
      archivePrefix={arXiv},
      primaryClass={cs.CL}
}

@misc{zhihu_rlhf_3k,
  author       = {Li Yucheng},
  title        = {3,000 Chinese Zhihu Q\&A Preference Dataset},
  year         = {2023},
  url          = {https://huggingface.co/datasets/liyucheng/zhihu_rlhf_3k},
  howpublished = {\url{https://huggingface.co/datasets/liyucheng/zhihu_rlhf_3k}}
}

@misc{zhou2024rmbcomprehensivelybenchmarkingreward,
      title={RMB: Comprehensively Benchmarking Reward Models in LLM Alignment}, 
      author={Enyu Zhou and Guodong Zheng and Binghai Wang and Zhiheng Xi and Shihan Dou and Rong Bao and Wei Shen and Limao Xiong and Jessica Fan and Yurong Mou and Rui Zheng and Tao Gui and Qi Zhang and Xuanjing Huang},
      year={2024},
      eprint={2410.09893},
      archivePrefix={arXiv},
      primaryClass={cs.CL},
      url={https://arxiv.org/abs/2410.09893}, 
}

