@inproceedings{Wang_2021,
   title={SpAtten: Efficient Sparse Attention Architecture with Cascade Token and Head Pruning},
   url={http://dx.doi.org/10.1109/HPCA51647.2021.00018},
   DOI={10.1109/hpca51647.2021.00018},
   booktitle={2021 IEEE International Symposium on High-Performance Computer Architecture (HPCA)},
   publisher={IEEE},
   author={Wang, Hanrui and Zhang, Zhekai and Han, Song},
   year={2021},
   month=feb }

@misc{adiga2024attention,
      title={Attention Speaks Volumes: Localizing and Mitigating Bias in Language Models}, 
      author={Rishabh Adiga and Besmira Nushi and Varun Chandrasekaran},
      year={2024},
      eprint={2410.22517},
      archivePrefix={arXiv},
      primaryClass={cs.CL},
      url={https://arxiv.org/abs/2410.22517}, 
}

@misc{bai2024measuringimplicitbiasexplicitly,
      title={Measuring Implicit Bias in Explicitly Unbiased Large Language Models}, 
      author={Xuechunzi Bai and Angelina Wang and Ilia Sucholutsky and Thomas L. Griffiths},
      year={2024},
      eprint={2402.04105},
      archivePrefix={arXiv},
      primaryClass={cs.CY},
      url={https://arxiv.org/abs/2402.04105}, 
}

@article{borah2024towards,
  title={Towards Implicit Bias Detection and Mitigation in Multi-Agent LLM Interactions},
  author={Borah, Angana and Mihalcea, Rada},
  journal={arXiv preprint arXiv:2410.02584},
  year={2024}
}

@misc{chang2024localizationmethodsactuallylocalize,
      title={Do Localization Methods Actually Localize Memorized Data in LLMs? A Tale of Two Benchmarks}, 
      author={Ting-Yun Chang and Jesse Thomason and Robin Jia},
      year={2024},
      eprint={2311.09060},
      archivePrefix={arXiv},
      primaryClass={cs.CL},
      url={https://arxiv.org/abs/2311.09060}, 
}

@misc{chavhan2024memorizedimagesdiffusionmodels,
      title={Memorized Images in Diffusion Models share a Subspace that can be Located and Deleted}, 
      author={Ruchika Chavhan and Ondrej Bohdal and Yongshuo Zong and Da Li and Timothy Hospedales},
      year={2024},
      eprint={2406.18566},
      archivePrefix={arXiv},
      primaryClass={cs.CV},
      url={https://arxiv.org/abs/2406.18566}, 
}

@online{durmus2024steering,
author = {Esin Durmus and Alex Tamkin and Jack Clark and Jerry Wei and Jonathan Marcus and Joshua Batson and Kunal Handa and Liane Lovitt and Meg Tong and Miles McCain and Oliver Rausch and Saffron Huang and Sam Bowman and Stuart Ritchie and Tom Henighan and Deep Ganguli},
title = {Evaluating Feature Steering: A Case Study in Mitigating Social Biases},
date = {2024-10-25},
year = {2024},
url = {https://anthropic.com/research/evaluating-feature-steering},
}

@misc{eloundou2024firstpersonfairnesschatbots,
      title={First-Person Fairness in Chatbots}, 
      author={Tyna Eloundou and Alex Beutel and David G. Robinson and Keren Gu-Lemberg and Anna-Luisa Brakman and Pamela Mishkin and Meghan Shah and Johannes Heidecke and Lilian Weng and Adam Tauman Kalai},
      year={2024},
      eprint={2410.19803},
      archivePrefix={arXiv},
      primaryClass={cs.CY},
      url={https://arxiv.org/abs/2410.19803}, 
}

@article{erman2024democratization,
  title={The democratization of global AI governance and the role of tech companies},
  author={Erman, Eva and Furendal, Markus},
  journal={Nature Machine Intelligence},
  volume={6},
  number={3},
  pages={246--248},
  year={2024},
  publisher={Nature Publishing Group UK London}
}

@article{ferrara2023should,
  title={Should chatgpt be biased? challenges and risks of bias in large language models},
  author={Ferrara, Emilio},
  journal={arXiv preprint arXiv:2304.03738},
  year={2023}
}

@article{ganguli2023capacity,
  title={The capacity for moral self-correction in large language models},
  author={Ganguli, Deep and Askell, Amanda and Schiefer, Nicholas and Liao, Thomas I and Luko{\v{s}}i{\=u}t{\.e}, Kamil{\.e} and Chen, Anna and Goldie, Anna and Mirhoseini, Azalia and Olsson, Catherine and Hernandez, Danny and others},
  journal={arXiv preprint arXiv:2302.07459},
  year={2023}
}

@misc{haim2024whatsnameauditinglarge,
      title={What's in a Name? Auditing Large Language Models for Race and Gender Bias}, 
      author={Amit Haim and Alejandro Salinas and Julian Nyarko},
      year={2024},
      eprint={2402.14875},
      archivePrefix={arXiv},
      primaryClass={cs.CL},
      url={https://arxiv.org/abs/2402.14875}, 
}

@phdthesis{jain2024ethical,
  title={Ethical AI: A Policy Framework to Regulate Bias in Large Language Models},
  author={Jain, Anuj},
  year={2024}
}

@inproceedings{klyman2024acceptable,
  title={Acceptable Use Policies for Foundation Models},
  author={Klyman, Kevin},
  booktitle={Proceedings of the AAAI/ACM Conference on AI, Ethics, and Society},
  volume={7},
  pages={752--767},
  year={2024}
}

@misc{manvi2024largelanguagemodelsgeographically,
      title={Large Language Models are Geographically Biased}, 
      author={Rohin Manvi and Samar Khanna and Marshall Burke and David Lobell and Stefano Ermon},
      year={2024},
      eprint={2402.02680},
      archivePrefix={arXiv},
      primaryClass={cs.CL},
      url={https://arxiv.org/abs/2402.02680}, 
}

@article{mesko2023imperative,
  title={The imperative for regulatory oversight of large language models (or generative AI) in healthcare},
  author={Mesk{\'o}, Bertalan and Topol, Eric J},
  journal={NPJ digital medicine},
  volume={6},
  number={1},
  pages={120},
  year={2023},
  publisher={Nature Publishing Group UK London}
}

@misc{paulo2024automaticallyinterpretingmillionsfeatures,
      title={Automatically Interpreting Millions of Features in Large Language Models}, 
      author={Gon√ßalo Paulo and Alex Mallen and Caden Juang and Nora Belrose},
      year={2024},
      eprint={2410.13928},
      archivePrefix={arXiv},
      primaryClass={cs.LG},
      url={https://arxiv.org/abs/2410.13928}, 
}

@inproceedings{salinas2023unequal,
  title={The unequal opportunities of large language models: Examining demographic biases in job recommendations by chatgpt and llama},
  author={Salinas, Abel and Shah, Parth and Huang, Yuzhong and McCormack, Robert and Morstatter, Fred},
  booktitle={Proceedings of the 3rd ACM Conference on Equity and Access in Algorithms, Mechanisms, and Optimization},
  pages={1--15},
  year={2023}
}

@misc{seshadri2025doesgiantnumberpile,
      title={Who Does the Giant Number Pile Like Best: Analyzing Fairness in Hiring Contexts}, 
      author={Preethi Seshadri and Seraphina Goldfarb-Tarrant},
      year={2025},
      eprint={2501.04316},
      archivePrefix={arXiv},
      primaryClass={cs.CL},
      url={https://arxiv.org/abs/2501.04316}, 
}

@misc{sun2024simpleeffectivepruningapproach,
      title={A Simple and Effective Pruning Approach for Large Language Models}, 
      author={Mingjie Sun and Zhuang Liu and Anna Bair and J. Zico Kolter},
      year={2024},
      eprint={2306.11695},
      archivePrefix={arXiv},
      primaryClass={cs.CL},
      url={https://arxiv.org/abs/2306.11695}, 
}

@article{templeton2024scaling,
       title={Scaling Monosemanticity: Extracting Interpretable Features from Claude 3 Sonnet},
       author={Templeton, Adly and Conerly, Tom and Marcus, Jonathan and Lindsey, Jack and Bricken, Trenton and Chen, Brian and Pearce, Adam and Citro, Craig and Ameisen, Emmanuel and Jones, Andy and Cunningham, Hoagy and Turner, Nicholas L and McDougall, Callum and MacDiarmid, Monte and Freeman, C. Daniel and Sumers, Theodore R. and Rees, Edward and Batson, Joshua and Jermyn, Adam and Carter, Shan and Olah, Chris and Henighan, Tom},
       year={2024},
       journal={Transformer Circuits Thread},
       url={https://transformer-circuits.pub/2024/scaling-monosemanticity/index.html}
    }

@article{voita2019analyzing,
  title={Analyzing multi-head self-attention: Specialized heads do the heavy lifting, the rest can be pruned},
  author={Voita, Elena and Talbot, David and Moiseev, Fedor and Sennrich, Rico and Titov, Ivan},
  journal={arXiv preprint arXiv:1905.09418},
  year={2019}
}

@misc{wei2024assessingbrittlenesssafetyalignment,
      title={Assessing the Brittleness of Safety Alignment via Pruning and Low-Rank Modifications}, 
      author={Boyi Wei and Kaixuan Huang and Yangsibo Huang and Tinghao Xie and Xiangyu Qi and Mengzhou Xia and Prateek Mittal and Mengdi Wang and Peter Henderson},
      year={2024},
      eprint={2402.05162},
      archivePrefix={arXiv},
      primaryClass={cs.LG},
      url={https://arxiv.org/abs/2402.05162}, 
}

@misc{wu2024retrievalheadmechanisticallyexplains,
      title={Retrieval Head Mechanistically Explains Long-Context Factuality}, 
      author={Wenhao Wu and Yizhong Wang and Guangxuan Xiao and Hao Peng and Yao Fu},
      year={2024},
      eprint={2404.15574},
      archivePrefix={arXiv},
      primaryClass={cs.CL},
      url={https://arxiv.org/abs/2404.15574}, 
}

@misc{yang2024biasaheadanalyzingbias,
      title={Bias A-head? Analyzing Bias in Transformer-Based Language Model Attention Heads}, 
      author={Yi Yang and Hanyu Duan and Ahmed Abbasi and John P. Lalor and Kar Yan Tam},
      year={2024},
      eprint={2311.10395},
      archivePrefix={arXiv},
      primaryClass={cs.CL},
      url={https://arxiv.org/abs/2311.10395}, 
}

@misc{yang2024mitigatingbiasesinstructionfollowinglanguage,
      title={Mitigating Biases for Instruction-following Language Models via Bias Neurons Elimination}, 
      author={Nakyeong Yang and Taegwan Kang and Jungkyu Choi and Honglak Lee and Kyomin Jung},
      year={2024},
      eprint={2311.09627},
      archivePrefix={arXiv},
      primaryClass={cs.AI},
      url={https://arxiv.org/abs/2311.09627}, 
}

@misc{zayed2023FairnessAwarePruning,
      title={Fairness-Aware Structured Pruning in Transformers}, 
      author={Abdelrahman Zayed and Goncalo Mordido and Samira Shabanian and Ioana Baldini and Sarath Chandar},
      year={2023},
      eprint={2312.15398},
      archivePrefix={arXiv},
      primaryClass={cs.CL},
      url={https://arxiv.org/abs/2312.15398}, 
}

@article{zeng2024air,
  title={Air-bench 2024: A safety benchmark based on risk categories from regulations and policies},
  author={Zeng, Yi and Yang, Yu and Zhou, Andy and Tan, Jeffrey Ziwei and Tu, Yuheng and Mai, Yifan and Klyman, Kevin and Pan, Minzhou and Jia, Ruoxi and Song, Dawn and others},
  journal={arXiv preprint arXiv:2407.17436},
  year={2024}
}

@misc{zeng2024airiskcategorizationdecoded,
      title={AI Risk Categorization Decoded (AIR 2024): From Government Regulations to Corporate Policies}, 
      author={Yi Zeng and Kevin Klyman and Andy Zhou and Yu Yang and Minzhou Pan and Ruoxi Jia and Dawn Song and Percy Liang and Bo Li},
      year={2024},
      eprint={2406.17864},
      archivePrefix={arXiv},
      primaryClass={cs.CY},
      url={https://arxiv.org/abs/2406.17864}, 
}

@article{zhang2021know,
  title={Know what you don't need: Single-Shot Meta-Pruning for attention heads},
  author={Zhang, Zhengyan and Qi, Fanchao and Liu, Zhiyuan and Liu, Qun and Sun, Maosong},
  journal={AI Open},
  volume={2},
  pages={36--42},
  year={2021},
  publisher={Elsevier}
}

