@misc{zayed2023FairnessAwarePruning,
      title={Fairness-Aware Structured Pruning in Transformers}, 
      author={Abdelrahman Zayed and Goncalo Mordido and Samira Shabanian and Ioana Baldini and Sarath Chandar},
      year={2023},
      eprint={2312.15398},
      archivePrefix={arXiv},
      primaryClass={cs.CL},
      url={https://arxiv.org/abs/2312.15398}, 
}

@misc{haim2024whatsnameauditinglarge,
      title={What's in a Name? Auditing Large Language Models for Race and Gender Bias}, 
      author={Amit Haim and Alejandro Salinas and Julian Nyarko},
      year={2024},
      eprint={2402.14875},
      archivePrefix={arXiv},
      primaryClass={cs.CL},
      url={https://arxiv.org/abs/2402.14875}, 
}

@article{ferrara2023should,
  title={Should chatgpt be biased? challenges and risks of bias in large language models},
  author={Ferrara, Emilio},
  journal={arXiv preprint arXiv:2304.03738},
  year={2023}
}

@article{mansoor2024evaluating,
  title={Evaluating the accuracy and reliability of large language models in assisting with pediatric differential diagnoses: A multicenter diagnostic study},
  author={Mansoor, Masab A and Ibrahim, Andrew F and Grindem, David J and Baig, Asad},
  journal={medRxiv},
  pages={2024--08},
  year={2024},
  publisher={Cold Spring Harbor Laboratory Press}
}

@article{cain2024prompting,
  title={Prompting change: exploring prompt engineering in large language model AI and its potential to transform education},
  author={Cain, William},
  journal={TechTrends},
  volume={68},
  number={1},
  pages={47--57},
  year={2024},
  publisher={Springer}
}

@misc{pew2025chatgpt,
  author = {{Pew Research Center}},
  title = {About a Quarter of U.S. Teens Have Used ChatGPT for Schoolwork, Double the Share in 2023},
  year = {2025},
  url = {https://www.pewresearch.org/short-reads/2025/01/15/about-a-quarter-of-us-teens-have-used-chatgpt-for-schoolwork-double-the-share-in-2023/},
  note = {Accessed: 2025-01-22}
}

@inproceedings{poncibo2025comparative,
  title={Comparative perspectives on the regulation of large language models},
  author={Poncib{\`o}, Cristina and Ebers, Martin},
  booktitle={Cambridge Forum on AI: Law and Governance},
  volume={1},
  pages={e10},
  year={2025},
  organization={Cambridge University Press}
}

@article{erman2024democratization,
  title={The democratization of global AI governance and the role of tech companies},
  author={Erman, Eva and Furendal, Markus},
  journal={Nature Machine Intelligence},
  volume={6},
  number={3},
  pages={246--248},
  year={2024},
  publisher={Nature Publishing Group UK London}
}

@article{zeng2024air,
  title={Air-bench 2024: A safety benchmark based on risk categories from regulations and policies},
  author={Zeng, Yi and Yang, Yu and Zhou, Andy and Tan, Jeffrey Ziwei and Tu, Yuheng and Mai, Yifan and Klyman, Kevin and Pan, Minzhou and Jia, Ruoxi and Song, Dawn and others},
  journal={arXiv preprint arXiv:2407.17436},
  year={2024}
}

@misc{zeng2024airiskcategorizationdecoded,
      title={AI Risk Categorization Decoded (AIR 2024): From Government Regulations to Corporate Policies}, 
      author={Yi Zeng and Kevin Klyman and Andy Zhou and Yu Yang and Minzhou Pan and Ruoxi Jia and Dawn Song and Percy Liang and Bo Li},
      year={2024},
      eprint={2406.17864},
      archivePrefix={arXiv},
      primaryClass={cs.CY},
      url={https://arxiv.org/abs/2406.17864}, 
}

@inproceedings{klyman2024acceptable,
  title={Acceptable Use Policies for Foundation Models},
  author={Klyman, Kevin},
  booktitle={Proceedings of the AAAI/ACM Conference on AI, Ethics, and Society},
  volume={7},
  pages={752--767},
  year={2024}
}

@article{mesko2023imperative,
  title={The imperative for regulatory oversight of large language models (or generative AI) in healthcare},
  author={Mesk{\'o}, Bertalan and Topol, Eric J},
  journal={NPJ digital medicine},
  volume={6},
  number={1},
  pages={120},
  year={2023},
  publisher={Nature Publishing Group UK London}
}

@phdthesis{jain2024ethical,
  title={Ethical AI: A Policy Framework to Regulate Bias in Large Language Models},
  author={Jain, Anuj},
  year={2024}
}

@article{
facebook_nyarko,
author = {Ben Grunwald  and Julian Nyarko  and John Rappaport },
title = {Police agencies on Facebook overreport on Black suspects},
journal = {Proceedings of the National Academy of Sciences},
volume = {119},
number = {45},
pages = {e2203089119},
year = {2022},
doi = {10.1073/pnas.2203089119},
URL = {https://www.pnas.org/doi/abs/10.1073/pnas.2203089119},
eprint = {https://www.pnas.org/doi/pdf/10.1073/pnas.2203089119}
}


@misc{LarsenKuspert2024,
  author = {Larsen, Benjamin Cedric and K{\"u}spert, Sabrina},
  title = {Regulating general-purpose AI: Areas of convergence and divergence across the EU and the US},
  howpublished = {\url{https://www.brookings.edu/articles/regulating-general-purpose-ai-areas-of-convergence-and-divergence-across-the-eu-and-the-us/}},
  note = {Brookings Institution, published May 21, 2024.},
  year = {2024},
  urldate = {2025-01-22}
}


@misc{eu2021aiact,
  title={Proposal for a Regulation of the European Parliament and of the Council Laying Down Harmonised Rules on Artificial Intelligence (Artificial Intelligence Act)},
  author={{European Commission}},
  howpublished={Brussels, 21.4.2021 COM(2021) 206 final},
  year={2021},
  note={\url{https://eur-lex.europa.eu/legal-content/EN/TXT/?uri=COM\%3A2021\%3A206\%3AFIN}}
}

@misc{whitehouse2023ai,
  title={Executive Order on Safe, Secure, and Trustworthy Artificial Intelligence},
  author={{The White House}},
  howpublished={\url{https://www.whitehouse.gov/}},
  year={2023},
  note={Issued October 30, 2023, Accessed: Month Day, Year}
}

@article{pregnancy_bias,
author = {Saluja, Bani and Bryant, Zenobia},
title = {How Implicit Bias Contributes to Racial Disparities in Maternal Morbidity and Mortality in the United States},
journal = {Journal of Women's Health},
volume = {30},
number = {2},
pages = {270-273},
year = {2021},
doi = {10.1089/jwh.2020.8874},
    note ={PMID: 33237843},
URL = { 
https://doi.org/10.1089/jwh.2020.8874
},
eprint = {https://doi.org/10.1089/jwh.2020.8874
}
}

@article{suspects_black,
 ISSN = {00925853, 15405907},
 URL = {http://www.jstor.org/stable/2669264},
 author = {Franklin D. Gilliam and Shanto Iyengar},
 journal = {American Journal of Political Science},
 number = {3},
 pages = {560--573},
 publisher = {[Midwest Political Science Association, Wiley]},
 title = {Prime Suspects: The Influence of Local Television News on the Viewing Public},
 urldate = {2025-01-22},
 volume = {44},
 year = {2000}
}

@article{perception_violent,
author = {Dixon, Travis L.},
title = {Crime News and Racialized Beliefs: Understanding the Relationship Between Local News Viewing and Perceptions of African Americans and Crime},
journal = {Journal of Communication},
volume = {58},
number = {1},
pages = {106-125},
doi = {https://doi.org/10.1111/j.1460-2466.2007.00376.x},
url = {https://onlinelibrary.wiley.com/doi/abs/10.1111/j.1460-2466.2007.00376.x},
eprint = {https://onlinelibrary.wiley.com/doi/pdf/10.1111/j.1460-2466.2007.00376.x},
year = {2008}
}

@inproceedings{laufer2024fine,
  title={Fine-Tuning Games: Bargaining and Adaptation for General-Purpose Models},
  author={Laufer, Benjamin and Kleinberg, Jon and Heidari, Hoda},
  booktitle={Proceedings of the ACM on Web Conference 2024},
  pages={66--76},
  year={2024}
}

@article{ferrara2023fairness,
  title={Fairness and bias in artificial intelligence: A brief survey of sources, impacts, and mitigation strategies},
  author={Ferrara, Emilio},
  journal={Sci},
  volume={6},
  number={1},
  pages={3},
  year={2023},
  publisher={MDPI}
}

@article{Xiang_2024, title={Fairness \&amp; Privacy in an Age of Generative AI}, volume={25}, url={https://journals.library.columbia.edu/index.php/stlr/article/view/12765}, DOI={10.52214/stlr.v25i2.12765}, number={2}, journal={Science and Technology Law Review}, author={Xiang, Alice}, year={2024}, month={Jun.} }

@article{hacker2024generative,
  title={Generative discrimination: What happens when generative AI exhibits bias, and what can be done about it},
  author={Hacker, Philipp and Mittelstadt, Brent and Borgesius, Frederik Zuiderveen and Wachter, Sandra},
  journal={arXiv preprint arXiv:2407.10329},
  year={2024}
}

@article{gautam2024melting,
  title={From melting pots to misrepresentations: Exploring harms in generative ai},
  author={Gautam, Sanjana and Venkit, Pranav Narayanan and Ghosh, Sourojit},
  journal={arXiv preprint arXiv:2403.10776},
  year={2024}
}

@article{chen2024overview,
  title={An overview of domain-specific foundation model: key technologies, applications and challenges},
  author={Chen, Haolong and Chen, Hanzhi and Zhao, Zijian and Han, Kaifeng and Zhu, Guangxu and Zhao, Yichen and Du, Ying and Xu, Wei and Shi, Qingjiang},
  journal={arXiv preprint arXiv:2409.04267},
  year={2024}
}

@article{xu2024economics,
  title={The Economics of AI Foundation Models: Openness, Competition, and Governance},
  author={Xu, Fasheng and Wang, Xiaoyu and Chen, Wei and Xie, Karen},
  journal={Competition, and Governance (August 11, 2024)},
  year={2024}
}

@incollection{kirshenman2019we,
  title={“We’d love to hire them, but…”: The meaning of race for employers},
  author={Kirshenman, Joleen and Neckerman, Kathryn M},
  booktitle={Race and ethnic conflict},
  pages={152--161},
  year={2019},
  publisher={Routledge}
}

@article{job_network,
author = {David S. Pedulla and Devah Pager},
title ={Race and Networks in the Job Search Process},
journal = {American Sociological Review},
volume = {84},
number = {6},
pages = {983-1012},
year = {2019},
doi = {10.1177/0003122419883255},
URL = { https://doi.org/10.1177/0003122419883255
},
eprint = { https://doi.org/10.1177/0003122419883255
}
}

@article{racist_cops,
author = {Vincent J. Roscigno and Kayla Preito-Hodge},
title ={Racist Cops, Vested “Blue” Interests, or Both? Evidence from Four Decades of the General Social Survey},
journal = {Socius},
volume = {7},
number = {},
pages = {2378023120980913},
year = {2021},
doi = {10.1177/2378023120980913},
URL = { https://doi.org/10.1177/2378023120980913
},
eprint = {  https://doi.org/10.1177/2378023120980913
}
}

@article{tv_perception,
 ISSN = {10659129},
 URL = {http://www.jstor.org/stable/3088078},
 author = {Franklin D. Gilliam and Nicholas A. Valentino and Matthew N. Beckmann},
 journal = {Political Research Quarterly},
 number = {4},
 pages = {755--780},
 publisher = {[University of Utah, Sage Publications, Inc.]},
 title = {Where You Live and What You Watch: The Impact of Racial Proximity and Local Television News on Attitudes about Race and Crime},
 urldate = {2025-01-22},
 volume = {55},
 year = {2002}
}

@article{
pnasSchool,
author = {Travis Riddle  and Stacey Sinclair },
title = {Racial disparities in school-based disciplinary actions are associated with county-level rates of racial bias},
journal = {Proceedings of the National Academy of Sciences},
volume = {116},
number = {17},
pages = {8255-8260},
year = {2019},
doi = {10.1073/pnas.1808307116},
URL = {https://www.pnas.org/doi/abs/10.1073/pnas.1808307116},
eprint = {https://www.pnas.org/doi/pdf/10.1073/pnas.1808307116}
}

@article{pierson2020large,
  title={A large-scale analysis of racial disparities in police stops across the United States},
  author={Pierson, Emma and Simoiu, Camelia and Overgoor, Jan and Corbett-Davies, Sam and Jenson, Daniel and Shoemaker, Amy and Ramachandran, Vignesh and Barghouty, Phoebe and Phillips, Cheryl and Shroff, Ravi and others},
  journal={Nature human behaviour},
  volume={4},
  number={7},
  pages={736--745},
  year={2020},
  publisher={Nature Publishing Group}
}

@inproceedings{kotek2023gender,
  title={Gender bias and stereotypes in large language models},
  author={Kotek, Hadas and Dockum, Rikker and Sun, David},
  booktitle={Proceedings of the ACM collective intelligence conference},
  pages={12--24},
  year={2023}
}

@article{bommasani2021opportunities,
  title={On the opportunities and risks of foundation models},
  author={Bommasani, Rishi and Hudson, Drew A and Adeli, Ehsan and Altman, Russ and Arora, Simran and von Arx, Sydney and Bernstein, Michael S and Bohg, Jeannette and Bosselut, Antoine and Brunskill, Emma and others},
  journal={arXiv preprint arXiv:2108.07258},
  year={2021}
}

@article{bresnahan2010general,
  title={General purpose technologies},
  author={Bresnahan, Timothy},
  journal={Handbook of the Economics of Innovation},
  volume={2},
  pages={761--791},
  year={2010},
  publisher={Elsevier}
}

@misc{lemonde2024ai,
  author = {Le Monde},
  title = {How AI is Shaking Up the Mental Health Community: "Rather Than Pay for Another Session, I'd Go on ChatGPT"},
  year = {2024},
  url = {https://www.lemonde.fr/en/pixels/article/2024/08/18/how-ai-is-shaking-up-the-mental-health-community-rather-than-pay-for-another-session-i-d-go-on-chatgpt_6717874_13.html},
  note = {Accessed: 2025-01-22}
}

@article{bewersdorff2025taking,
  title={Taking the next step with generative artificial intelligence: The transformative role of multimodal large language models in science education},
  author={Bewersdorff, Arne and Hartmann, Christian and Hornberger, Marie and Se{\ss}ler, Kathrin and Bannert, Maria and Kasneci, Enkelejda and Kasneci, Gjergji and Zhai, Xiaoming and Nerdel, Claudia},
  journal={Learning and Individual Differences},
  volume={118},
  pages={102601},
  year={2025},
  publisher={Elsevier}
}

@article{zhao2024revolutionizing,
  title={Revolutionizing finance with llms: An overview of applications and insights},
  author={Zhao, Huaqin and Liu, Zhengliang and Wu, Zihao and Li, Yiwei and Yang, Tianze and Shu, Peng and Xu, Shaochen and Dai, Haixing and Zhao, Lin and Mai, Gengchen and others},
  journal={arXiv preprint arXiv:2401.11641},
  year={2024}
}

@article{kim2024financial,
  title={Financial statement analysis with large language models},
  author={Kim, Alex and Muhn, Maximilian and Nikolaev, Valeri},
  journal={arXiv preprint arXiv:2407.17866},
  year={2024}
}

@article{singhal2025toward,
  title={Toward expert-level medical question answering with large language models},
  author={Singhal, Karan and Tu, Tao and Gottweis, Juraj and Sayres, Rory and Wulczyn, Ellery and Amin, Mohamed and Hou, Le and Clark, Kevin and Pfohl, Stephen R and Cole-Lewis, Heather and others},
  journal={Nature Medicine},
  pages={1--8},
  year={2025},
  publisher={Nature Publishing Group US New York}
}

@article{andrade2020SMD,
  author = {Andrade, Chittaranjan},
  title = {Mean Difference, Standardized Mean Difference (SMD), and Their Use in Meta-Analysis: As Simple as It Gets},
  journal = {Primary Care Companion for CNS Disorders},
  year = {2020},
  volume = {81},
  number = {5},
  pages = {},
  doi = {10.4088/JCP.20f13681},
}

@article{gaddis2017black,
  title={How black are Lakisha and Jamal? Racial perceptions from names used in correspondence audit studies},
  author={Gaddis, S Michael},
  journal={Sociological Science},
  volume={4},
  pages={469--489},
  year={2017}
}

@article{borah2024towards,
  title={Towards Implicit Bias Detection and Mitigation in Multi-Agent LLM Interactions},
  author={Borah, Angana and Mihalcea, Rada},
  journal={arXiv preprint arXiv:2410.02584},
  year={2024}
}


@article{ganguli2023capacity,
  title={The capacity for moral self-correction in large language models},
  author={Ganguli, Deep and Askell, Amanda and Schiefer, Nicholas and Liao, Thomas I and Luko{\v{s}}i{\=u}t{\.e}, Kamil{\.e} and Chen, Anna and Goldie, Anna and Mirhoseini, Azalia and Olsson, Catherine and Hernandez, Danny and others},
  journal={arXiv preprint arXiv:2302.07459},
  year={2023}
}

@misc{seshadri2025doesgiantnumberpile,
      title={Who Does the Giant Number Pile Like Best: Analyzing Fairness in Hiring Contexts}, 
      author={Preethi Seshadri and Seraphina Goldfarb-Tarrant},
      year={2025},
      eprint={2501.04316},
      archivePrefix={arXiv},
      primaryClass={cs.CL},
      url={https://arxiv.org/abs/2501.04316}, 
}

@inproceedings{salinas2023unequal,
  title={The unequal opportunities of large language models: Examining demographic biases in job recommendations by chatgpt and llama},
  author={Salinas, Abel and Shah, Parth and Huang, Yuzhong and McCormack, Robert and Morstatter, Fred},
  booktitle={Proceedings of the 3rd ACM Conference on Equity and Access in Algorithms, Mechanisms, and Optimization},
  pages={1--15},
  year={2023}
}

@misc{eloundou2024firstpersonfairnesschatbots,
      title={First-Person Fairness in Chatbots}, 
      author={Tyna Eloundou and Alex Beutel and David G. Robinson and Keren Gu-Lemberg and Anna-Luisa Brakman and Pamela Mishkin and Meghan Shah and Johannes Heidecke and Lilian Weng and Adam Tauman Kalai},
      year={2024},
      eprint={2410.19803},
      archivePrefix={arXiv},
      primaryClass={cs.CY},
      url={https://arxiv.org/abs/2410.19803}, 
}


@misc{adiga2024attention,
      title={Attention Speaks Volumes: Localizing and Mitigating Bias in Language Models}, 
      author={Rishabh Adiga and Besmira Nushi and Varun Chandrasekaran},
      year={2024},
      eprint={2410.22517},
      archivePrefix={arXiv},
      primaryClass={cs.CL},
      url={https://arxiv.org/abs/2410.22517}, 
}

@article{templeton2024scaling,
       title={Scaling Monosemanticity: Extracting Interpretable Features from Claude 3 Sonnet},
       author={Templeton, Adly and Conerly, Tom and Marcus, Jonathan and Lindsey, Jack and Bricken, Trenton and Chen, Brian and Pearce, Adam and Citro, Craig and Ameisen, Emmanuel and Jones, Andy and Cunningham, Hoagy and Turner, Nicholas L and McDougall, Callum and MacDiarmid, Monte and Freeman, C. Daniel and Sumers, Theodore R. and Rees, Edward and Batson, Joshua and Jermyn, Adam and Carter, Shan and Olah, Chris and Henighan, Tom},
       year={2024},
       journal={Transformer Circuits Thread},
       url={https://transformer-circuits.pub/2024/scaling-monosemanticity/index.html}
    }

@misc{yang2024mitigatingbiasesinstructionfollowinglanguage,
      title={Mitigating Biases for Instruction-following Language Models via Bias Neurons Elimination}, 
      author={Nakyeong Yang and Taegwan Kang and Jungkyu Choi and Honglak Lee and Kyomin Jung},
      year={2024},
      eprint={2311.09627},
      archivePrefix={arXiv},
      primaryClass={cs.AI},
      url={https://arxiv.org/abs/2311.09627}, 
}

@misc{sun2024simpleeffectivepruningapproach,
      title={A Simple and Effective Pruning Approach for Large Language Models}, 
      author={Mingjie Sun and Zhuang Liu and Anna Bair and J. Zico Kolter},
      year={2024},
      eprint={2306.11695},
      archivePrefix={arXiv},
      primaryClass={cs.CL},
      url={https://arxiv.org/abs/2306.11695}, 
}

@misc{chang2024localizationmethodsactuallylocalize,
      title={Do Localization Methods Actually Localize Memorized Data in LLMs? A Tale of Two Benchmarks}, 
      author={Ting-Yun Chang and Jesse Thomason and Robin Jia},
      year={2024},
      eprint={2311.09060},
      archivePrefix={arXiv},
      primaryClass={cs.CL},
      url={https://arxiv.org/abs/2311.09060}, 
}

@misc{bai2024measuringimplicitbiasexplicitly,
      title={Measuring Implicit Bias in Explicitly Unbiased Large Language Models}, 
      author={Xuechunzi Bai and Angelina Wang and Ilia Sucholutsky and Thomas L. Griffiths},
      year={2024},
      eprint={2402.04105},
      archivePrefix={arXiv},
      primaryClass={cs.CY},
      url={https://arxiv.org/abs/2402.04105}, 
}

@misc{wu2024retrievalheadmechanisticallyexplains,
      title={Retrieval Head Mechanistically Explains Long-Context Factuality}, 
      author={Wenhao Wu and Yizhong Wang and Guangxuan Xiao and Hao Peng and Yao Fu},
      year={2024},
      eprint={2404.15574},
      archivePrefix={arXiv},
      primaryClass={cs.CL},
      url={https://arxiv.org/abs/2404.15574}, 
}

@misc{wei2024assessingbrittlenesssafetyalignment,
      title={Assessing the Brittleness of Safety Alignment via Pruning and Low-Rank Modifications}, 
      author={Boyi Wei and Kaixuan Huang and Yangsibo Huang and Tinghao Xie and Xiangyu Qi and Mengzhou Xia and Prateek Mittal and Mengdi Wang and Peter Henderson},
      year={2024},
      eprint={2402.05162},
      archivePrefix={arXiv},
      primaryClass={cs.LG},
      url={https://arxiv.org/abs/2402.05162}, 
}

@misc{manvi2024largelanguagemodelsgeographically,
      title={Large Language Models are Geographically Biased}, 
      author={Rohin Manvi and Samar Khanna and Marshall Burke and David Lobell and Stefano Ermon},
      year={2024},
      eprint={2402.02680},
      archivePrefix={arXiv},
      primaryClass={cs.CL},
      url={https://arxiv.org/abs/2402.02680}, 
}

@online{durmus2024steering,
author = {Esin Durmus and Alex Tamkin and Jack Clark and Jerry Wei and Jonathan Marcus and Joshua Batson and Kunal Handa and Liane Lovitt and Meg Tong and Miles McCain and Oliver Rausch and Saffron Huang and Sam Bowman and Stuart Ritchie and Tom Henighan and Deep Ganguli},
title = {Evaluating Feature Steering: A Case Study in Mitigating Social Biases},
date = {2024-10-25},
year = {2024},
url = {https://anthropic.com/research/evaluating-feature-steering},
}

@misc{chavhan2024memorizedimagesdiffusionmodels,
      title={Memorized Images in Diffusion Models share a Subspace that can be Located and Deleted}, 
      author={Ruchika Chavhan and Ondrej Bohdal and Yongshuo Zong and Da Li and Timothy Hospedales},
      year={2024},
      eprint={2406.18566},
      archivePrefix={arXiv},
      primaryClass={cs.CV},
      url={https://arxiv.org/abs/2406.18566}, 
}

@misc{paulo2024automaticallyinterpretingmillionsfeatures,
      title={Automatically Interpreting Millions of Features in Large Language Models}, 
      author={Gonçalo Paulo and Alex Mallen and Caden Juang and Nora Belrose},
      year={2024},
      eprint={2410.13928},
      archivePrefix={arXiv},
      primaryClass={cs.LG},
      url={https://arxiv.org/abs/2410.13928}, 
}

@inproceedings{Wang_2021,
   title={SpAtten: Efficient Sparse Attention Architecture with Cascade Token and Head Pruning},
   url={http://dx.doi.org/10.1109/HPCA51647.2021.00018},
   DOI={10.1109/hpca51647.2021.00018},
   booktitle={2021 IEEE International Symposium on High-Performance Computer Architecture (HPCA)},
   publisher={IEEE},
   author={Wang, Hanrui and Zhang, Zhekai and Han, Song},
   year={2021},
   month=feb }

@misc{yang2024biasaheadanalyzingbias,
      title={Bias A-head? Analyzing Bias in Transformer-Based Language Model Attention Heads}, 
      author={Yi Yang and Hanyu Duan and Ahmed Abbasi and John P. Lalor and Kar Yan Tam},
      year={2024},
      eprint={2311.10395},
      archivePrefix={arXiv},
      primaryClass={cs.CL},
      url={https://arxiv.org/abs/2311.10395}, 
}

@article{voita2019analyzing,
  title={Analyzing multi-head self-attention: Specialized heads do the heavy lifting, the rest can be pruned},
  author={Voita, Elena and Talbot, David and Moiseev, Fedor and Sennrich, Rico and Titov, Ivan},
  journal={arXiv preprint arXiv:1905.09418},
  year={2019}
}

@article{zhang2021know,
  title={Know what you don't need: Single-Shot Meta-Pruning for attention heads},
  author={Zhang, Zhengyan and Qi, Fanchao and Liu, Zhiyuan and Liu, Qun and Sun, Maosong},
  journal={AI Open},
  volume={2},
  pages={36--42},
  year={2021},
  publisher={Elsevier}
}