@ARTICLE{10036459,
  author={Sun, Hongguang and Zhao, Zelun and Cheng, Hu and Lyu, Jiangbin and Wang, Xijun and Zhang, Yan and Quek, Tony Q. S.},
  journal={IEEE Transactions on Communications}, 
  title={{IRS}-Assisted {RF}-Powered {IoT} Networks: System Modeling and Performance Analysis}, 
  year={2023},
  volume={71},
  number={4},
  pages={2425-2440}}

@ARTICLE{5226957,  
author={Haenggi, Martin and Andrews, Jeffrey G. and Baccelli, Francois and Dousse, Olivier and Franceschetti, Massimo},  
journal={IEEE Journal on Selected Areas in Communications},   
title={Stochastic geometry and random graphs for the analysis and design of wireless networks},   
year={2009},  volume={27},  number={7},  pages={1029-1046},  
doi={10.1109/JSAC.2009.090902}
}

@ARTICLE{6786061,  
author={Dhillon, Harpreet S. and Li, Ying and Nuggehalli, Pavan and Pi, Zhouyue and Andrews, Jeffrey G.},  
journal={IEEE Transactions on Wireless Communications},   
title={Fundamentals of Heterogeneous Cellular Networks with Energy Harvesting},   
year={2014},  
volume={13},  
number={5},  
pages={2782-2797},  
doi={10.1109/TWC.2014.040214.131201}
}

@ARTICLE{7010878,
  author={Ulukus, Sennur and Yener, Aylin and Erkip, Elza and Simeone, Osvaldo and Zorzi, Michele and Grover, Pulkit and Huang, Kaibin},
  journal={IEEE Journal on Selected Areas in Communications}, 
  title={Energy Harvesting Wireless Communications: A Review of Recent Advances}, 
  year={2015},
  volume={33},
  number={3},
  pages={360-381},
  doi={10.1109/JSAC.2015.2391531}}

@ARTICLE{8794718,
  author={Wang, Jingqing and Zhang, Xi},
  journal={IEEE Transactions on Wireless Communications}, 
  title={Cooperative {MIMO}-{OFDM}-Based Exposure-Path Prevention Over {3D} Clustered Wireless Camera Sensor Networks}, 
  year={2020},
  volume={19},
  number={1},
  pages={4-18},
  doi={10.1109/TWC.2019.2933201}}

@ARTICLE{8888216,
  author={Enayati, Saeede and Saeedi, Hamid and Pishro-Nik, Hossein and Yanikomeroglu, Halim},
  journal={IEEE Transactions on Vehicular Technology}, 
  title={Optimal Altitude Selection of Aerial Base Stations to Maximize Coverage and Energy Harvesting Probabilities: A Stochastic Geometry Analysis}, 
  year={2020},
  volume={69},
  number={1},
  pages={1096-1100},
  doi={10.1109/TVT.2019.2950874}}

@ARTICLE{8896898,
  author={Ge, Lu and Chen, Gaojie and Zhang, Yue and Tang, Jie and Wang, Jintao and Chambers, Jonathon A.},
  journal={IEEE Internet of Things Journal}, 
  title={Performance Analysis for Multihop Cognitive Radio Networks With Energy Harvesting by Using Stochastic Geometry}, 
  year={2020},
  volume={7},
  number={2},
  pages={1154-1163},
  doi={10.1109/JIOT.2019.2953130}}

@ARTICLE{9093022,
  author={Kusaladharma, Sachitha and Tellambura, Chintha and Zhang, Zhang},
  journal={IEEE Transactions on Green Communications and Networking}, 
  title={Evaluation of {RF} Energy Harvesting by Mobile {D2D} Nodes Within a Stochastic Field of Base Stations}, 
  year={2020},
  volume={4},
  number={4},
  pages={1120-1129},
  doi={10.1109/TGCN.2020.2994513}}

@ARTICLE{9134826,
  author={Lam, Thanh Tu and Di Renzo, Marco},
  journal={IEEE Transactions on Wireless Communications}, 
  title={On the Energy Efficiency of Heterogeneous Cellular Networks With Renewable Energy Sources—A Stochastic Geometry Framework}, 
  year={2020},
  volume={19},
  number={10},
  pages={6752-6770},
  doi={10.1109/TWC.2020.3005618}}

@ARTICLE{9201540,
  author={Kusaladharma, Sachitha and Zhu, Wei-Ping and Ajib, Wessam and Baduge, Gayan Amarasuriya Aruma},
  journal={IEEE Transactions on Vehicular Technology}, 
  title={Stochastic Geometry Based Performance Characterization of {SWIPT} in Cell-Free Massive {MIMO}}, 
  year={2020},
  volume={69},
  number={11},
  pages={13357-13370},
  doi={10.1109/TVT.2020.3025746}}

@ARTICLE{9240972,  
author={Zhaikhan, Ainur and Kishk, Mustafa A. and ElSawy, Hesham and Alouini, Mohamed-Slim},  
journal={IEEE Internet of Things Journal},   
title={Safeguarding the {IoT} From Malware Epidemics: A Percolation Theory Approach},   
year={2021},  volume={8},  number={7},  pages={6039-6052},  
doi={10.1109/JIOT.2020.3034111}
}

@ARTICLE{9390298,
  author={Meng, Yue and Zhang, Zhi and Huang, Yuzhen},
  journal={IEEE Transactions on Green Communications and Networking}, 
  title={Cache- and Energy Harvesting-Enabled {D2D} Cellular Network: Modeling, Analysis and Optimization}, 
  year={2021},
  volume={5},
  number={2},
  pages={703-713},
  doi={10.1109/TGCN.2021.3069506}}

@ARTICLE{9463400,
  author={Chu, Man and Liu, An and Chen, Junting and Lau, Vincent K. N. and Cui, Shuguang},
  journal={IEEE Internet of Things Journal}, 
  title={A Stochastic Geometry Analysis for Energy-Harvesting-Based Device-to-Device Communication}, 
  year={2022},
  volume={9},
  number={2},
  pages={1591-1607},
  doi={10.1109/JIOT.2021.3091723}}

@ARTICLE{9507551,
  author={Zhu, Kun and Xu, Longteng and Niyato, Dusit},
  journal={IEEE Transactions on Green Communications and Networking}, 
  title={Distributed Resource Allocation in {RF}-Powered Cognitive Ambient Backscatter Networks}, 
  year={2021},
  volume={5},
  number={4},
  pages={1657-1668},
  doi={10.1109/TGCN.2021.3102660}}

@ARTICLE{9723559,
  author={Parihar, Abhinav Singh and Swami, Pragya and Bhatia, Vimal},
  journal={IEEE Transactions on Vehicular Technology}, 
  title={On Performance of {SWIPT} Enabled {PPP} Distributed Cooperative {NOMA} Networks Using Stochastic Geometry}, 
  year={2022},
  volume={71},
  number={5},
  pages={5639-5644},
  doi={10.1109/TVT.2022.3155358}}

@ARTICLE{Cog1,
author={W. {Ren} and Q. {Zhao} and A. {Swami}},
journal={IEEE Transactions on Information Theory},
title={Connectivity of Heterogeneous Wireless Networks},
year={2011},
volume={57},
number={7},
pages={4315-4332},
month={July},}

@ARTICLE{Cog2,
author={\vspace{0mm}W. {Ren} and Q. {Zhao} and A. {Swami}},
journal={IEEE/ACM Transactions on Networking},
title={Temporal Traffic Dynamics Improve the Connectivity of Ad Hoc Cognitive Radio Networks},
year={2014},
volume={22},
number={1},
pages={124-136},
month={Feb.},}

@ARTICLE{Cog3,
author={Y. {Liu} and Y. {Cui} and X. {Wang}},
journal={IEEE Transactions on Wireless Communications},
title={Connectivity and Transmission Delay in Large-Scale Cognitive Radio Ad Hoc Networks With Unreliable Secondary Links},
year={2015},
volume={14},
number={12},
pages={7016-7029},
month={Dec.},}

@ARTICLE{Fatma_EH,
  author={Benkhelifa, Fatma and ElSawy, Hesham and Mccann, Julie A. and Alouini, Mohamed-Slim},
  journal={IEEE Transactions on Wireless Communications}, 
  title={Recycling Cellular Energy for Self-Sustainable {IoT} Networks: A Spatiotemporal Study}, 
  year={2020},
  volume={19},
  number={4},
  pages={2699-2712},
  doi={10.1109/TWC.2020.2967697}}

@ARTICLE{Gharbieh_EH,
  author={Gharbieh, Mohammad and ElSawy, Hesham and Emara, Mustafa and Yang, Hong-Chuan and Alouini, Mohamed-Slim},
  journal={IEEE Transactions on Communications}, 
  title={Grant-Free Opportunistic Uplink Transmission in Wireless-Powered {IoT}: A Spatio-Temporal Model}, 
  year={2021},
  volume={69},
  number={2},
  pages={991-1006},
  doi={10.1109/TCOMM.2020.3040210}}

@article{Goel,
author = {S. Goel and V. Aggarwal and A. Yener and A. R. Calderbank},
title = {The Effect of Eavesdroppers on Network Connectivity: A Secrecy Graph Approach},
journal = {IEEE Transactions on Information Forensics and Security},
volume={6},
pages = {712–724},
year = {2011}
}

@ARTICLE{Kishk1,
  author={Lahmeri, Mohamed-Amine and Kishk, Mustafa A. and Alouini, Mohamed-Slim},
  journal={IEEE Communications Letters}, 
  title={Stochastic Geometry-Based Analysis of Airborne Base Stations With Laser-Powered {UAVs}}, 
  year={2020},
  volume={24},
  number={1},
  pages={173-177},
  doi={10.1109/LCOMM.2019.2947039}}

@article{Pinto1,
    author = { Pedro C. Pinto and Moe Z. Win },
    title = {Percolation and Connectivity in the Intrinsically Secure Communications Graph},
    journal = {IEEE Transactions on Information Theory},
    volume = {58},
    number = {3},
    month = {Mar.},
    year = {2012},
    issn = {1557-9654},
    pages = {1716 - 1730}
}

@article{SINR1,
    author = {  O. Dousse and F. Baccelli and P. Thiran },
    title = {Impact of interferences on connectivity in ad hoc networks},
    journal = {IEEE/ACM Transactions on Networking},
    volume = {13},
    issue = {2},
    month = Apr,
    year = {2005},
    issn = {1558-2566},
    pages = { 425 - 436}
}

@ARTICLE{SINR2,
author={M. {Franceschetti} and O. {Dousse} and D. N. C. {Tse} and P. {Thiran}},
journal={IEEE Transactions on Information Theory},
title={Closing the Gap in the Capacity of Wireless Networks Via Percolation Theory},
year={2007},
volume={53},
number={3},
pages={1009-1018},
month={March},}

@ARTICLE{Sakr_EH,
  author={Sakr, Ahmed Hamdi and Hossain, Ekram},
  journal={IEEE Journal on Selected Areas in Communications}, 
  title={Analysis of  $K$-Tier Uplink Cellular Networks With Ambient {RF} Energy Harvesting}, 
  year={2015},
  volume={33},
  number={10},
  pages={2226-2238},
  doi={10.1109/JSAC.2015.2435358}}

@article{elsawy2023tutorial,
  title={A Tutorial-Cum-Survey on Percolation Theory With Applications in Large-Scale Wireless Networks},
  author={ElSawy, Hesham and Zhaikhan, Ainur and Kishk, Mustafa A and Alouini, Mohamed-Slim},
  journal={IEEE Communications Surveys \& Tutorials},
  year={2023},
  publisher={IEEE}
}

@book{haenggi2012stochastic,
  title={Stochastic geometry for wireless networks},
  author={Haenggi, Martin},
  year={2012},
  publisher={Cambridge University Press}
}

@article{han2024dynamic,
  title={Dynamic Bond Percolation-Based Reliable Topology Evolution Model for Dynamic Networks},
  author={Han, Zhenzhen and Zhao, Guofeng and Hu, Yu and Xu, Chuan and Cheng, Kefei and Yu, Shui},
  journal={IEEE Transactions on Network and Service Management},
  year={2024},
  publisher={IEEE}
}

@inproceedings{sensing,
author={L. {Liu} and X. {Zhang} and H. {Ma}},
booktitle={Proc. of IEEE INFOCOM},
title={Optimal density estimation for exposure-path prevention in wireless sensor networks using percolation theory},
year={2012},
pages={2601-2605}}

@article{wu2023connectivity,
  title={Connectivity of Intelligent Reflecting Surface Assisted Network via Percolation Theory},
  author={Wu, Qi and He, Xiaoyang and Huang, Xiaoxia},
  journal={IEEE Transactions on Cognitive Communications and Networking},
  year={2023},
  publisher={IEEE}
}

@article{yemini2019simultaneous,
  title={The simultaneous connectivity of cognitive networks},
  author={Yemini, Michal and Somekh-Baruch, Anelia and Cohen, Reuven and Leshem, Amir},
  journal={IEEE Transactions on Information Theory},
  volume={65},
  number={11},
  pages={6911--6930},
  year={2019},
  publisher={IEEE}
}

