% The concept of IoT




@ARTICLE{Sakr_EH,
  author={Sakr, Ahmed Hamdi and Hossain, Ekram},
  journal={IEEE Journal on Selected Areas in Communications}, 
  title={Analysis of  $K$-Tier Uplink Cellular Networks With Ambient {RF} Energy Harvesting}, 
  year={2015},
  volume={33},
  number={10},
  pages={2226-2238},
  doi={10.1109/JSAC.2015.2435358}}




@ARTICLE{SINR2,
author={M. {Franceschetti} and O. {Dousse} and D. N. C. {Tse} and P. {Thiran}},
journal={IEEE Transactions on Information Theory},
title={Closing the Gap in the Capacity of Wireless Networks Via Percolation Theory},
year={2007},
volume={53},
number={3},
pages={1009-1018},
month={March},}


@article{SINR1,
    author = {  O. Dousse and F. Baccelli and P. Thiran },
    title = {Impact of interferences on connectivity in ad hoc networks},
    journal = {IEEE/ACM Transactions on Networking},
    volume = {13},
    issue = {2},
    month = Apr,
    year = {2005},
    issn = {1558-2566},
    pages = { 425 - 436}
}

@inproceedings{sensing,
author={L. {Liu} and X. {Zhang} and H. {Ma}},
booktitle={Proc. of IEEE INFOCOM},
title={Optimal density estimation for exposure-path prevention in wireless sensor networks using percolation theory},
year={2012},
pages={2601-2605}}

@article{Goel,
author = {S. Goel and V. Aggarwal and A. Yener and A. R. Calderbank},
title = {The Effect of Eavesdroppers on Network Connectivity: A Secrecy Graph Approach},
journal = {IEEE Transactions on Information Forensics and Security},
volume={6},
pages = {712–724},
year = {2011}
}


@article{Pinto1,
    author = { Pedro C. Pinto and Moe Z. Win },
    title = {Percolation and Connectivity in the Intrinsically Secure Communications Graph},
    journal = {IEEE Transactions on Information Theory},
    volume = {58},
    number = {3},
    month = {Mar.},
    year = {2012},
    issn = {1557-9654},
    pages = {1716 - 1730}
}

@ARTICLE{Cog1,
author={W. {Ren} and Q. {Zhao} and A. {Swami}},
journal={IEEE Transactions on Information Theory},
title={Connectivity of Heterogeneous Wireless Networks},
year={2011},
volume={57},
number={7},
pages={4315-4332},
month={July},}


@ARTICLE{Cog2,
author={\vspace{0mm}W. {Ren} and Q. {Zhao} and A. {Swami}},
journal={IEEE/ACM Transactions on Networking},
title={Temporal Traffic Dynamics Improve the Connectivity of Ad Hoc Cognitive Radio Networks},
year={2014},
volume={22},
number={1},
pages={124-136},
month={Feb.},}

@ARTICLE{Cog3,
author={Y. {Liu} and Y. {Cui} and X. {Wang}},
journal={IEEE Transactions on Wireless Communications},
title={Connectivity and Transmission Delay in Large-Scale Cognitive Radio Ad Hoc Networks With Unreliable Secondary Links},
year={2015},
volume={14},
number={12},
pages={7016-7029},
month={Dec.},}




@ARTICLE{Fatma_EH,
  author={Benkhelifa, Fatma and ElSawy, Hesham and Mccann, Julie A. and Alouini, Mohamed-Slim},
  journal={IEEE Transactions on Wireless Communications}, 
  title={Recycling Cellular Energy for Self-Sustainable {IoT} Networks: A Spatiotemporal Study}, 
  year={2020},
  volume={19},
  number={4},
  pages={2699-2712},
  doi={10.1109/TWC.2020.2967697}}



@ARTICLE{Gharbieh_EH,
  author={Gharbieh, Mohammad and ElSawy, Hesham and Emara, Mustafa and Yang, Hong-Chuan and Alouini, Mohamed-Slim},
  journal={IEEE Transactions on Communications}, 
  title={Grant-Free Opportunistic Uplink Transmission in Wireless-Powered {IoT}: A Spatio-Temporal Model}, 
  year={2021},
  volume={69},
  number={2},
  pages={991-1006},
  doi={10.1109/TCOMM.2020.3040210}}




@ARTICLE{9509294,
  author={Nguyen, Dinh C. and Ding, Ming and Pathirana, Pubudu N. and Seneviratne, Aruna and Li, Jun and Niyato, Dusit and Dobre, Octavia and Poor, H. Vincent},
  journal={IEEE Internet of Things Journal}, 
  title={6{G} {Internet of Things}: A Comprehensive Survey}, 
  year={2022},
  volume={9},
  number={1},
  pages={359-383},
  doi={10.1109/JIOT.2021.3103320}}




@misc{EaaS,   
    title = {{EEP}ower},   
    url = {https://eepower.com/news/clear-blue-technologies-launches-energy-as-a-service-for-wireless-power/},   
    author = {Paul Shepard},   
    year = {2019},   
    note = {Accessed on Feb 3, 2023} 
}

@ARTICLE{WET1,
  author={López, Onel L. A. and Alves, Hirley and Souza, Richard Demo and Montejo-Sánchez, Samuel and Fernández, Evelio Martin Garcia and Latva-Aho, Matti},
  journal={IEEE Internet of Things Journal}, 
  title={Massive Wireless Energy Transfer: Enabling Sustainable {IoT} Toward {6G} Era}, 
  year={2021},
  volume={8},
  number={11},
  pages={8816-8835},
  doi={10.1109/JIOT.2021.3050612}}




@ARTICLE{7123563,  
author={Al-Fuqaha, Ala and Guizani, Mohsen and Mohammadi, Mehdi and Aledhari, Mohammed and Ayyash, Moussa}, 
journal={IEEE Communications Surveys {\&} Tutorials},   
title={Internet of Things: A Survey on Enabling Technologies, Protocols, and Applications},   
year={2015},  volume={17},  number={4},  pages={2347-2376},  
doi={10.1109/COMST.2015.2444095}
}

% MTC
@ARTICLE{8120239,  
author={Hoglund, Andreas and Lin, Xingqin and Liberg, Olof and Behravan, Ali and Yavuz, Emre A. and Van Der Zee, Martin and Sui, Yutao and Tirronen, Tuomas and Ratilainen, Antti and Eriksson, David},  
journal={IEEE Network},   
title={Overview of {3GPP} Release 14 Enhanced {NB-IoT}},   
year={2017},  
volume={31},  
number={6},  
pages={16-22},  
doi={10.1109/MNET.2017.1700082}
}

@ARTICLE{7263367,  
author={Shariatmadari, Hamidreza and Ratasuk, Rapeepat and Iraji, Sassan and Laya, Andrés and Taleb, Tarik and Jäntti, Riku and Ghosh, Amitava},  
journal={IEEE Communications Magazine},   
title={Machine-type communications: current status and future perspectives toward {5G} systems},   
year={2015},  volume={53},  number={9},  pages={10-17},  
doi={10.1109/MCOM.2015.7263367}
}

% Connectivity
@INPROCEEDINGS{1019356,  
author={Dousse, O. and Thiran, P. and Hasler, M.},  booktitle={Proceedings.Twenty-First Annual Joint Conference of the IEEE Computer and Communications Societies},   
title={Connectivity in ad-hoc and hybrid networks},   
year={2002},  volume={2},  number={},  pages={1079-1088 vol.2},  
doi={10.1109/INFCOM.2002.1019356}
}

@ARTICLE{1424049,  
author={Dousse, O. and Baccelli, F. and Thiran, P.},  journal={IEEE/ACM Transactions on Networking},   
title={Impact of interferences on connectivity in ad hoc networks},
year={2005},  volume={13},  number={2},  pages={425-436},  
doi={10.1109/TNET.2005.845546}
}

@ARTICLE{6466404,  
author={\vspace{0mm}Ren, Wei and Zhao, Qing and Swami, Ananthram},  
journal={IEEE/ACM Transactions on Networking},   
title={Temporal Traffic Dynamics Improve the Connectivity of Ad Hoc Cognitive Radio Networks},   
year={2014},  volume={22},  number={1},  pages={124-136}, 
doi={10.1109/TNET.2013.2244612}
}

% Graph theory
@book{west2001introduction,
  title={Introduction to graph theory},
  author={West, Douglas Brent},
  volume={2},
  year={2001},
  publisher={Prentice hall Upper Saddle River}
}

@book{Diestel_2017,
    year = 2017,
    publisher = {Springer Berlin Heidelberg},
    author = {Reinhard Diestel},
    title = {Graph Theory},
    doi = {10.1007/978-3-662-53622-3}
}
    % url = {https://doi.org/10.1007%2F978-3-662-53622-3},

% Inner city
@book{haenggi2012stochastic,
  title={Stochastic geometry for wireless networks},
  author={Haenggi, Martin},
  year={2012},
  publisher={Cambridge University Press}
}

% Hidden IoT
@ARTICLE{7842431,  
author={Dhillon, Harpreet S. and Huang, Howard and Viswanathan, Harish},  journal={IEEE Communications Magazine},   
title={Wide-area Wireless Communication Challenges for the {Internet of Things}},   
year={2017},  volume={55},  number={2},  pages={168-174},  
doi={10.1109/MCOM.2017.1500269CM}
}
@ARTICLE{6644241,  
author={Dhillon, Harpreet S. and Huang, Howard C. and Viswanathan, Harish and Valenzuela, Reinaldo A.},  
journal={IEEE Transactions on Wireless Communications},   
title={Power-Efficient System Design for Cellular-Based Machine-to-Machine Communications},   
year={2013},  volume={12},  number={11},  pages={5740-5753},  
doi={10.1109/TWC.2013.100713.130025}
}

% WPCN
@article{bi2016wireless,
  title={Wireless powered communication networks: An overview},
  author={Bi, Suzhi and Zeng, Yong and Zhang, Rui},
  journal={IEEE Wireless Communications},
  volume={23},
  number={2},
  pages={10--18},
  year={2016},
  publisher={IEEE}
}

% Energy-harvesting
@ARTICLE{6951347,
author={Lu, Xiao and Wang, Ping and Niyato, Dusit and Kim, Dong In and Han, Zhu},  
journal={IEEE Communications Surveys \& Tutorials},   
title={Wireless Networks With {RF} Energy Harvesting: A Contemporary Survey}, 
year={2015},  volume={17},  number={2},  pages={757-789},  
doi={10.1109/COMST.2014.2368999}
}
@ARTICLE{7120022,  
author={Huang, Kaibin and Zhou, Xiangyun},  
journal={IEEE Communications Magazine},   
title={Cutting the last wires for mobile communications by microwave power transfer},   
year={2015},  volume={53},  number={6},  pages={86-93},  
doi={10.1109/MCOM.2015.7120022}
}

% The concept of IoT
@article{whitmore2015internet,
  title={The {Internet of Things}: {A} survey of topics and trends},
  author={Whitmore, Andrew and Agarwal, Anurag and Da Xu, Li},
  journal={Information systems frontiers},
  volume={17},  number={2},  pages={261--274},  year={2015},
  publisher={Springer}
}

% Connectivity on heterogeneous networks
@ARTICLE{5895112,  
author={Ren, Wei and Zhao, Qing and Swami, Ananthram},  
journal={IEEE Transactions on Information Theory},   
title={Connectivity of Heterogeneous Wireless Networks},   
year={2011},  volume={57},  number={7},  pages={4315-4332},  
doi={10.1109/TIT.2011.2145650}
}
@article{yemini2019simultaneous,
  title={The simultaneous connectivity of cognitive networks},
  author={Yemini, Michal and Somekh-Baruch, Anelia and Cohen, Reuven and Leshem, Amir},
  journal={IEEE Transactions on Information Theory},
  volume={65},
  number={11},
  pages={6911--6930},
  year={2019},
  publisher={IEEE}
}
% A tutorial of tools
@ARTICLE{5226957,  
author={Haenggi, Martin and Andrews, Jeffrey G. and Baccelli, Francois and Dousse, Olivier and Franceschetti, Massimo},  
journal={IEEE Journal on Selected Areas in Communications},   
title={Stochastic geometry and random graphs for the analysis and design of wireless networks},   
year={2009},  volume={27},  number={7},  pages={1029-1046},  
doi={10.1109/JSAC.2009.090902}
}

% Critical density
@INPROCEEDINGS{4557082,  
author={Kong, Zhenning and Yeh, Edmund M.},  
booktitle={2007 IEEE International Symposium on Information Theory},   
title={Characterization of the Critical Density for Percolation in Random Geometric Graphs},   
year={2007},  volume={},  number={},  pages={151-155},  
doi={10.1109/ISIT.2007.4557082}
}

% Spatial firewalls
@ARTICLE{9214384,  
author={ElSawy, Hesham and Kishk, Mustafa A. and Alouini, Mohamed-Slim},  
journal={IEEE Communications Magazine},   
title={Spatial Firewalls: Quarantining Malware Epidemics in Large-Scale Massive Wireless Networks},   
year={2020},  volume={58},  number={9},  pages={32-38},  
doi={10.1109/MCOM.001.2000062}
}

% Safeguarding
@ARTICLE{9240972,  
author={Zhaikhan, Ainur and Kishk, Mustafa A. and ElSawy, Hesham and Alouini, Mohamed-Slim},  
journal={IEEE Internet of Things Journal},   
title={Safeguarding the {IoT} From Malware Epidemics: A Percolation Theory Approach},   
year={2021},  volume={8},  number={7},  pages={6039-6052},  
doi={10.1109/JIOT.2020.3034111}
}

% energy harvesting
@phdthesis{kishk2018coverage,
  title={Coverage, Secrecy, and Stability Analysis of Energy Harvesting Wireless Networks},
  author={Kishk, Mustafa},
  year={2018},
  school={Virginia Tech}
}
% RF-powered
@INPROCEEDINGS{7841754,  
  author={Kishk, Mustafa A. and Dhillon, Harpreet S.},  
  booktitle={2016 IEEE Global Communications Conference (GLOBECOM)},   
  title={Downlink Performance Analysis of Cellular-Based {IoT} Network with Energy Harvesting Receivers},   
  year={2016},  
  volume={},  
  number={},  
  pages={1-6},  
  doi={10.1109/GLOCOM.2016.7841754}
}
@ARTICLE{8239664,  
  author={\vspace{0mm}Kishk, Mustafa A. and Dhillon, Harpreet S.},  
  journal={IEEE Transactions on Green Communications and Networking},   
  title={Joint Uplink and Downlink Coverage Analysis of Cellular-based {RF}-powered {IoT} Network},   
  year={2018},  
  volume={2},  
  number={2},  
  pages={446-459},  
  doi={10.1109/TGCN.2017.2786694}
  }
@article{abd2018joint,
  title={Joint energy and {SINR} coverage in spatially clustered {RF}-powered {IoT} network},
  author={Abd-Elmagid, Mohamed A and Kishk, Mustafa A and Dhillon, Harpreet S},
  journal={IEEE Transactions on Green Communications and Networking},
  volume={3},
  number={1},
  pages={132--146},
  year={2018},
  publisher={IEEE}
}


@ARTICLE{Kishk1,
  author={Lahmeri, Mohamed-Amine and Kishk, Mustafa A. and Alouini, Mohamed-Slim},
  journal={IEEE Communications Letters}, 
  title={Stochastic Geometry-Based Analysis of Airborne Base Stations With Laser-Powered {UAVs}}, 
  year={2020},
  volume={24},
  number={1},
  pages={173-177},
  doi={10.1109/LCOMM.2019.2947039}}




@INPROCEEDINGS{8422298,  
author={\vspace{0mm}{Abd-Elmagid}, Mohamed A. and Kishk, Mustafa A. and Dhillon, Harpreet S.},  
booktitle={2018 IEEE International Conference on Communications (ICC)},   
title={Coverage Analysis of Spatially Clustered {RF}-Powered {IoT} Network},   
year={2018},  
volume={},  
number={},  
pages={1-7},  
doi={10.1109/ICC.2018.8422298}
}
@incollection{kishk2020coverage,
  title={Coverage and secrecy analysis of {RF}-powered internet-of-things},
  author={Kishk, Mustafa Abdelsalam and Abd-Elmagid, Mohamed A and Dhillon, Harpreet S},
  year={2020},
  publisher={Institution of Engineering and Technology}
}
% stochastic for energy harvesting 
@ARTICLE{6786061,  
author={Dhillon, Harpreet S. and Li, Ying and Nuggehalli, Pavan and Pi, Zhouyue and Andrews, Jeffrey G.},  
journal={IEEE Transactions on Wireless Communications},   
title={Fundamentals of Heterogeneous Cellular Networks with Energy Harvesting},   
year={2014},  
volume={13},  
number={5},  
pages={2782-2797},  
doi={10.1109/TWC.2014.040214.131201}
}
@inproceedings{kishk2017modeling,
  title={Modeling and analysis of ambient {RF} energy harvesting in networks with secrecy guard zones},
  author={Kishk, Mustafa A and Dhillon, Harpreet S},
  booktitle={2017 IEEE Wireless Communications and Networking Conference (WCNC)},
  pages={1--6},
  year={2017},
  organization={IEEE}
}
@article{di2016system,
  title={System-level analysis and optimization of cellular networks with simultaneous wireless information and power transfer: Stochastic geometry modeling},
  author={Di Renzo, Marco and Lu, Wei},
  journal={IEEE Transactions on Vehicular Technology},
  volume={66},
  number={3},
  pages={2251--2275},
  year={2016},
  publisher={IEEE}
}
@article{huang2014enabling,
  title={Enabling wireless power transfer in cellular networks: Architecture, modeling and deployment},
  author={Huang, Kaibin and Lau, Vincent KN},
  journal={IEEE Transactions on Wireless Communications},
  volume={13},
  number={2},
  pages={902--912},
  year={2014},
  publisher={IEEE}
}
@ARTICLE{6750425,  
author={Krikidis, Ioannis},  
journal={IEEE Transactions on Communications},   
title={Simultaneous Information and Energy Transfer in Large-Scale Networks with/without Relaying},   
year={2014},  
volume={62},  
number={3},  
pages={900-912},  
doi={10.1109/TCOMM.2014.020914.130825}
}
@article{sakr2015analysis,
  title={Analysis of $ K $-tier uplink cellular networks with ambient {RF} energy harvesting},
  author={Sakr, Ahmed Hamdi and Hossain, Ekram},
  journal={IEEE Journal on Selected Areas in Communications},
  volume={33},
  number={10},
  pages={2226--2238},
  year={2015},
  publisher={IEEE}
}
@article{flint2015performance,
  title={Performance analysis of ambient {RF} energy harvesting with repulsive point process modeling},
  author={Flint, Ian and Lu, Xiao and Privault, Nicolas and Niyato, Dusit and Wang, Ping},
  journal={IEEE Transactions on Wireless Communications},
  volume={14},
  number={10},
  pages={5402--5416},
  year={2015},
  publisher={IEEE}
}
@article{han2017wirelessly,
  title={Wirelessly powered backscatter communication networks: Modeling, coverage, and capacity},
  author={Han, Kaifeng and Huang, Kaibin},
  journal={IEEE Transactions on Wireless Communications},
  volume={16},
  number={4},
  pages={2548--2561},
  year={2017},
  publisher={IEEE}
}
% PPP 
@ARTICLE{6042301,  
author={Andrews, Jeffrey G. and Baccelli, Francois and Ganti, Radha Krishna},  
journal={IEEE Transactions on Communications},   
title={A Tractable Approach to Coverage and Rate in Cellular Networks},   
year={2011},  
volume={59},  
number={11},  
pages={3122-3134},  
doi={10.1109/TCOMM.2011.100411.100541}
}
@inproceedings{lu2015stochastic,
  title={Stochastic geometry modeling of cellular networks: Analysis, simulation and experimental validation},
  author={Lu, Wei and Di Renzo, Marco},
  booktitle={Proceedings of the 18th ACM International Conference on Modeling, Analysis and Simulation of Wireless and Mobile Systems},
  pages={179--188},
  year={2015}
}
% critical density
@article{kirkwood1983percolation,
  title={Percolation in continuous systems},
  author={Kirkwood, J and Wayne, C Eugene},
  year={1983}
}

% percolation
@inproceedings{liu2012optimal,
  title={Optimal density estimation for exposure-path prevention in wireless sensor networks using percolation theory},
  author={Liu, Liang and Zhang, Xi and Ma, Huadong},
  booktitle={2012 Proceedings IEEE INFOCOM},
  pages={2601--2605},
  year={2012},
  organization={IEEE}
}
@inproceedings{katada2014connectivity,
  title={Connectivity of swarm robot networks for communication range and the number of robots based on percolation theory},
  author={Katada, Yoshiaki},
  booktitle={2014 IEEE/SICE International Symposium on System Integration},
  pages={93--98},
  year={2014},
  organization={IEEE}
}

% mapping
@article{pinto2012percolation,
  title={Percolation and connectivity in the intrinsically secure communications graph},
  author={Pinto, Pedro C and Win, Moe Z},
  journal={IEEE Transactions on Information Theory},
  volume={58},
  number={3},
  pages={1716--1730},
  year={2012},
  publisher={IEEE}
}

@book{meester1996continuum,
  title={Continuum percolation},
  author={Meester, Ronald and Roy, Rahul},
  volume={119},
  year={1996},
  publisher={Cambridge University Press}
}

% percolation
@ARTICLE{8794718,
  author={Wang, Jingqing and Zhang, Xi},
  journal={IEEE Transactions on Wireless Communications}, 
  title={Cooperative {MIMO}-{OFDM}-Based Exposure-Path Prevention Over {3D} Clustered Wireless Camera Sensor Networks}, 
  year={2020},
  volume={19},
  number={1},
  pages={4-18},
  doi={10.1109/TWC.2019.2933201}}

  @ARTICLE{9481167,
  author={Meyers, Adam and Yang, Hui},
  journal={IEEE Transactions on Automation Science and Engineering}, 
  title={Markov Chains for Fault-Tolerance Modeling of Stochastic Networks}, 
  year={2022},
  volume={19},
  number={3},
  pages={2591-2606},
  doi={10.1109/TASE.2021.3093035}}

  %energy harvesting
  @ARTICLE{7010878,
  author={Ulukus, Sennur and Yener, Aylin and Erkip, Elza and Simeone, Osvaldo and Zorzi, Michele and Grover, Pulkit and Huang, Kaibin},
  journal={IEEE Journal on Selected Areas in Communications}, 
  title={Energy Harvesting Wireless Communications: A Review of Recent Advances}, 
  year={2015},
  volume={33},
  number={3},
  pages={360-381},
  doi={10.1109/JSAC.2015.2391531}}
  
  @ARTICLE{8888216,
  author={Enayati, Saeede and Saeedi, Hamid and Pishro-Nik, Hossein and Yanikomeroglu, Halim},
  journal={IEEE Transactions on Vehicular Technology}, 
  title={Optimal Altitude Selection of Aerial Base Stations to Maximize Coverage and Energy Harvesting Probabilities: A Stochastic Geometry Analysis}, 
  year={2020},
  volume={69},
  number={1},
  pages={1096-1100},
  doi={10.1109/TVT.2019.2950874}}

  @ARTICLE{9463400,
  author={Chu, Man and Liu, An and Chen, Junting and Lau, Vincent K. N. and Cui, Shuguang},
  journal={IEEE Internet of Things Journal}, 
  title={A Stochastic Geometry Analysis for Energy-Harvesting-Based Device-to-Device Communication}, 
  year={2022},
  volume={9},
  number={2},
  pages={1591-1607},
  doi={10.1109/JIOT.2021.3091723}}

  @ARTICLE{9390298,
  author={Meng, Yue and Zhang, Zhi and Huang, Yuzhen},
  journal={IEEE Transactions on Green Communications and Networking}, 
  title={Cache- and Energy Harvesting-Enabled {D2D} Cellular Network: Modeling, Analysis and Optimization}, 
  year={2021},
  volume={5},
  number={2},
  pages={703-713},
  doi={10.1109/TGCN.2021.3069506}}

  @ARTICLE{9093022,
  author={Kusaladharma, Sachitha and Tellambura, Chintha and Zhang, Zhang},
  journal={IEEE Transactions on Green Communications and Networking}, 
  title={Evaluation of {RF} Energy Harvesting by Mobile {D2D} Nodes Within a Stochastic Field of Base Stations}, 
  year={2020},
  volume={4},
  number={4},
  pages={1120-1129},
  doi={10.1109/TGCN.2020.2994513}}

  @ARTICLE{9134826,
  author={Lam, Thanh Tu and Di Renzo, Marco},
  journal={IEEE Transactions on Wireless Communications}, 
  title={On the Energy Efficiency of Heterogeneous Cellular Networks With Renewable Energy Sources—A Stochastic Geometry Framework}, 
  year={2020},
  volume={19},
  number={10},
  pages={6752-6770},
  doi={10.1109/TWC.2020.3005618}}

  @ARTICLE{8896898,
  author={Ge, Lu and Chen, Gaojie and Zhang, Yue and Tang, Jie and Wang, Jintao and Chambers, Jonathon A.},
  journal={IEEE Internet of Things Journal}, 
  title={Performance Analysis for Multihop Cognitive Radio Networks With Energy Harvesting by Using Stochastic Geometry}, 
  year={2020},
  volume={7},
  number={2},
  pages={1154-1163},
  doi={10.1109/JIOT.2019.2953130}}

@ARTICLE{9723559,
  author={Parihar, Abhinav Singh and Swami, Pragya and Bhatia, Vimal},
  journal={IEEE Transactions on Vehicular Technology}, 
  title={On Performance of {SWIPT} Enabled {PPP} Distributed Cooperative {NOMA} Networks Using Stochastic Geometry}, 
  year={2022},
  volume={71},
  number={5},
  pages={5639-5644},
  doi={10.1109/TVT.2022.3155358}}

  @ARTICLE{9201540,
  author={Kusaladharma, Sachitha and Zhu, Wei-Ping and Ajib, Wessam and Baduge, Gayan Amarasuriya Aruma},
  journal={IEEE Transactions on Vehicular Technology}, 
  title={Stochastic Geometry Based Performance Characterization of {SWIPT} in Cell-Free Massive {MIMO}}, 
  year={2020},
  volume={69},
  number={11},
  pages={13357-13370},
  doi={10.1109/TVT.2020.3025746}}

  @article{quintanilla2000efficient,
  title={Efficient measurement of the percolation threshold for fully penetrable discs},
  author={Quintanilla, J and Torquato, S and Ziff, Robert M},
  journal={Journal of Physics A: Mathematical and General},
  volume={33},
  number={42},
  pages={L399},
  year={2000},
  publisher={IOP Publishing}
}

% PHP
@ARTICLE{7557010,
  author={Yazdanshenasan, Zeinab and Dhillon, Harpreet S. and Afshang, Mehrnaz and Chong, Peter H. J.},
  journal={IEEE Transactions on Wireless Communications}, 
  title={Poisson Hole Process: Theory and Applications to Wireless Networks}, 
  year={2016},
  volume={15},
  number={11},
  pages={7531-7546},
  doi={10.1109/TWC.2016.2604799}}

  @article{paukstadt2021energy,
  title={From energy as a commodity to energy as a service—a morphological analysis of smart energy services},
  author={Paukstadt, Ute and Becker, J{\"o}rg},
  journal={Schmalenbach Journal of Business Research},
  volume={73},
  pages={207--242},
  year={2021},
  publisher={Springer}
}

@article{ahamad2021interference,
  title={Interference mitigation in {D2D} communication underlying cellular networks: Towards green energy},
  author={Ahamad, R Zeeshan and Javed, A Rehman and Mehmood, Shakir and Khan, M Zubair and Noorwali, Abdulfattah and Rizwan, Muhammad},
  journal={CMC-COMPUTERS MATERIALS \& CONTINUA},
  volume={68},
  number={1},
  pages={45--58},
  year={2021},
  publisher={Tech Science Press 871 CORONADO CENTER DR, SUTE 200, HENDERSON, NV 89052 USA}
}

@inproceedings{wang2019social,
  title={Social-aware routing for multi-hop {D2D} communication in relay cellular networks},
  author={Wang, Sai and Shin, Oh-Soon and Shin, Yoan},
  booktitle={Proc. IEEE International Conference on Ubiquitous and Future Networks},
  pages={169--172},
  year={2019}
}

@inproceedings{salim2022rf,
  title={{RF} energy harvesting dependency for power optimized two-way relaying {D2D} communication},
  author={Salim, Mahmoud M and Elsayed, Hussein A and Abdalzaher, Mohamed S and Fouda, Mostafa M},
  booktitle={Proc. IEEE International Conference on Internet of Things and Intelligence Systems},
  pages={297--303},
  year={2022}
}

@article{zhao2016social,
  title={Social-community-aware long-range link establishment for multihop {D2D} communication networks},
  author={Zhao, Yulei and Li, Yong and Mao, Hongliang and Ge, Ning},
  journal={IEEE Transactions on Vehicular Technology},
  volume={65},
  number={11},
  pages={9372--9385},
  year={2016},
  publisher={IEEE}
}

@article{lu2014wireless,
  title={Wireless networks with {RF} energy harvesting: A contemporary survey},
  author={Lu, Xiao and Wang, Ping and Niyato, Dusit and Kim, Dong In and Han, Zhu},
  journal={IEEE Communications Surveys \& Tutorials},
  volume={17},
  number={2},
  pages={757--789},
  year={2014},
  publisher={IEEE}
}



@article{wu2023connectivity,
  title={Connectivity of Intelligent Reflecting Surface Assisted Network via Percolation Theory},
  author={Wu, Qi and He, Xiaoyang and Huang, Xiaoxia},
  journal={IEEE Transactions on Cognitive Communications and Networking},
  year={2023},
  publisher={IEEE}
}

@article{han2024dynamic,
  title={Dynamic Bond Percolation-Based Reliable Topology Evolution Model for Dynamic Networks},
  author={Han, Zhenzhen and Zhao, Guofeng and Hu, Yu and Xu, Chuan and Cheng, Kefei and Yu, Shui},
  journal={IEEE Transactions on Network and Service Management},
  year={2024},
  publisher={IEEE}
}

@article{elsawy2023tutorial,
  title={A Tutorial-Cum-Survey on Percolation Theory With Applications in Large-Scale Wireless Networks},
  author={ElSawy, Hesham and Zhaikhan, Ainur and Kishk, Mustafa A and Alouini, Mohamed-Slim},
  journal={IEEE Communications Surveys \& Tutorials},
  year={2023},
  publisher={IEEE}
}

@ARTICLE{9507551,
  author={Zhu, Kun and Xu, Longteng and Niyato, Dusit},
  journal={IEEE Transactions on Green Communications and Networking}, 
  title={Distributed Resource Allocation in {RF}-Powered Cognitive Ambient Backscatter Networks}, 
  year={2021},
  volume={5},
  number={4},
  pages={1657-1668},
  doi={10.1109/TGCN.2021.3102660}}
@ARTICLE{10036459,
  author={Sun, Hongguang and Zhao, Zelun and Cheng, Hu and Lyu, Jiangbin and Wang, Xijun and Zhang, Yan and Quek, Tony Q. S.},
  journal={IEEE Transactions on Communications}, 
  title={{IRS}-Assisted {RF}-Powered {IoT} Networks: System Modeling and Performance Analysis}, 
  year={2023},
  volume={71},
  number={4},
  pages={2425-2440}}

@ARTICLE{9627726,
  author={Mao, Bomin and Tang, Fengxiao and Kawamoto, Yuichi and Kato, Nei},
  journal={IEEE Communications Surveys \& Tutorials}, 
  title={{AI} Models for Green Communications Towards {6G}}, 
  year={2022},
  volume={24},
  number={1},
  pages={210-247}}

@ARTICLE{9802635,
  author={Liu, Xilong and Ansari, Nirwan and Sha, Qiuyu and Jia, Yongxing},
  journal={IEEE Internet of Things Journal}, 
  title={Efficient Green Energy Far-Field Wireless Charging for Internet of Things}, 
  year={2022},
  volume={9},
  number={22},
  pages={23047-23057}}

@ARTICLE{10580989,
  author={Ma, Xiongbo and Liu, Xilong and Ansari, Nirwan},
  journal={IEEE Internet of Things Journal}, 
  title={Green Laser-Powered {UAV} Far-Field Wireless Charging and Data Backhauling for a Large-Scale Sensor Network}, 
  year={2024},
  volume={11},
  number={19},
  pages={31932-31946}}
