
%% ----------Introduction----------
% digital divide


@ARTICLE{9681630,  
author={Zhang, Yaguang and Love, David J. and Krogmeier, James V. and Anderson, Christopher R. and Heath, Robert W. and Buckmaster, Dennis R.},  
journal={IEEE Communications Magazine},   
title={Challenges and Opportunities of Future Rural Wireless Communications},   
year={2021},  
volume={59},  
number={12},  
pages={16-22},  
doi={10.1109/MCOM.001.2100280}}

% data-drived policy-making
@ARTICLE{9681629,  
author={Parekh, Janaki and Parekh, Chaitanya and Ghasemi, Amir},  
journal={IEEE Communications Magazine},   
title={Enabling Universal Connectivity via Data-Driven Policymaking: A North {A}merican Case Study},   
year={2021},  
volume={59},  
number={12},  
pages={23-29},  
doi={10.1109/MCOM.001.2100478}}
% high altitude platform stations
@ARTICLE{9900369,  
author={Euler, Sebastian and Lin, Xingqin and Tejedor, Erika and Obregon, Evanny},  
journal={IEEE Vehicular Technology Magazine},   
title={High-Altitude Platform Stations as International Mobile Telecommunications Base Stations: A Primer on {HIBS}},   
year={2022},  
volume={},  
number={},  
pages={2-10},  
doi={10.1109/MVT.2022.3202004}}
% mega-constellations of low Earth orbit
@ARTICLE{9681631,  
author={Lin, Xingqin and Cioni, Stefano and Charbit, Gilles and Chuberre, Nicolas and Hellsten, Sven and Boutillon, Jean Francois},  
journal={IEEE Communications Magazine},   
title={On the Path to 6{G}: Embracing the Next Wave of Low Earth Orbit Satellite Access},   
year={2021},  
volume={59},  
number={12},  
pages={36-42},  
doi={10.1109/MCOM.001.2100298}}
% wind-turbine-mounted base stations
@ARTICLE{9681626,  
author={Matracia, Maurilio and Kishk, Mustafa A. and Alouini, Mohamed Slim},  
journal={IEEE Communications Magazine},   
title={Exploiting Wind-Turbine-Mounted Base Stations to Enhance Rural Connectivity},   
year={2021},  
volume={59},  
number={12},  
pages={50-56},  
doi={10.1109/MCOM.001.2100468}}
% cellular-connected {UAV}s toward 6{G}
@article{mozaffari2021toward,
  title={Toward 6{G} with connected sky: {UAV}s and beyond},
  author={Mozaffari, Mohammad and Lin, Xingqin and Hayes, Stephen},
  journal={IEEE Communications Magazine},
  volume={59},
  number={12},
  pages={74--80},
  year={2021},
  publisher={IEEE}
}
% {IOT} 
@article{patel2016internet,
  title={{Internet of Things}-{IOT}: definition, characteristics, architecture, enabling technologies, application \& future challenges},
  author={Patel, Keyur K and Patel, Sunil M and Scholar, P},
  journal={International journal of engineering science and computing},
  volume={6},
  number={5},
  year={2016}
}
% {IOT} device
@article{whitmore2015internet,
  title={The {Internet of Things}: {A} survey of topics and trends},
  author={Whitmore, Andrew and Agarwal, Anurag and Da Xu, Li},
  journal={Information systems frontiers},
  volume={17},
  number={2},
  pages={261--274},
  year={2015},
  publisher={Springer}
}
% energy-harvesting and time-slotted system
@ARTICLE{6951347,  
author={Lu, Xiao and Wang, Ping and Niyato, Dusit and Kim, Dong In and Han, Zhu},  
journal={IEEE Communications Surveys \& Tutorials},   
title={Wireless Networks With {RF} Energy Harvesting: A Contemporary Survey},   
year={2015},  
volume={17},  
number={2},  
pages={757-789},  
doi={10.1109/COMST.2014.2368999}}
% {RF} charging
@ARTICLE{7120022,  
author={Huang, Kaibin and Zhou, Xiangyun},  
journal={IEEE Communications Magazine},   
title={Cutting the last wires for mobile communications by microwave power transfer},   
year={2015},  
volume={53},  
number={6},  
pages={86-93},  
doi={10.1109/MCOM.2015.7120022}}

%% -----------Related Work----------
% joint ECP and TCP 
@article{abd2018joint,
  title={Joint energy and {SINR} coverage in spatially clustered {RF}-powered {IoT} network},
  author={Abd-Elmagid, Mohamed A and Kishk, Mustafa A and Dhillon, Harpreet S},
  journal={IEEE Transactions on Green Communications and Networking},
  volume={3},
  number={1},
  pages={132--146},
  year={2018},
  publisher={IEEE}
}
@INPROCEEDINGS{8422298,  
author={\vspace{0mm}{Abd-Elmagid}, Mohamed A. and Kishk, Mustafa A. and Dhillon, Harpreet S.},  
booktitle={2018 IEEE International Conference on Communications (ICC)},   
title={Coverage Analysis of Spatially Clustered {RF}-Powered {IoT} Network},   
year={2018},  
volume={},  
number={},  
pages={1-7},  
doi={10.1109/ICC.2018.8422298}}
@article{lahmeri2019stochastic,
  title={Stochastic geometry-based analysis of airborne base stations with laser-powered {UAV}s},
  author={Lahmeri, Mohamed Amine and Kishk, Mustafa A and Alouini, Mohamed Slim},
  journal={IEEE Communications Letters},
  volume={24},
  number={1},
  pages={173--177},
  year={2019},
  publisher={IEEE}
}

% stochastic geography for energy harvesting
@ARTICLE{6786061,  
author={Dhillon, Harpreet S. and Li, Ying and Nuggehalli, Pavan and Pi, Zhouyue and Andrews, Jeffrey G.},  
journal={IEEE Transactions on Wireless Communications},   
title={Fundamentals of Heterogeneous Cellular Networks with Energy Harvesting},   
year={2014},  
volume={13},  
number={5},  
pages={2782-2797},  
doi={10.1109/TWC.2014.040214.131201}
}
@INPROCEEDINGS{7841754,  
  author={Kishk, Mustafa A. and Dhillon, Harpreet S.},  
  booktitle={2016 IEEE Global Communications Conference (GLOBECOM)},   
  title={Downlink Performance Analysis of Cellular-Based {IoT} Network with Energy Harvesting Receivers},   
  year={2016},  
  volume={},  
  number={},  
  pages={1-6},  
  doi={10.1109/GLOCOM.2016.7841754}
}
@ARTICLE{8239664,  
  author={\vspace{0mm}Kishk, Mustafa A. and Dhillon, Harpreet S.},  
  journal={IEEE Transactions on Green Communications and Networking},   
  title={Joint Uplink and Downlink Coverage Analysis of Cellular-based {RF}-powered {IoT} Network},   
  year={2018},  
  volume={2},  
  number={2},  
  pages={446-459},  
  doi={10.1109/TGCN.2017.2786694}}
@ARTICLE{7113917,  
author={Flint, Ian and Lu, Xiao and Privault, Nicolas and Niyato, Dusit and Wang, Ping},  
journal={IEEE Transactions on Wireless Communications},   
title={Performance Analysis of Ambient {RF} Energy Harvesting with Repulsive Point Process Modeling},   
year={2015},  
volume={14},  
number={10},  
pages={5402-5416},  
doi={10.1109/TWC.2015.2437973}
}
@inproceedings{kishk2017modeling,
  title={Modeling and analysis of ambient {RF} energy harvesting in networks with secrecy guard zones},
  author={Kishk, Mustafa A and Dhillon, Harpreet S},
  booktitle={2017 IEEE Wireless Communications and Networking Conference (WCNC)},
  pages={1--6},
  year={2017},
  organization={IEEE}
}
@article{huang2014enabling,
  title={Enabling wireless power transfer in cellular networks: Architecture, modeling and deployment},
  author={Huang, Kaibin and Lau, Vincent KN},
  journal={IEEE Transactions on Wireless Communications},
  volume={13},
  number={2},
  pages={902--912},
  year={2014},
  publisher={IEEE}
}

% {IOT} device
@ARTICLE{7842431,  author={Dhillon, Harpreet S. and Huang, Howard and Viswanathan, Harish},  journal={IEEE Communications Magazine},   title={Wide-area Wireless Communication Challenges for the {Internet of Things}},   year={2017},  volume={55},  number={2},  pages={168-174},  doi={10.1109/MCOM.2017.1500269CM}}
@ARTICLE{6644241,  author={Dhillon, Harpreet S. and Huang, Howard C. and Viswanathan, Harish and Valenzuela, Reinaldo A.},  journal={IEEE Transactions on Wireless Communications},   title={Power-Efficient System Design for Cellular-Based Machine-to-Machine Communications},   year={2013},  volume={12},  number={11},  pages={5740-5753},  doi={10.1109/TWC.2013.100713.130025}}


% A=b(0,rd)
@ARTICLE{5299075,  
author={Srinivasa, Sunil and Haenggi, Martin},  
journal={IEEE Transactions on Vehicular Technology},   
title={Distance Distributions in Finite Uniformly Random Networks: Theory and Applications},   
year={2010},  
volume={59},  
number={2},  
pages={940-949},  
doi={10.1109/TVT.2009.2035044}}

@INPROCEEDINGS{7308984,  
author={Venugopal, Kiran and Valenti, Matthew C. and Heath, Robert W.},  
booktitle={2015 Information Theory and Applications Workshop (ITA)},   
title={Inte{RF}erence in finite-sized highly dense millimeter wave networks},   
year={2015},  
volume={},  
number={},  
pages={175-180},  
doi={10.1109/ITA.2015.7308984}}

@ARTICLE{6279523,  
author={Torrieri, Don and Valenti, Matthew C.},  
journal={IEEE Transactions on Communications},   
title={The Outage Probability of a Finite Ad Hoc Network in {N}akagami Fading},   
year={2012},  
volume={60},  
number={11},  
pages={3509-3518},  
doi={10.1109/TCOMM.2012.081512.110530}}

@INPROCEEDINGS{7421261,  
author={\vspace{0mm}Venugopal, Kiran and Valenti, Matthew C. and Heath, Robert W.},  
booktitle={2015 49th Asilomar Conference on Signals, Systems and Computers},   
title={Analysis of millimeter wave networked wearables in crowded environments},   
year={2015},  
volume={},  
number={},  
pages={872-876},  
doi={10.1109/ACSSC.2015.7421261}}

% Regular Polygons
@ARTICLE{6415342,  
author={Khalid, Zubair and Durrani, Salman},  
journal={IEEE Transactions on Vehicular Technology},   
title={Distance Distributions in Regular Polygons},   
year={2013},  
volume={62},  
number={5},  
pages={2363-2368},  
doi={10.1109/TVT.2013.2241092}}

@ARTICLE{7882710,
author={Afshang, Mehrnaz and Dhillon, Harpreet S.},  
journal={IEEE Transactions on Wireless Communications},  
title={Fundamentals of Modeling Finite Wireless Networks Using Binomial Point Process},   
year={2017},  
volume={16},  
number={5},  
pages={3355-3370},  
doi={10.1109/TWC.2017.2681659}}











% BPP in finite network
@book{haenggi2012stochastic,
  title={Stochastic geometry for wireless networks},
  author={Haenggi, Martin},
  year={2012},
  publisher={Cambridge University Press}
}


% Stochastic geometry tools
@book{blaszczyszyn2018stochastic,
title={Stochastic geometry analysis of cellular networks},
author={Blaszczyszyn, Bartlomiej and Haenggi, Martin and Keeler, Paul and Mukherjee, Sayandev},
year={2018},
publisher={Cambridge University Press}
}

@book{stoyan2013stochastic,
title={Stochastic geometry and its applications},
author={Stoyan, Dietrich and Kendall, Wilfrid S and Chiu, Sung Nok and Mecke, Joseph},
year={2013},
publisher={John Wiley \& Sons}
}

@article{moltchanov2012distance,
  title={Distance distributions in random networks},
  author={Moltchanov, Dmitri},
  journal={Ad Hoc Networks},
  volume={10},
  number={6},
  pages={1146--1166},
  year={2012},
  publisher={Elsevier}
}

@book{david2004order,
  title={Order statistics},
  author={David, Herbert A and Nagaraja, Haikady N},
  year={2004},
  publisher={John Wiley \& Sons}
}

@book{mathai1999introduction,
  title={An introduction to geometrical probability: distributional aspects with applications},
  author={Mathai, Arakaparampil M},
  volume={1},
  year={1999},
  publisher={CRC Press}
}

% some research of the system 
@ARTICLE{6623062,  
author={Zhou, Xun and Zhang, Rui and Ho, Chin Keong},  
journal={IEEE Transactions on Communications},   
title={Wireless Information and Power Transfer: Architecture Design and Rate-Energy Tradeoff},   
year={2013},  
volume={61},  
number={11},  
pages={4754-4767},  
doi={10.1109/TCOMM.2013.13.120855}}

@ARTICLE{6750425,  
author={Krikidis, Ioannis},  
journal={IEEE Transactions on Communications},   
title={Simultaneous Information and Energy Transfer in Large-Scale Networks with/without Relaying},   
year={2014},  
volume={62},  
number={3},  
pages={900-912},  
doi={10.1109/TCOMM.2014.020914.130825}}

@ARTICLE{7009991,  
author={Zhou, Sheng and Chen, Tingjun and Chen, Wei and Niu, Zhisheng},  
journal={IEEE Journal on Selected Areas in Communications},   
title={Outage Minimization for a Fading Wireless Link With Energy Harvesting Transmitter and Receiver},   
year={2015},  
volume={33},  
number={3},  
pages={496-511},  
doi={10.1109/JSAC.2015.2391951}}

% TX-selection policy
@INPROCEEDINGS{7248843,  
author={Blaszczyszyn, Bartlomiej and Giovanidis, Anastasios},  
booktitle={2015 IEEE International Conference on Communications (ICC)},   
title={Optimal geographic caching in cellular networks},   
year={2015},  
volume={},  
number={},  
pages={3358-3363},  
doi={10.1109/ICC.2015.7248843}}

@ARTICLE{9420290,  
author={Matracia, Maurilio and Kishk, Mustafa A. and Alouini, Mohamed Slim},  
journal={IEEE Open Journal of Vehicular Technology},   
title={Coverage Analysis for {UAV}-Assisted Cellular Networks in Rural Areas},
year={2021},  
olume={2},  
number={},  
pages={194-206},  
doi={10.1109/OJVT.2021.3076814}}

% PPP
@ARTICLE{6042301,  
author={Andrews, Jeffrey G. and Baccelli, Francois and Ganti, Radha Krishna},  
journal={IEEE Transactions on Communications},   
title={A Tractable Approach to Coverage and Rate in Cellular Networks},   
year={2011},  
volume={59},  
number={11},  
pages={3122-3134},  
doi={10.1109/TCOMM.2011.100411.100541}
}
@inproceedings{lu2015stochastic,
  title={Stochastic geometry modeling of cellular networks: Analysis, simulation and experimental validation},
  author={Lu, Wei and Di Renzo, Marco},
  booktitle={Proceedings of the 18th ACM International Conference on Modeling, Analysis and Simulation of Wireless and Mobile Systems},
  pages={179--188},
  year={2015}
}

% TX-selection policy
@ARTICLE{7313035,  
author={Schloemann, Javier and Dhillon, Harpreet S. and Buehrer, R. Michael},  
journal={IEEE Transactions on Wireless Communications},   
title={Toward a Tractable Analysis of Localization Fundamentals in Cellular Networks},   
year={2016},  
volume={15},  
number={3},  
pages={1768-1782},  
doi={10.1109/TWC.2015.2496273}
}

% rural communications
@article{demiryurek2010information,
  title={Information systems and communication networks for agriculture and rural people},
  author={DEM{\.I}rY{\"U}rEK, K{\"u}r{\c{s}}at},
  journal={Agricultural Economics},
  volume={56},
  number={5},
  pages={209--214},
  year={2010}
}
% Drone stations
@article{qin2022drone,
  title={Drone Charging Stations Deployment in Rural Areas for Better Wireless Coverage: Challenges and Solutions},
  author={Qin, Yujie and Kishk, Mustafa A and Alouini, Mohamed-Slim},
  journal={IEEE Internet of Things Magazine},
  volume={5},
  number={1},
  pages={148--153},
  year={2022},
  publisher={IEEE}
}

% energy harvesting
@phdthesis{kishk2018coverage,
  title={Coverage, Secrecy, and Stability Analysis of Energy Harvesting Wireless Networks},
  author={Kishk, Mustafa},
  year={2018},
  school={Virginia Tech}
}
% RF powered IoT
@incollection{kishk2020coverage,
  title={Coverage and secrecy analysis of {RF}-powered internet-of-things},
  author={Kishk, Mustafa Abdelsalam and Abd-Elmagid, Mohamed A and Dhillon, Harpreet S},
  year={2020},
  publisher={Institution of Engineering and Technology}
}


