@inproceedings{A_post-quantum_secure,
  title={A post-quantum secure aggregation for federated learning},
  author={Yang, Shisong and Chen, Yuwen and Tu, Shanshan and Yang, Zhen},
  booktitle={Proceedings of the 2022 12th International Conference on Communication and Network Security},
  pages={117--124},
  year={2022}
}

@article{A_survey_on_security,
  title={A survey on security and privacy of federated learning},
  author={Mothukuri, Viraaji and Parizi, Reza M and Pouriyeh, Seyedamin and Huang, Yan and Dehghantanha, Ali and Srivastava, Gautam},
  journal={Future Generation Computer Systems},
  volume={115},
  pages={619--640},
  year={2021},
  publisher={Elsevier}
}

@misc{Apple_pq3,
	title = {Blog - {iMessage} with {PQ3}: {The} new state of the art in quantum-secure messaging at scale - {Apple} {Security} {Research}},
	shorttitle = {Blog - {iMessage} with {PQ3}},
	url = {https://security.apple.com/blog/imessage-pq3/},
	abstract = {We are introducing PQ3, a groundbreaking cryptographic protocol for iMessage that advances the state of the art of end-to-end secure messaging. With compromise-resilient encryption and extensive defenses against even highly sophisticated quantum attacks, PQ3 provides protocol protections that surpass those in all other widely deployed messaging apps.},
	language = {en-US},
	urldate = {2024-03-03},
    year = {2024},
    author= {Apple Security Engineering and Architecture (SEAR)},
	journal = {Blog - iMessage with PQ3: The new state of the art in quantum-secure messaging at scale - Apple Security Research},
}

@article{BESIFL,
  title={BESIFL: Blockchain-empowered secure and incentive federated learning paradigm in IoT},
  author={Xu, Yajing and Lu, Zhihui and Gai, Keke and Duan, Qiang and Lin, Junxiong and Wu, Jie and Choo, Kim-Kwang Raymond},
  journal={IEEE Internet of Things Journal},
  volume={10},
  number={8},
  pages={6561--6573},
  year={2021},
  publisher={IEEE}
}

@article{Blockchain-based_decentralized,
  title={Blockchain-based decentralized and lightweight anonymous authentication for federated learning},
  author={Fan, Mochan and Zhang, Zhipeng and Li, Zonghang and Sun, Gang and Yu, Hongfang and Guizani, Mohsen},
  journal={IEEE Transactions on Vehicular Technology},
  year={2023},
  publisher={IEEE}
}

@article{Blockchain_and_signcryption,
  title={Blockchain and signcryption enabled asynchronous federated learning framework in fog computing},
  author={Zhou, Zhou and Tian, Youliang and Xiong, Jinbo and Peng, Changgen and Li, Jing and Yang, Nan},
  journal={Digital Communications and Networks},
  year={2024},
  publisher={Elsevier}
}

@article{LaF,
  title={LaF: Lattice-based and communication-efficient federated learning},
  author={Xu, Peng and Hu, Manqing and Chen, Tianyang and Wang, Wei and Jin, Hai},
  journal={IEEE Transactions on Information Forensics and Security},
  volume={17},
  pages={2483--2496},
  year={2022},
  publisher={IEEE}
}

@misc{NewHope,
	title = {{NewHope: A key-exchange protocol based on the Ring-Learning-with-Errors (Ring-LWE)}},
	url = {https://newhopecrypto.org/},
	urldate = {2024-05-17},
	author = {Schwabe, Peter},
}

@inproceedings{OQS_project,
  title={Post-quantum key exchange for the internet and the open quantum safe project},
  author={Stebila, Douglas and Mosca, Michele},
  booktitle={International Conference on Selected Areas in Cryptography},
  pages={14--37},
  year={2016},
  organization={Springer}
}

@article{Performance_Analysis,
  title={Performance Analysis and Evaluation of Post Quantum Secure Blockchain Federated Learning},
  author={Gurung, Dev and Pokhrel, Shiva Raj and Li, Gang},
  journal={arXiv preprint arXiv:2306.14772},
  year={2023}
}

@inproceedings{Practical_secure_aggregation,
  title={Practical secure aggregation for privacy-preserving machine learning},
  author={Bonawitz, Keith and Ivanov, Vladimir and Kreuter, Ben and Marcedone, Antonio and McMahan, H Brendan and Patel, Sarvar and Ramage, Daniel and Segal, Aaron and Seth, Karn},
  booktitle={proceedings of the 2017 ACM SIGSAC Conference on Computer and Communications Security},
  pages={1175--1191},
  year={2017}
}

@misc{Signal_pqxdh,
  title={The PQXDH Key Agreement Protocol},
  author={Kret, Ehren and Schmidt, Rolfe},
  year={2023}
}

@techreport{TLS,
  title={The transport layer security (TLS) protocol version 1.3},
  author={Rescorla, Eric},
  institution={Internet Engineering Task Force (IETF)},
  url = {https://www.rfc-editor.org/rfc/rfc8446},
  urldate = {2024-09-17},
  year={2018}
}

@techreport{hybrid_key_exchange_TLS_1.3,
    number =    {draft-ietf-tls-hybrid-design-09},
    type =      {Internet-Draft},
    institution =   {Internet Engineering Task Force},
    publisher = {Internet Engineering Task Force},
    note =      {Work in Progress},
    url =       {https://datatracker.ietf.org/doc/draft-ietf-tls-hybrid-design/09/},
    author =    {Douglas Stebila and Scott Fluhrer and Shay Gueron},
    title =     {{Hybrid key exchange in TLS 1.3}}

@article{kyber,
  title={CRYSTALS-Kyber algorithm specifications and supporting documentation},
  author={Avanzi, Roberto and Bos, Joppe and Ducas, L{\'e}o and Kiltz, Eike and Lepoint, Tancr{\`e}de and Lyubashevsky, Vadim and Schanck, John M and Schwabe, Peter and Seiler, Gregor and Stehl{\'e}, Damien},
  journal={NIST PQC Round},
  volume={2},
  number={4},
  pages={1--43},
  year={2019}
}

