@inproceedings{langley00,
 author    = {P. Langley},
 title     = {Crafting Papers on Machine Learning},
 year      = {2000},
 pages     = {1207--1216},
 editor    = {Pat Langley},
 booktitle     = {Proceedings of the 17th International Conference
              on Machine Learning (ICML 2000)},
 address   = {Stanford, CA},
 publisher = {Morgan Kaufmann}
}


@inproceedings{martinez2020minimax,
  title={Minimax pareto fairness: A multi objective perspective},
  author={Martinez, Natalia and Bertran, Martin and Sapiro, Guillermo},
  booktitle={International conference on machine learning},
  pages={6755--6764},
  year={2020},
  organization={PMLR}
}


@inproceedings{diana2021minimax,
  title={Minimax group fairness: Algorithms and experiments},
  author={Diana, Emily and Gill, Wesley and Kearns, Michael and Kenthapadi, Krishnaram and Roth, Aaron},
  booktitle={Proceedings of the 2021 AAAI/ACM Conference on AI, Ethics, and Society},
  pages={66--76},
  year={2021}
}

@TechReport{mitchell80,
  author = 	 "T. M. Mitchell",
  title = 	 "The Need for Biases in Learning Generalizations",
  institution =  "Computer Science Department, Rutgers University",
  year = 	 "1980",
  address =	 "New Brunswick, MA",
}

@phdthesis{kearns89,
  author = {M. J. Kearns},
  title =  {Computational Complexity of Machine Learning},
  school = {Department of Computer Science, Harvard University},
  year =   {1989}
}

@Book{MachineLearningI,
  editor = 	 "R. S. Michalski and J. G. Carbonell and T.
		  M. Mitchell",
  title = 	 "Machine Learning: An Artificial Intelligence
		  Approach, Vol. I",
  publisher = 	 "Tioga",
  year = 	 "1983",
  address =	 "Palo Alto, CA"
}

@Book{DudaHart2nd,
  author =       "R. O. Duda and P. E. Hart and D. G. Stork",
  title =        "Pattern Classification",
  publisher =    "John Wiley and Sons",
  edition =      "2nd",
  year =         "2000"
}

@misc{anonymous,
  title= {Suppressed for Anonymity},
  author= {Author, N. N.},
  year= {2021}
}

@InCollection{Newell81,
  author =       "A. Newell and P. S. Rosenbloom",
  title =        "Mechanisms of Skill Acquisition and the Law of
                  Practice", 
  booktitle =    "Cognitive Skills and Their Acquisition",
  pages =        "1--51",
  publisher =    "Lawrence Erlbaum Associates, Inc.",
  year =         "1981",
  editor =       "J. R. Anderson",
  chapter =      "1",
  address =      "Hillsdale, NJ"
}


@Article{Samuel59,
  author = 	 "A. L. Samuel",
  title = 	 "Some Studies in Machine Learning Using the Game of
		  Checkers",
  journal =	 "IBM Journal of Research and Development",
  year =	 "1959",
  volume =	 "3",
  number =	 "3",
  pages =	 "211--229"
}

@inproceedings{freund1996game,
  title={Game theory, on-line prediction and boosting},
  author={Freund, Yoav and Schapire, Robert E},
  booktitle={Proceedings of the ninth annual conference on Computational learning theory},
  pages={325--332},
  year={1996}
}

@inproceedings{agarwal2018reductions,
  title={A reductions approach to fair classification},
  author={Agarwal, Alekh and Beygelzimer, Alina and Dud{\'\i}k, Miroslav and Langford, John and Wallach, Hanna},
  booktitle={International conference on machine learning},
  pages={60--69},
  year={2018},
  organization={PMLR}
}

@inproceedings{kearns2018preventing,
  title={Preventing fairness gerrymandering: Auditing and learning for subgroup fairness},
  author={Kearns, Michael and Neel, Seth and Roth, Aaron and Wu, Zhiwei Steven},
  booktitle={International conference on machine learning},
  pages={2564--2572},
  year={2018},
  organization={PMLR}
}

@article{calvo2023state,
  title={State augmented constrained reinforcement learning: Overcoming the limitations of learning with rewards},
  author={Calvo-Fullana, Miguel and Paternain, Santiago and Chamon, Luiz FO and Ribeiro, Alejandro},
  journal={IEEE Transactions on Automatic Control},
  year={2023},
  publisher={IEEE}
}

@article{haghtalab2024unifying,
  title={A unifying perspective on multi-calibration: Game dynamics for multi-objective learning},
  author={Haghtalab, Nika and Jordan, Michael and Zhao, Eric},
  journal={Advances in Neural Information Processing Systems},
  volume={36},
  year={2024}
}

@inproceedings{cousinswelfare,
  title={On Welfare-Centric Fair Reinforcement Learning},
  author={Cousins, Cyrus and Asadi, Kavosh and Lobo, Elita and Littman, Michael L},
year = {2024},
booktitle = {Reinforcement Learning Conference}
}

@inproceedings{barak2009uniform,
  title={The uniform hardcore lemma via approximate bregman projections},
  author={Barak, Boaz and Hardt, Moritz and Kale, Satyen},
  booktitle={Proceedings of the twentieth annual ACM-SIAM symposium on Discrete algorithms},
  pages={1193--1200},
  year={2009},
  organization={SIAM}
}

@article{miryoosefi2019reinforcement,
  title={Reinforcement learning with convex constraints},
  author={Miryoosefi, Sobhan and Brantley, Kiant{\'e} and Daume III, Hal and Dudik, Miro and Schapire, Robert E},
  journal={Advances in neural information processing systems},
  volume={32},
  year={2019}
}
@book{puterman2014markov,
  title={Markov decision processes: discrete stochastic dynamic programming},
  author={Puterman, Martin L},
  year={2014},
  publisher={John Wiley \& Sons}
}

@article{muller2024truly,
  title={Truly No-Regret Learning in Constrained MDPs},
  author={M{\"u}ller, Adrian and Alatur, Pragnya and Cevher, Volkan and Ramponi, Giorgia and He, Niao},
  journal={arXiv preprint arXiv:2402.15776},
  year={2024}
}

@article{michailidis2024scalable,
  title={Scalable Multi-Objective Reinforcement Learning with Fairness Guarantees using Lorenz Dominance},
  author={Michailidis, Dimitris and R{\"o}pke, Willem and Roijers, Diederik M and Ghebreab, Sennay and Santos, Fernando P},
  journal={arXiv preprint arXiv:2411.18195},
  year={2024}
}
@article{sion1958general,
  title={On general minimax theorems.},
  author={Sion, Maurice},
  year={1958}
}

@book{brown1949some,
  title={Some notes on computation of games solutions},
  author={Brown, George W},
  year={1949},
  publisher={Rand Corporation}
}

@article{kalai2005efficient,
  title={Efficient algorithms for online decision problems},
  author={Kalai, Adam and Vempala, Santosh},
  journal={Journal of Computer and System Sciences},
  volume={71},
  number={3},
  pages={291--307},
  year={2005},
  publisher={Elsevier}
}

@article{dudik2020oracle,
  title={Oracle-efficient online learning and auction design},
  author={Dud{\'\i}k, Miroslav and Haghtalab, Nika and Luo, Haipeng and Schapire, Robert E and Syrgkanis, Vasilis and Vaughan, Jennifer Wortman},
  journal={Journal of the ACM (JACM)},
  volume={67},
  number={5},
  pages={1--57},
  year={2020},
  publisher={ACM New York, NY, USA}
}

@article{robinson1951iterative,
  title={An iterative method of solving a game},
  author={Robinson, Julia},
  journal={Annals of mathematics},
  volume={54},
  number={2},
  pages={296--301},
  year={1951},
  publisher={JSTOR}
}

@inproceedings{jabbari2017fairness,
  title={Fairness in reinforcement learning},
  author={Jabbari, Shahin and Joseph, Matthew and Kearns, Michael and Morgenstern, Jamie and Roth, Aaron},
  booktitle={International conference on machine learning},
  pages={1617--1626},
  year={2017},
  organization={PMLR}
}

@inproceedings{daskalakis2014counter,
  title={A counter-example to Karlin's strong conjecture for fictitious play},
  author={Daskalakis, Constantinos and Pan, Qinxuan},
  booktitle={2014 IEEE 55th Annual Symposium on Foundations of Computer Science},
  pages={11--20},
  year={2014},
  organization={IEEE}
}


@article{rozada2024deterministic,
  title={Deterministic Policy Gradient Primal-Dual Methods for Continuous-Space Constrained MDPs},
  author={Rozada, Sergio and Ding, Dongsheng and Marques, Antonio G and Ribeiro, Alejandro},
  journal={arXiv preprint arXiv:2408.10015},
  year={2024}
}

@inproceedings{chakrabortymaxmin,
  title={MaxMin-RLHF: Alignment with Diverse Human Preferences},
  author={Chakraborty, Souradip and Qiu, Jiahao and Yuan, Hui and Koppel, Alec and Manocha, Dinesh and Huang, Furong and Bedi, Amrit and Wang, Mengdi},
  booktitle={Forty-first International Conference on Machine Learning}
}

@inproceedings{wen2021algorithms,
  title={Algorithms for fairness in sequential decision making},
  author={Wen, Min and Bastani, Osbert and Topcu, Ufuk},
  booktitle={International Conference on Artificial Intelligence and Statistics},
  pages={1144--1152},
  year={2021},
  organization={PMLR}
}

@article{satija2023group,
  title={Group fairness in reinforcement learning},
  author={Satija, Harsh and Lazaric, Alessandro and Pirotta, Matteo and Pineau, Joelle},
  journal={Transactions on Machine Learning Research},
  year={2023}
}

@article{reuel2024fairness,
  title={Fairness in Reinforcement Learning: A Survey},
  author={Reuel, Anka and Ma, Devin},
  journal={arXiv preprint arXiv:2405.06909},
  year={2024}
}
@article{swamy2024minimaximalist,
  title={A minimaximalist approach to reinforcement learning from human feedback},
  author={Swamy, Gokul and Dann, Christoph and Kidambi, Rahul and Wu, Zhiwei Steven and Agarwal, Alekh},
  journal={arXiv preprint arXiv:2401.04056},
  year={2024}
}

@article{yang2019generalized,
  title={A generalized algorithm for multi-objective reinforcement learning and policy adaptation},
  author={Yang, Runzhe and Sun, Xingyuan and Narasimhan, Karthik},
  journal={Advances in neural information processing systems},
  volume={32},
  year={2019}
}

@inproceedings{li2024optimizing,
  title={Optimizing Language Models with Fair and Stable Reward Composition in Reinforcement Learning},
  author={Li, Jiahui and Zhang, Hanlin and Zhang, Fengda and Chang, Tai-Wei and Kuang, Kun and Chen, Long and Zhou, Jun},
  booktitle={Proceedings of the 2024 Conference on Empirical Methods in Natural Language Processing},
  pages={10122--10140},
  year={2024}
}

@inproceedings{neel2019use,
  title={How to use heuristics for differential privacy},
  author={Neel, Seth V and Roth, Aaron L and Wu, Zhiwei Steven},
  booktitle={2019 IEEE 60th Annual Symposium on Foundations of Computer Science (FOCS)},
  pages={72--93},
  year={2019},
  organization={IEEE}
}

@article{li2024reinforcement,
  title={A reinforcement learning-based routing algorithm for large street networks},
  author={Li, Diya and Zhang, Zhe and Alizadeh, Bahareh and Zhang, Ziyi and Duffield, Nick and Meyer, Michelle A and Thompson, Courtney M and Gao, Huilin and Behzadan, Amir H},
  journal={International Journal of Geographical Information Science},
  volume={38},
  number={2},
  pages={183--215},
  year={2024},
  publisher={Taylor \& Francis}
}

@article{brafman2002r,
  title={R-max-a general polynomial time algorithm for near-optimal reinforcement learning},
  author={Brafman, Ronen I and Tennenholtz, Moshe},
  journal={Journal of Machine Learning Research},
  volume={3},
  number={Oct},
  pages={213--231},
  year={2002}
}

@article{kearns2002near,
  title={Near-optimal reinforcement learning in polynomial time},
  author={Kearns, Michael and Singh, Satinder},
  journal={Machine learning},
  volume={49},
  pages={209--232},
  year={2002},
  publisher={Springer}
}

@article{jeong2003measuring,
  title={Measuring preferential attachment in evolving networks},
  author={Jeong, Hawoong and N{\'e}da, Zoltan and Barab{\'a}si, Albert-L{\'a}szl{\'o}},
  journal={Europhysics letters},
  volume={61},
  number={4},
  pages={567},
  year={2003},
  publisher={IOP Publishing}
}

@article{modelbarabasi,
  title={Barab{\'a}si--Albert model},
  author={Model, A}
}

@Book{LearningInGames,
  editor = 	 "Aaron Roth",
  title = 	 "Learning in Games",
  year = 	 "2024",
  address =	 "Philadelphia, PA"
}

@inproceedings{syrgkanis2016efficient,
  title={Efficient algorithms for adversarial contextual learning},
  author={Syrgkanis, Vasilis and Krishnamurthy, Akshay and Schapire, Robert},
  booktitle={International Conference on Machine Learning},
  pages={2159--2168},
  year={2016},
  organization={PMLR}
}

@book{barabasi2016network,
  author = {Barabási, Albert-László and Pósfai, Márton},
  isbn = {9781107076266 1107076269},
  publisher = {Cambridge University Press},
  title = {Network science},
  year = 2016
}

@article{goldman1993exact,
  title={Exact identification of read-once formulas using fixed points of amplification functions},
  author={Goldman, Sally A and Kearns, Michael J and Schapire, Robert E},
  journal={SIAM Journal on Computing},
  volume={22},
  number={4},
  pages={705--726},
  year={1993},
  publisher={SIAM}
}