@inproceedings{agarwal2018reductions,
  title={A reductions approach to fair classification},
  author={Agarwal, Alekh and Beygelzimer, Alina and Dud{\'\i}k, Miroslav and Langford, John and Wallach, Hanna},
  booktitle={International conference on machine learning},
  pages={60--69},
  year={2018},
  organization={PMLR}
}

@article{calvo2023state,
  title={State augmented constrained reinforcement learning: Overcoming the limitations of learning with rewards},
  author={Calvo-Fullana, Miguel and Paternain, Santiago and Chamon, Luiz FO and Ribeiro, Alejandro},
  journal={IEEE Transactions on Automatic Control},
  year={2023},
  publisher={IEEE}
}

@inproceedings{cousinswelfare,
  title={On Welfare-Centric Fair Reinforcement Learning},
  author={Cousins, Cyrus and Asadi, Kavosh and Lobo, Elita and Littman, Michael L},
year = {2024},
booktitle = {Reinforcement Learning Conference}
}

@inproceedings{jabbari2017fairness,
  title={Fairness in reinforcement learning},
  author={Jabbari, Shahin and Joseph, Matthew and Kearns, Michael and Morgenstern, Jamie and Roth, Aaron},
  booktitle={International conference on machine learning},
  pages={1617--1626},
  year={2017},
  organization={PMLR}
}

@inproceedings{kearns2018preventing,
  title={Preventing fairness gerrymandering: Auditing and learning for subgroup fairness},
  author={Kearns, Michael and Neel, Seth and Roth, Aaron and Wu, Zhiwei Steven},
  booktitle={International conference on machine learning},
  pages={2564--2572},
  year={2018},
  organization={PMLR}
}

@article{michailidis2024scalable,
  title={Scalable Multi-Objective Reinforcement Learning with Fairness Guarantees using Lorenz Dominance},
  author={Michailidis, Dimitris and R{\"o}pke, Willem and Roijers, Diederik M and Ghebreab, Sennay and Santos, Fernando P},
  journal={arXiv preprint arXiv:2411.18195},
  year={2024}
}

@article{miryoosefi2019reinforcement,
  title={Reinforcement learning with convex constraints},
  author={Miryoosefi, Sobhan and Brantley, Kiant{\'e} and Daume III, Hal and Dudik, Miro and Schapire, Robert E},
  journal={Advances in neural information processing systems},
  volume={32},
  year={2019}
}

@article{muller2024truly,
  title={Truly No-Regret Learning in Constrained MDPs},
  author={M{\"u}ller, Adrian and Alatur, Pragnya and Cevher, Volkan and Ramponi, Giorgia and He, Niao},
  journal={arXiv preprint arXiv:2402.15776},
  year={2024}
}

@article{reuel2024fairness,
  title={Fairness in Reinforcement Learning: A Survey},
  author={Reuel, Anka and Ma, Devin},
  journal={arXiv preprint arXiv:2405.06909},
  year={2024}
}

@article{satija2023group,
  title={Group fairness in reinforcement learning},
  author={Satija, Harsh and Lazaric, Alessandro and Pirotta, Matteo and Pineau, Joelle},
  journal={Transactions on Machine Learning Research},
  year={2023}
}

@inproceedings{wen2021algorithms,
  title={Algorithms for fairness in sequential decision making},
  author={Wen, Min and Bastani, Osbert and Topcu, Ufuk},
  booktitle={International Conference on Artificial Intelligence and Statistics},
  pages={1144--1152},
  year={2021},
  organization={PMLR}
}

