@proceedings{emnlp24,
  title        = {Proceedings of the 2024 Conference on Empirical Methods in Natural Language Processing (EMNLP)},
  year         = {2024},
  booktitle    = {Proceedings of the 2024 Conference on Empirical Methods in Natural Language Processing (EMNLP)},
  publisher    = {Association for Computational Linguistics},
}

@proceedings{acl23,
  title        = {Proceedings of the 61st Annual Meeting of the Association for Computational
                  Linguistics },
  year         = 2023,
  booktitle    = {Proceedings of the 61st Annual Meeting of the Association for Computational
                  Linguistics},
  publisher    = {Association for Computational Linguistics},
  editor       = {A. Rogers and
                  J. Boyd{-}Graber and
                  N. Okazaki},
}

@proceedings{acl24,
  title        = {Proceedings of the 62nd Annual Meeting of the Association for Computational
                  Linguistics },
  year         = 2024,
  booktitle    = {Proceedings of the 62nd Annual Meeting of the Association for Computational
                  Linguistics},
  publisher    = {Association for Computational Linguistics},
  editor       = {L. Ku and
                  A. Martins and
                  V. Srikumar},
}

@proceedings{emnlp18,
title = {Proceedings of the 2018 Conference on Empirical Methods in Natural Language Processing,},
  editor       = {Ellen Riloff and
                  David Chiang and
                  Julia Hockenmaier and
                  Jun'ichi Tsujii},
  booktitle    = {Proceedings of the 2018 Conference on Empirical Methods in Natural Language Processing},

  publisher    = {Association for Computational Linguistics},
  year         = {2018},
}

@proceedings{coling20,
  title    = {Proceedings of the 28th International Conference on Computational
                  Linguistics, {COLING} 2020,},
editor       = {Donia Scott and
                  N{\'{u}}ria Bel and
                  Chengqing Zong},
  booktitle    = {Proceedings of the 28th International Conference on Computational
                  Linguistics, {COLING} 2020},
  publisher    = {International Committee on Computational Linguistics},
  year         = {2020},
}

@proceedings{naacl21,
title = {Proceedings of the 2021 Conference of the North American Chapter of
                  the Association for Computational Linguistics: Human Language Technologies,
                  {NAACL-HLT} 2021, Online, June 6-11, 2021},
    booktitle    = {Proceedings of the 2021 Conference of the North American Chapter of
                  the Association for Computational Linguistics: Human Language Technologies,
                  {NAACL-HLT} 2021, Online, June 6-11, 2021},
  editor       = {K. Toutanova and
                  A. Rumshisky and
                  L. Zettlemoyer and
                  D. Hakkani{-}T{\"{u}}r and
                  I. Beltagy and
                  S. Bethard and
                  R. Cotterell and
                  T. Chakraborty and
                  Y. Zhou},
  publisher    = {Association for Computational Linguistics},
  year         = {2021},
}


@proceedings{aclf23,
title = {  Findings of the Association for Computational Linguistics: {ACL} 2023},
  editor       = {Anna Rogers and
                  Jordan L. Boyd{-}Graber and
                  Naoaki Okazaki},
  booktitle    = {Findings of the Association for Computational Linguistics: {ACL} 2023},
  publisher    = {Association for Computational Linguistics},
  year         = {2023},
}

@proceedings{coling02,
title = {19th International Conference on Computational Linguistics, {COLING}},
booktitle    = {19th International Conference on Computational Linguistics, {COLING}},
  year         = {2002},
}

@inproceedings{aclwqa18a,
  booktitle    = {Proceedings of the Workshop on Machine Reading for Question Answering@ACL 2018},
  title        = {Proceedings of the Workshop on Machine Reading for Question Answering@ACL 2018},
  editor       = {E. Choi and
                  M. Seo and
                  D. Chen and
                  R. Jia and
                  Jonathan Berant},
  publisher    = {Association for Computational Linguistics},
  year         = {2018},
}
