@proceedings{aaai92,
  title =	 {Proc. of {AAAI}'92},
  booktitle =	 {Proc. of {AAAI}'92},
  year =	 1992
}

@proceedings{aaai94,
  title =	 {Proc. of {AAAI}'94},
  booktitle =	 {Proc. of {AAAI}'94},
  year =	 1994
}

@proceedings{aaai97,
  title =	 {Proc. of {AAAI}'97},
  booktitle =	 {Proc. of {AAAI}'97},
  year =	 1997
}

@proceedings{aaai04,
  title =	 {Proc. of {AAAI}'04},
  booktitle =	 {Proc. of {AAAI}'04},
  year =	 2004
}

@proceedings{aaai07,
  title =	 {Proc. of {AAAI}'07},
  booktitle =	 {Proc. of {AAAI}'07},
  year =	 2007
}

@proceedings{aaai10,
  title =	 {Proc. of {AAAI}'10},
  booktitle =	 {Proc. of {AAAI}'10},
  year =	 2010
}

@proceedings{aaai14,
  title =	 {Proc. of {AAAI}'14},
  booktitle =	 {Proc. of {AAAI}'14},
  year =	 2014
}

@proceedings{aaai15,
  title =	 {Proc. of {AAAI}'15},
  booktitle =	 {Proc. of {AAAI}'15},
  year =	 {2015}
}

@proceedings{aaai16,
  title =	 {Proc. of {AAAI}'16},
  booktitle =	 {Proc. of {AAAI}'16},
  year =	 {2016}
}

@proceedings{aaai17,
  title =	 {Proc. of {AAAI}'17},
  booktitle =	 {Proc. of {AAAI}'17},
  year =	 {2017}
}

@proceedings{aaai18,
  title =	 {Proc. of {AAAI}'18},
  booktitle =	 {Proc. of {AAAI}'18},
  year =	 {2018}
}

@proceedings{aaai19,
  title =	 {Proc. of {AAAI}'19},
  booktitle =	 {Proc. of {AAAI}'19},
  year =	 {2019}
}

@proceedings{aaai20,
  title =	 {Proc. of {AAAI}'20},
  booktitle =	 {Proc. of {AAAI}'20},
  year =	 {2020}
}

@proceedings{aaai21,
  title =	 {Proc. of {AAAI}'21},
  booktitle =	 {Proc. of {AAAI}'21},
  year =	 {2021}
}

@proceedings{aaai22,
  title =	 {Proc. of {AAAI}'22},
  booktitle =	 {Proc. of {AAAI}'22},
  year =	 {2022}
}

@proceedings{aaai23,
  title =	 {Proc. of {AAAI}'23},
  booktitle =	 {Proc. of {AAAI}'23},
  year =	 {2023}
}

@proceedings{aaaiwsevalml06,
  title =	 {Proc. of {W}orkshops at {AAAI}'06},
  booktitle =	 {Proc. of {W}orkshops at {AAAI}'06},
  year =	 {2015}
}

@proceedings{aaaiws15,
  title =	 {Proc. of {W}orkshops at {AAAI}'15},
  booktitle =	 {Proc. of {W}orkshops at {AAAI}'15},
  year =	 {2015}
}

@proceedings{aaaiws21,
  booktitle = {Proc. of {Workshops at AAAI}'21},
  title = {Proc. of {Workshops at AAAI}'21},
  year =	 2021
}

@proceedings{aajcai19,
  booktitle={Proc. of AAJCAI'19},
  title={Proc. of AAJCAI'19},
  year={2019}
}

@proceedings{acl17,
    title	= {Proc. of ACL'17},
    booktitle	= {Proc. of ACL'17},
    year		= {2017}
}

@proceedings{acl19,
    title	= {Proc. of ACL'19},
    booktitle	= {Proc. of ACL'19},
    year		= {2019}
}

@proceedings{acl19,
  title     = {Proc. of {ACL}'19},
  booktitle = {Proc. of {ACL}'19},
  year      = {2019}
}
@proceedings{acl21,
  title     = {Proc. of {ACL}'21},
  booktitle = {Proc. of {ACL}'21},
  year      = {2021}
}
@proceedings{acml20,
  title     = {Proc. of {ACML}'20},
  booktitle = {Proc. of {ACML}'20},
  year      = {2020}
}

@proceedings{acml21,
  title     = {Proc. of {ACML}'21},
  booktitle = {Proc. of {ACML}'21},
  year      = {2021}
}

@proceedings{aics08,
  title =	 {Proc. of {AICS}'08},
  booktitle = {Proc. of {AICS}'08},
  year =	 {2008}
}

@proceedings{ail21,
  title = {Proc. of {AILS}'21},
  booktitle = {Proc. of {AILS}'21},
  year = {2021}
 }

@proceedings{aips98,
  title     = {Proc. of {AIPS}'98},
  booktitle = {Proc. of {AIPS}'98},
  year      = {1998}
}

@proceedings{aips02,
  title     = {Proc. of {AIPS}'02},
  booktitle = {Proc. of {AIPS}'02},
  year      = {2002}
}

@proceedings{aistats09,
  title = {Proc. of {AISTATS}'09},
  booktitle = {Proc. of {AISTATS}'09},
  year = {2009}
}

@proceedings{aistats11,
  title = {Proc. of {AISTATS}'11},
  booktitle = {Proc. of {AISTATS}'11},
  year = {2011}
}

@proceedings{aistats14,
  title = {Proc. of {AISTATS}'14},
  booktitle = {Proc. of {AISTATS}'14},
  year = {2014}
}

@proceedings{aistats16,
  title = {Proc. of {AISTATS}'16},
  booktitle = {Proc. of {AISTATS}'16},
  year = {2016}
}

@proceedings{aistats17,
  title = {Proc. of {AISTATS}'17},
  booktitle = {Proc. of {AISTATS}'17},
  year = {2017}
}

@proceedings{aistats18,
  title = {Proc. of {AISTATS}'18},
  booktitle = {Proc. of {AISTATS}'18},
  year = {2018}
}

@proceedings{aistats19,
  title = {Proc. of {AISTATS}'19},
  booktitle = {Proc. of {AISTATS}'19},
  year = {2019}
}

@proceedings{aistats20,
  title = {Proc. of {AISTATS}'20},
  booktitle = {Proc. of {AISTATS}'20},
  year = {2020}
}

@proceedings{aistats21,
  title = {Proc. of {AISTATS}'21},
  booktitle = {Proc. of {AISTATS}'21},
  year = {2021}
}

@proceedings{ants10,
  title     = {Proc. of {ANTS}'18},
  booktitle = {Proc. of {ANTS}'18},
  year      = {2010}
}

@book{as12,
  title     = {{A}utonomous {S}earch},
  booktitle     = {{A}utonomous {S}earch},
  year      = {2012}
}

@proceedings{ase15,
  title = {Proc. of {ASE}'15},
  booktitle = {Proc. of {ASE}'15},
  year = 2015
}

@proceedings{ase19,
  title = {Proc. of {ASE}'19},
  booktitle = {Proc. of {ASE}'19},
  year = 2019
}

@proceedings{autodiff17,
    booktitle = {Neur{IPS} {A}utodiff {W}orkshop},
    title     = {Neur{IPS} {A}utodiff {W}orkshop},
    year      = {2017},
}


@proceedings{automl14,
  title = {{ICML} {W}orkshop on {A}uto{ML}},
  booktitle = {{ICML} {W}orkshop on {A}uto{ML}},
  year = {2014}
}

@proceedings{automl16,
  title = {{ICML} {W}orkshop on {A}uto{ML}},
  booktitle = {{ICML} {W}orkshop on {A}uto{ML}},
  year = {2016}
}

@proceedings{automl18,
  title = {{ICML} {W}orkshop on {A}uto{ML}},
  booktitle = {{ICML} {W}orkshop on {A}uto{ML}},
  year = {2018}
}

@proceedings{automl19,
  title = {{ICML} {W}orkshop on {A}uto{ML}},
  booktitle = {{ICML} {W}orkshop on {A}uto{ML}},
  year = {2019}
}

@proceedings{automl20,
  title = {{ICML} {W}orkshop on {A}uto{ML}},
  booktitle = {{ICML} {W}orkshop on {A}uto{ML}},
  year = {2020}
}

@proceedings{automl21,
  title = {{ICML} {W}orkshop on {A}uto{ML}},
  booktitle = {{ICML} {W}orkshop on {A}uto{ML}},
  year = {2021}
}

@proceedings{automlconf22,
    title = 	 {Proc. of {AutoML} Conf'22},
    booktitle = {Proc. of {AutoML} Conf'22},
    year = 	 {2022},
    publisher = {PMLR}
}

@proceedings{automlconf23,
    title = 	 {Proc. of {AutoML} Conf'23},
    booktitle = {Proc. of {AutoML} Conf'23},
    year = 	 {2023},
    publisher = {PMLR}
}

@proceedings{automlconf24,
    title = 	 {Proc. of {AutoML} Conf'24},
    booktitle = {Proc. of {AutoML} Conf'24},
    year = 	 {2024},
    publisher = {PMLR}
}

@proceedings{automlws22,
    title = 	 {{AutoML} Conf'22 Workshop},
    booktitle = {{AutoML} Conf'22 Workshop},
    year = 	 {2022},
}

@proceedings{automlws23,
    title = 	 {{AutoML} Conf'23 Workshop},
    booktitle = {{AutoML} Conf'23 Workshop},
    year = 	 {2023},
}

@proceedings{automlws24,
    title = 	 {{AutoML} Conf'24 Workshop},
    booktitle = {{AutoML} Conf'24 Workshop},
    year = 	 {2024},
}

@proceedings{bayesopt11,
  booktitle = {Bayes{O}pt'11},
  title     = {Bayes{O}pt'11},
  year      = {2011},
}

@proceedings{bayesopt13,
  booktitle = {Bayes{O}pt'13},
  title     = {Bayes{O}pt'13},
  year      = {2013},
}

@proceedings{bayesopt15,
  booktitle = {Bayes{O}pt'15},
  title     = {Bayes{O}pt'15},
  year      = {2015},
}

@proceedings{bayesopt16,
  booktitle = {Bayes{O}pt'16},
  title     = {Bayes{O}pt'16},
  year      = {2016},
}

@proceedings{bayesopt17,
  booktitle = {Bayes{O}pt'17},
  title     = {Bayes{O}pt'17},
  year      = {2017},
}

@proceedings{benelearn04,
  booktitle = {{BENELEARN}'04},
  title     = {{BENELEARN}'04},
  year      = {2004},
}

@proceedings{bigdata17,
    title     = {IEEE Big Data'17},
    booktitle = {IEEE Big Data'17},
    year      = {2017},
}

@proceedings{bigdataservice21,
    title     = {{IEEE} BigDataService'21},
    title     = {{IEEE} BigDataService'21},
    year      = {2021},
}

@proceedings{bigmine15,
  booktitle = {Proc. of {B}ig{M}ine},
  title     = {Proc. of {B}ig{M}ine},
  year      = {2015}
}
@proceedings{bmvc16,
  title     = {Proc. of BMVC 2016},
  booktitle = {Proc. of BMVC 2016},
  year      = {2016},
}

@proceedings{bmvc18,
  title     = {Proc. of BMVC 2018},
  booktitle = {Proc. of BMVC 2018},
  year      = {2018},
}

@proceedings{bracis16,
    booktitle = {{BRACIS}'16},
    title     = {{BRACIS}'16},
    year      = {2016}
}

@proceedings{bracis20,
    booktitle = {{BRACIS}'20},
    title     = {{BRACIS}'20},
    year      = {2020}
}
@proceedings{cav07,
  booktitle = {Proc. of {CAV}'07},
  title   	= {Proc. of {CAV}'07},
  year		= 2007
}

@proceedings{cec94,
  title     = {Proc. of {CEC}'94},
  booktitle = {Proc. of {CEC}'94},
  year      = {1994}
}

@proceedings{cec96,
  booktitle = {Proc. of {CEC}'96},
  title   	= {Proc. of {CEC}'96},
  year		= 1996
}

@proceedings{cec02,
  booktitle = {Proc. of {CEC}'02},
  title   	= {Proc. of {CEC}'02},
  year		= 2002
}

@proceedings{cec04,
  booktitle = {Proc. of {CEC}'04},
  title   	= {Proc. of {CEC}'04},
  year		= 2004
}

@proceedings{cec05,
  booktitle = {Proc. of {CEC}'05},
  title   	= {Proc. of {CEC}'05},
  year		= 2005
}

@proceedings{cec08,
  booktitle = {Proc. of {CEC}'08},
  title   	= {Proc. of {CEC}'08},
  year		= 2008
}

@proceedings{cec11,
  booktitle = {Proc. of {CEC}'11},
  title   	= {Proc. of {CEC}'11},
  year		= 2011
}

@proceedings{cec12,
  booktitle = {Proc. of {CEC}'12},
  title   	= {Proc. of {CEC}'12},
  year		= 2012
}

@proceedings{cec16,
  booktitle = {Proc. of {CEC}'16},
  title   	= {Proc. of {CEC}'16},
  year		= {2016}
}

@proceedings{cec18,
  booktitle = {Proc. of {CEC}'18},
  title   	= {Proc. of {CEC}'18},
  year		= {2018}
}

@proceedings{cec22,
  booktitle = {Proc. of {CEC}'22},
  title   	= {Proc. of {CEC}'22},
  year		= {2022}
}

@proceedings{chi19,
    booktitle = {Proc. of {CHI'19}},
    title = {Proc. of {CHI'19}},
    year = {2019},
}

@proceedings{chi20,
    booktitle = {Proc. of {CHI'20}},
    title = {Proc. of {CHI'20}},
    year = {2020},
}

@proceedings{chi21,
    booktitle = {Proc. of {CHI'21}},
    title = {Proc. of {CHI'21}},
    year = {2021},
}

@proceedings{ciarp2009,
    title     = {Proc. of {CIARP}'09},
    booktitle = {Proc. of {CIARP}'09},
    year      = {2009},
}

@proceedings{cicling13,
  title = {Proc. of {CICLing}'13},
  booktitle = {Proc. of {CICLing}'13},
  year = {2013}
}

@proceedings{cpaior10,
  booktitle   = {Proc. of {CPAIOR}'10},
  title   = {Proc. of {CPAIOR}'10},
  year		 = 2010
}

@proceedings{cpaior14,
  booktitle   = {Proc. of {CPAIOR}'14},
  title   = {Proc. of {CPAIOR}'14},
  year		 = 2014
}

@proceedings{cocomile12,
  title = {Proc. of {C}o{C}o{M}ile'12},
  booktitle = {Proc. of {C}o{C}o{M}ile'12},
  year = {2012}
}

@proceedings{cogsci17,
  title     = {Proc. of {COGSCI}'17},
  booktitle     = {Proc. of {COGSCI}'17},
  year      = {2017}
}

@proceedings{corl17,
  title = {Proc. of {C}o{RL}'17},
  booktitle = {Proc. of {C}o{RL}'17},
  year      = {2017}
}

@proceedings{corl18,
  title = {Proc. of {C}o{RL}'18},
  booktitle = {Proc. of {C}o{RL}'18},
  year      = {2018}
}

@proceedings{cp02,
  title =	 {Proc. of {CP}'02},
  booktitle = {Proc. of {CP}'02},
  year =	 2002
}

@proceedings{cp04,
  title =	 {Proc. of {CP}'04},
  booktitle = {Proc. of {CP}'04},
  year =	 2004
}

@proceedings{cp06,
  title =	 {Proc. of {CP}'06},
  booktitle = {Proc. of {CP}'06},
  year =	 2006
}

@proceedings{cp07,
  title =	 {Proc. of {CP}'07},
  booktitle = {Proc. of {CP}'07},
  year =	 2007
}

@proceedings{cp09,
  title =	 {Proc. of {CP}'09},
  booktitle = {Proc. of {CP}'09},
  year =	 2009
}

@proceedings{cp10,
  title =	 {Proc. of {CP}'10},
  booktitle = {Proc. of {CP}'10},
  year =	 2010
}

@proceedings{cp11,
  title =	 {Proc. of {CP}'11},
  booktitle =	 {Proc. of {CP}'11},
  year =	 2011
}

@proceedings{csur22,
  title	= {{CSUR} '22},
 booktitle	= {{CSUR} '22},
  year		= {2021},
}

@proceedings{cvpr06,
  title     = {Proc. of {CVPR}'06},
  booktitle = {Proc. of {CVPR}'06},
  year      = {2006}
}

@proceedings{cvpr09,
  title     = {Proc. of {CVPR}'09},
  booktitle = {Proc. of {CVPR}'09},
  year      = {2009}
}

@proceedings{cvpr14,
  title     = {Proc. of {CVPR}'14},
  booktitle = {Proc. of {CVPR}'14},
  year      = {2014}
}

@proceedings{cvpr16,
  title     = {Proc. of {CVPR}'16},
  booktitle = {Proc. of {CVPR}'16},
  year      = {2016}
}

@proceedings{cvpr17,
  title     = {Proc. of {CVPR}'17},
  booktitle = {Proc. of {CVPR}'17},
  year      = {2017}
}

@proceedings{cvpr18,
  title     = {Proc. of {CVPR}'18},
  booktitle = {Proc. of {CVPR}'18},
  year      = {2018}
}

@proceedings{cvpr19,
  title     = {Proc. of {CVPR}'19},
  booktitle = {Proc. of {CVPR}'19},
  year      = {2019}
}

@proceedings{cvpr20,
  title     = {Proc. of {CVPR}'20},
  booktitle = {Proc. of {CVPR}'20},
  year      = {2020}
}

@proceedings{cvpr21,
  title     = {Proc. of {CVPR}'21},
  booktitle = {Proc. of {CVPR}'21},
  year      = {2021}
}

@proceedings{cvpr22,
  title     = {Proc. of {CVPR}'22},
  booktitle = {Proc. of {CVPR}'22},
  year      = {2022}
}

@proceedings{cp12,
  title     = {Proc. of {CP}'12},
  booktitle = {Proc. of {CP}'12},
  year      = {2012}
}

@proceedings{dcai08,
  title     = {Proc. of {DCAI}'08},
  booktitle     = {Proc. of {DCAI}'08},
  year      = {2008}
}

@proceedings{dl11,
  booktitle = {{NeurIPS}'11 Workshop on DL},
  title     = {{NeurIPS}'11 Workshop on DL},
  year      = {2011},
}

@proceedings{dmkd21,
  title     = {Proc. of {DMKD}'21}},
  booktitle = {Proc. of {DMKD}'21}},
  year      = {2021},

@proceedings{dmlrws24a,
    title = {DMLR@ICLR Workshop},
    booktitle = {DMLR@ICLR Workshop},
    year = {2024}
}

@proceedings{ds20,
  title     = {Proc. of {DS}'20},
  booktitle = {Proc. of {DS}'20},
  year      = {2020}
}

@proceedings{dsaa15,
  title     = {Proc. of {DSAA}'15},
  booktitle = {Proc. of {DSAA}'15},
  year      = {2015}
}

@proceedings{dsaa16,
  title     = {Proc. of {DSAA}'16},
  booktitle = {Proc. of {DSAA}'16},
  year      = {2016}
}

@proceedings{dsaa19,
  title     = {Proc. of {DSAA}'19},
  booktitle = {Proc. of {DSAA}'19},
  year      = {2019}
}

@proceedings{dso19,
  title     = {{IJCAI}'19 {DSO} {W}orkshop},
  booktitle = {{IJCAI}'19 {DSO} {W}orkshop},
  year      = 2019
}

@proceedings{ec00,
  booktitle	= {Proc. of EC'00},
  title	= {Proc. of EC'00},
  year		= {2000}
}

@proceedings{ecai10,
  title =	 {Proc. of {ECAI}'10},
  booktitle =	{Proc. of {ECAI}'10},
  year =	 2010
}

@proceedings{ecai20,
  title =	 {Proc. of {ECAI}'20},
  booktitle =	{Proc. of {ECAI}'20},
  year =	 2020,
}

@proceedings{eccv14,
    title     = {Proc. of {ECCV}'14},
    booktitle = {Proc. of {ECCV}'14},
    year      = {2016},
}

@proceedings{eccv16,
    title     = {Proc. of {ECCV}'16},
    booktitle = {Proc. of {ECCV}'16},
    year      = {2016},
}

@proceedings{eccv18,
    title     = {Proc. of {ECCV}'18},
    booktitle = {Proc. of {ECCV}'18},
    year      = {2018},
}

@proceedings{eccv20,
    title     = {Proc. of {ECCV}'20},
    booktitle = {Proc. of {ECCV}'20},
    year      = {2020},
}

@proceedings{eccv22,
    title     = {Proc. of {ECCV}'22},
    booktitle = {Proc. of {ECCV}'22},
    year      = {2022},
}

@proceedings{eccv2018_1,
    title     = {Proc. of {ECCV}'18},
    booktitle = {Proc. of {ECCV}'18},
    year      = {2018},
}

@proceedings{ecml94,
  title     = {Proc. of {ECML}'94},
  booktitle = {Proc. of {ECML}'94},
  year      = {1994}
}

@proceedings{ecml00,
  title     = {Proc. of {ECML}'00},
  booktitle     = {Proc. of {ECML}'00},
  year      = {2000}
}

@proceedings{ecml01,
  title     = {Proc. of {ECML}'01},
  booktitle     = {Proc. of {ECML}'01},
  year      = {2001}
}

@proceedings{ecml05,
  title     = {Proc. of {ECML}'05},
  booktitle     = {Proc. of {ECML}'05},
  year		= {2005}
}

@proceedings{ecorl21,
    title     = {Proc. of {ECORL}'21},
    booktitle = {Proc. of {ECORL}'21},
    year      = {2021},
}

@proceedings{edbticdtws20,
    title = {Proc. of {ETLMP}'2020},
    booktitle = {Proc. of {ETLMP}'2020},
    year = 2020,
}

@proceedings{emnlp14,
    title     = {Proc. of {EMNLP}'14},
    booktitle = {Proc. of {EMNLP}'14},
	year = {2014},
}

@proceedings{emnlp15,
    title     = {Proc. of {EMNLP}'15},
    booktitle = {Proc. of {EMNLP}'15},
	year = {2015},
}

@proceedings{emnlp20,
    title     = {Proc. of {EMNLP}'20},
    booktitle = {Proc. of {EMNLP}'20},
	year = {2020},
}

@proceedings{emo2005,
	title     = {Proc. of {EMO}'05)},
    booktitle = {Proc. of {EMO}'05)},
    year = {2005},
}

@proceedings{emo17,
	title     = {Proc. of {EMO}'17)},
    booktitle = {Proc. of {EMO}'17)},
    year = {2017},
}

@proceedings{emo21,
	title     = {Proc. of {EMO}'21)},
    booktitle = {Proc. of {EMO}'21)},
    year = {2021},
}

@proceedings{epia95,
  title     = {Proc. of {EPAI}'95},
  booktitle     = {Proc. of {EPAI}'95},
  year      = {1995},
}

@proceedings{epia01,
  title     = {Proc. of {EPAI}'01},
  booktitle     = {Proc. of {EPAI}'01},
  year      = {2001},
}

@proceedings{esci21,
  title={{ESCI}'21},
  booktitle={{ESCI}'21},
  year={2021},
}

@proceedings{esoa06,
  title     = {Proc. of {ESOA}'06},
  booktitle = {Proc. of {ESOA}'06},
  year      = {2006}
}

@proceedings{esoa07,
  title     = {Proc. of {ESOA}'07},
  booktitle = {Proc. of {ESOA}'07},
  year      = {2007}
}

@proceedings{esocc13,
    booktitle = {Proc. of {ESOCC}'13},
    title = {Proc. of {ESOCC}'13},
    year = {2013}
}

@proceedings{eurogp17,
    title = {Proc. of {EuroGP}'17},
    booktitle = {Proc. of {EuroGP}'17},
    year = {2017}
}

@proceedings{evoapp16,
  booktitle = {Proc. of {EvoApplications}'16},
  title = {Proc. of {EvoApplications}'16},
  year={2016}
}

@proceedings{evoapp21,
  booktitle = {Proc. of {EvoApplications}'21},
  title = {Proc. of {EvoApplications}'21},
  year={2021}
}

@proceedings{evoapp22,
  booktitle = {Proc. of {EvoApplications}'22},
  title = {Proc. of {EvoApplications}'22},
  year={2022}
}

@proceedings{evocop20,
  title = {{EvoCOP} 20},
  booktitle = {{EvoCOP} 20},
  year = {2020}
}

@proceedings{fat18,
    title = {{FAT}'18)},
    booktitle = {{FAT}'18)},
    year = {2018},
}

@proceedings{fat19,
    title = {{FAT}'19)},
    booktitle = {{FAT}'19)},
    year = {2019},
}

@proceedings{fat20,
    title = {{FAT}'20)},
    booktitle = {{FAT}'20)},
    year = {2020},
}

@proceedings{fat21,
    title = {{FAT}'21)},
    booktitle = {{FAT}'21)},
    year = {2021},
}

@proceedings{fat22,
    title = {{FAT}'22)},
    booktitle = {{FAT}'22)},
    year = {2022},
}

@proceedings{fmcad07,
  title     = {Proc. of {FMCAD}'07},
  booktitle = {Proc. of {FMCAD}'07},
  year      = {2007}  
}

@proceedings{gecco02,
  title     = {Proc. of {GECCO}'02},
  booktitle = {Proc. of {GECCO}'02},
  year      = {2002}
}

@proceedings{gecco09,
  title     = {Proc. of {GECCO}'09},
  booktitle = {Proc. of {GECCO}'09},
  year      = {2009}
}

@proceedings{gecco10,
  title     = {Proc. of {GECCO}'10},
  booktitle = {Proc. of {GECCO}'10},
  year      = {2010}
}

@proceedings{gecco11,
  title     = {Proc. of {GECCO}'11},
  booktitle = {Proc. of {GECCO}'11},
  year      = {2011}
}

@proceedings{gecco13,
  title     = {Proc. of {GECCO}'13},
  booktitle = {Proc. of {GECCO}'13},
  year      = {2013}
}

@proceedings{gecco14,
  title     = {Proc. of {GECCO}'14},
  booktitle = {Proc. of {GECCO}'14},
  year      = {2014}
}

@proceedings{gecco15,
  title     = {Proc. of {GECCO}'15},
  booktitle = {Proc. of {GECCO}'15},
  year      = {2015}
}

@proceedings{gecco16,
  title     = {Proc. of {GECCO}'16},
  booktitle = {Proc. of {GECCO}'16},
  year      = {2016}
}

@proceedings{gecco17,
  title     = {Proc. of {GECCO}'17},
  booktitle = {Proc. of {GECCO}'17},
  year      = {2017}
}

@proceedings{gecco18,
  title     = {Proc. of {GECCO}'18},
  booktitle = {Proc. of {GECCO}'18},
  year      = {2018}
}

@proceedings{gecco19,
  title     = {Proc. of {GECCO}'19},
  booktitle = {Proc. of {GECCO}'19},
  year      = {2019}
}

@proceedings{gecco20,
  title     = {Proc. of {GECCO}'20},
  booktitle = {Proc. of {GECCO}'20},
  year      = {2020}
}

@proceedings{gecco21,
  title     = {Proc. of {GECCO}'21},
  booktitle = {Proc. of {GECCO}'21},
  year      = {2021}
}

@proceedings{gecco22,
  title     = {Proc. of {GECCO}'22},
  booktitle = {Proc. of {GECCO}'22},
  year      = {2022}
}

@proceedings{gecco24,
  title     = {Proc. of {GECCO}'24},
  booktitle = {Proc. of {GECCO}'24},
  year      = {2024}
}

@proceddings{hpcs20,
  title = {HPCS'20},
  booktitle = {HPCS'20},
  year = {2020},
}

@proceedings{hm07,
  title     = {Proc. of {HM}'07},
  booktitle = {Proc. of {HM}'07},
  year      = {2007}
}

@proceedings{icann93,
    title = {Proc. of {ICANN}'93},
    booktitle = {Proc. of {ICANN}'93},
    year = {1993}
}

@proceedings{icann01,
    title = {Proc. of {ICANN}'01},
    booktitle = {Proc. of {ICANN}'01},
    year = {2001}
}

@proceedings{icann05,
    title = {Proc. of {ICANN}'05},
    booktitle = {Proc. of {ICANN}'05},
    year = {2005}
}

@proceedings{icann08,
  title     = {Proc. of {ICANN}'08},
  booktitle = {Proc. of {ICANN}'08},
  year      = 2008
}

@proceedings{iclp-lipics12,
  title =	 {Technical {C}ommunications of {ICLP}'12},
  booktitle =	 {Technical {C}ommunications of {ICLP}'12},
  year =	 2012
}

@proceedings{icaps11,
    title     = {Proc. of {ICAPS}'11},
    booktitle = {Proc. of {ICAPS}'11},
    year      = {2011}
}

@proceedings{icaps14,
  title     = {Proc. of {ICAPS}'14},
  booktitle = {Proc. of {ICAPS}'14},
  year      = {2014},
}

@proceedings{icaps19,
    title     = {Proc. of {ICAPS}'19},
    booktitle = {Proc. of {ICAPS}'19},
    year      = {2019}
}

@proceedings{icaps20,
    title     = {Proc. of {ICAPS}'20},
    booktitle = {Proc. of {ICAPS}'20},
    year      = {2020}
}

@proceedings{icaps21,
  title     = {Proc. of {ICAPS}'21},
  booktitle = {Proc. of {ICAPS}'21},
  year      = {2021},
}

@proceedings{icassp13,
    title     = {Proc. of {ICASSP}'13},
    booktitle = {Proc. of {ICASSP}'13},
    year      = {2013}
}

@proceedings{icassp16,
    title     = {Proc. of {ICASSP}'16)},
    booktitle = {Proc. of {ICASSP}'16)},
    year      = {2016}
}

@proceedings{icassp17,
    title     = {Proc. of {ICASSP}'17},
    booktitle = {Proc. of {ICASSP}'17},
    year      = {2017}
}

@proceedings{icassp19,
    title     = {Proc. of {ICASSP}'19},
    booktitle = {Proc. of {ICASSP}'19},
    year      = {2019}
}

@proceedings{iccv09,
    title     = {Proc. of {ICCV}'09},
    booktitle = {Proc. of {ICCV}'09},
    year      = {2009}
}

@proceedings{iccv15,
    title     = {Proc. of {ICCV}'15},
    booktitle = {Proc. of {ICCV}'15},
    year      = {2015}
}

@proceedings{iccv17,
    title     = {Proc. of {ICCV}'17},
    booktitle = {Proc. of {ICCV}'17},
    year      = {2017}
}

@proceedings{iccv19,
    title     = {Proc. of {ICCV}'19},
    booktitle = {Proc. of {ICCV}'19},
    year      = {2019}
}

@proceedings{iccv21,
    title     = {Proc. of {ICCV}'21},
    booktitle = {Proc. of {ICCV}'21},
    year      = {2021}
}

@proceedings{iccvw19,
    title     = {{ICCVW}'19},
	booktitle = {{ICCVW}'19},
    year      = {2019},
}

@proceedings{icdar03,
    title     = {Proc. of {ICDAR}'03},  
    booktitle = {Proc. of {ICDAR}'03},  
    year = {2003}
}

@proceedings{icdm_siam02,
    year      = {2002},
    booktitle = {Proc. of {SIAM} {ICDM}'02},
    title     = {Proc. of {SIAM} {ICDM}'02},
}

@proceedings{icdm_siam17,
    booktitle = {Proc. of {SIAM} {ICDM}'17},
    title     = {Proc. of {SIAM} {ICDM}'17},
	year = {2017}
}

@proceedings{icdm06,
    title     = {Proc. of {ICDM}'06},
    booktitle = {Proc. of {ICDM}'06},
    year      = {2006}
}

@proceedings{icdm09,
    title     = {Proc. of {ICDM}'09},
    booktitle = {Proc. of {ICDM}'09},
    year      = {2009}
}

@proceedings{icdm10,
    title     = {Proc. of {ICDM}'10},
    booktitle = {Proc. of {ICDM}'10},
    year      = {2010}
}

@proceedings{icdm15,
	title     = {Proc. of ICDM '15},
	booktitle = {Proc. of ICDM '15},
	year = {2015},
}

@proceedings{icdm17,
    title     = {Proc. of {ICDM}'17},
    booktitle = {Proc. of {ICDM}'17},
    year      = {2017}
}

@proceedings{icdm19,
    title     = {Proc. of {ICDM}'19},
    booktitle = {Proc. of {ICDM}'19},
    year      = {2019}
}

@proceedings{icdm21,
    title     = {Proc. of {ICDM}'21},
    booktitle = {Proc. of {ICDM}'21},
    year      = {2021}
}

@proceedings{icep1998,
    booktitle = {Proc. of {ICEP}'98},
    title     = {Proc. of {ICEP}'98},
    year      = {1998},
}

@proceedings{icga89,
  title        = {Proc. of {ICGA}'89},
  booktitle    = {Proc. of {ICGA}'89},
  year         = {1989}
}

@proceedings{iclr14,
    title     = {Proc. of {ICLR}'14},
    booktitle = {Proc. of {ICLR}'14},
    year      = {2014}
}

@proceedings{iclr15,
    title     = {Proc. of {ICLR}'15},
    booktitle = {Proc. of {ICLR}'15},
    year      = {2015}
}

@proceedings{iclr16,
    title     = {Proc. of {ICLR}'16},
    booktitle = {Proc. of {ICLR}'16},
    year      = {2016}
}

@proceedings{iclr17,
    title     = {Proc. of {ICLR}'17},
    booktitle = {Proc. of {ICLR}'17},
    year      = {2017}
}

@proceedings{iclr18,
    title     = {Proc. of {ICLR}'18},
    booktitle = {Proc. of {ICLR}'18},
    year      = {2018}
}

@proceedings{iclr19,
    title     = {Proc. of {ICLR}'19},
    booktitle = {Proc. of {ICLR}'19},
    year      = {2019}
}

@proceedings{iclr20,
    title     = {Proc. of {ICLR}'20},
    booktitle = {Proc. of {ICLR}'20},
    year      = {2020}
}

@proceedings{iclr21,
    title     = {Proc. of {ICLR}'21},
    booktitle = {Proc. of {ICLR}'21},
    year      = {2021}
}

@proceedings{iclr22,
    title     = {Proc. of {ICLR}'22},
    booktitle = {Proc. of {ICLR}'22},
    year      = {2022}
}

@proceedings{iclrblog22,
  booktitle	= {ICLR Blog Track},
  title	    = {ICLR Blog Track},
  year		= {2022}
}

@proceedings{iclr23,
    title     = {Proc. of {ICLR}'23},
    booktitle = {Proc. of {ICLR}'23},
    year      = {2023}
}

@proceedings{iclr24,
    title     = {Proc. of {ICLR}'24},
    booktitle = {Proc. of {ICLR}'24},
    year      = {2024}
}

@proceedings{iclrws16,
    title     = {Proc. of {ICLR} {W}orkshop'16},
    booktitle = {Proc. of {ICLR} {W}orkshop'16},
    year      = {2016}
}

@proceedings{iclrws18,
    title     = {Proc. of {ICLR} {W}orkshop'18},
    booktitle = {Proc. of {ICLR} {W}orkshop'18},
    year      = {2018}
}

@proceedings{icml90,
  title     = {Proc. of {ICML}'90},
  booktitle = {Proc. of {ICML}'90},
  year      = {1990}
}

@proceedings{icml91,
  title     = {Proc. of {ICML}'91},
  booktitle = {Proc. of {ICML}'91},
  year      = {1992}
}

@proceedings{icml92,
  title     = {Proc. of {ICML}'92},
  booktitle = {Proc. of {ICML}'92},
  year      = {1992}
}

@proceedings{icml95,
  title     = {Proc. of {ICML}'95},
  booktitle = {Proc. of {ICML}'95},
  year      = {1995}
}

@proceedings{icml96,
  title     = {Proc. of {ICML}'96},
  booktitle = {Proc. of {ICML}'96},
  year      = {1996}
}

@proceedings{icml99,
  title     = {Proc. of {ICML}'99},
  booktitle = {Proc. of {ICML}'99},
  year      = {1999}
}

@proceedings{icml00,
  title     = {Proc. of {ICML}'00},
  booktitle = {Proc. of {ICML}'00},
  year      = {2000}
}

@proceedings{icml03,
  title     = {Proc. of {ICML}'03},
  booktitle = {Proc. of {ICML}'03},
  year      = {2003},
}

@proceedings{icml04,
  title     = {Proc. of {ICML}'04},
  booktitle = {Proc. of {ICML}'04},
  year      = {2004}
}

@proceedings{icml07,
  title     = {Proc. of {ICML}'07},
  booktitle = {Proc. of {ICML}'07},
  year      = {2007}  
}

@proceedings{icml09,
  title     = {Proc. of {ICML}'09},
  booktitle = {Proc. of {ICML}'09},
  year      = {2009},  
}

@proceedings{icml10,
  title     = {Proc. of {ICML}'10},
  booktitle = {Proc. of {ICML}'10},
  year      = {2010}  
}

@proceedings{icml11,
  title     = {Proc. of {ICML}'11},
  booktitle = {Proc. of {ICML}'11},
  year      = {2011}  
}

@proceedings{icml12,
  title     = {Proc. of {ICML}'12},
  booktitle = {Proc. of {ICML}'12},
  year      = {2012}  
}

@proceedings{icml13,
  title     = {Proc. of {ICML}'13},
  booktitle = {Proc. of {ICML}'13},
  year      = {2013},
}

@proceedings{icml14,
    title     = {Proc. of {ICML}'14},
    booktitle = {Proc. of {ICML}'14},
    year      = {2014},
}

@proceedings{icml15,
    title     = {Proc. of {ICML}'15},
    booktitle = {Proc. of {ICML}'15},
    year      = {2015},
}

@proceedings{icml16,
    title     = {Proc. of {ICML}'16},
    booktitle = {Proc. of {ICML}'16},
    year      = {2016},
}

@proceedings{icml17,
    title     = {Proc. of {ICML}'17},
    booktitle = {Proc. of {ICML}'17},
    year      = {2017},
}

@proceedings{icml18,
    title     = {Proc. of {ICML}'18},
    booktitle = {Proc. of {ICML}'18},
    year      = {2018},
}

@proceedings{icml19,
    title     = {Proc. of {ICML}'19},
    booktitle = {Proc. of {ICML}'19},
    year      = {2019},
}

@proceedings{icml20,
    title     = {Proc. of {ICML}'20},
    booktitle = {Proc. of {ICML}'20},
    year      = {2020},
}

@proceedings{icml21,
    title     = {Proc. of {ICML}'21},
    booktitle = {Proc. of {ICML}'21},
    year      = {2021},
}

@proceedings{icml22,
    title     = {Proc. of {ICML}'22},
    booktitle = {Proc. of {ICML}'22},
    year      = {2022}
}

@proceedings{icml23,
    title     = {Proc. of {ICML}'23},
    booktitle = {Proc. of {ICML}'23},
    year      = {2023}
}

@proceedings{icnn94,
    title     = {Proc. of {ICNN}'94},
    booktitle = {Proc. of {ICNN}'94},
    year      = {1994}
}

@proceedings{icpr16,
  booktitle	= {Proc. of {ICPR}'16},
  title	= {Proc. of {ICPR}'16},
  year		= {2016}
}

@proceedings{icpram15,
    title     = {Proc. of {ICPRAM}'15},
    booktitle = {Proc. of {ICPRAM}'15},
    year      = {2015}
}

@proceedings{ictai15,
	title     = {Proc. of {ICTAI}'15},
	booktitle = {Proc. of {ICTAI}'15},
 	year      = {2015}
}

@proceedings{ictai16,
    title     = {Proc. of {ICTAI}'16},
    booktitle = {Proc. of {ICTAI}'16},
    year      = {2016}
}

@proceedings{ictai19,
    title     = {Proc. of {ICTAI}'19},
    booktitle = {Proc. of {ICTAI}'19},
    year      = {2019},
}

@proceedings{iconip04,
    title     = {Proc. of {ICONIP}'04},
    booktitle = {Proc. of {ICONIP}'04},
    year      = {2004}
}

@proceedings{icra17,
    title     = {Proc. of {ICRA}'17},
    booktitle = {Proc. of {ICRA}'17},
    year      = {2017}
}

@proceedings{icts12,
  title        = {Proc. of {ICTS}'12},
  year         = 2012,
  booktitle    = {Proc. of {ICTS}'12},
}

@proceedings{ideal18,
    title = {Proc. of {IDEAL}'18},
    booktitle = {Proc. of {IDEAL}'18},
    year = {2018}
}

@proceedings{ifsascis17,
  title={{IFSA-SCIS}'17},
  booktitle={{IFSA-SCIS}'17},
  year={2017},
}

@proceedings{ijcai95,
  booktitle = {Proc. of {IJCAI}'95},
  title     = {Proc. of {IJCAI}'95},
  year      = {1995}
}

@proceedings {ijcai03,
    title     = {Proc. of {IJCAI}'03},
    booktitle = {Proc. of {IJCAI}'03},
    year      = {2003},
}

@proceedings {ijcai07,
    title     = {Proc. of {IJCAI}'07},
    booktitle = {Proc. of {IJCAI}'07},
    year      = {2007},
}

@proceedings{ijcai09,
  title     = {Proc. of {IJCAI}'09},
  booktitle = {Proc. of {IJCAI}'09},
  year      = {2009}
}

@proceedings{ijcai13,
    title     = {Proc. of {IJCAI}'13},
    booktitle = {Proc. of {IJCAI}'13},
    year      = {2013}
}

@proceedings{ijcai15,
    title     = {Proc. of {IJCAI}'15},
    booktitle = {Proc. of {IJCAI}'15},
    year      = {2015}
}

@proceedings{ijcai16,
    title     = {Proc. of IJCAI'16},
    booktitle = {Proc. of IJCAI'16},
    year      = {2016}
}

@proceedings{ijcai17,
    title     = {Proc. of {IJCAI}'17},
    booktitle = {Proc. of {IJCAI}'17},
    year      = {2017}
}

@proceedings{ijcai18,
    title     = {Proc. of {IJCAI}'18},
    booktitle = {Proc. of {IJCAI}'18},
    year      = {2018}
}

@proceedings{ijcai19,
    title     = {Proc. of {IJCAI}'19},
    booktitle = {Proc. of {IJCAI}'19},
    year      = {2019}
}

@proceedings{ijcai20,
    title     = {Proc. of {IJCAI}'20},
    booktitle = {Proc. of {IJCAI}'20},
    year      = {2020}
}

@proceedings{ijcai21,
    title     = {Proc. of {IJCAI}'21},
    booktitle = {Proc. of {IJCAI}'21},
    year      = {2021}
}

@proceedings{ida18,
  booktitle = {Proc. of the {IDA}'18},
  title   = {Proc. of the {IDA}'18},
  year    = {2018},
}

@proceedings{ida21,
  booktitle = {Proc. of the {IDA}'21},
  title   = {Proc. of the {IDA}'21},
  year    = {2021},
}

@proceedings{ida23,
  booktitle = {Proc. of the {IDA}'23},
  title   = {Proc. of the {IDA}'23},
  year    = {2023},
}

@proceedings{ijcnn91,
    title     = {Proc. of {IJCNN}'91},
    booktitle = {Proc. of {IJCNN}'91},
    year      = {1991},
}

@proceedings{ijcnn04,
    title     = {Proc. of {IJCNN}'04},
    booktitle = {Proc. of {IJCNN}'04},
    year      = {2004},
}

@proceedings{ijcnn05,
    title     = {Proc. of {IJCNN}'05},
    booktitle = {Proc. of {IJCNN}'05},
    year      = {2005},
}

@proceedings{ijcnn06,
    title     = {Proc. of {IJCNN}'06},
    booktitle = {Proc. of {IJCNN}'06},
    year      = {2006},
}

@proceedings{ijcnn07,
    title     = {Proc. of {IJCNN}'07},
    booktitle = {Proc. of {IJCNN}'07},
    year      = {2007},
}

@proceedings{ijcnn10,
    title     = {Proc. of {IJCNN}'10},
    booktitle = {Proc. of {IJCNN}'10},
    year      = {2010},
}

@proceedings{ijcnn15,
    title     = {Proc. of {IJCNN}'15},
    booktitle = {Proc. of {IJCNN}'15},
    year      = {2015},
    publisher = {IEEE}
}

@proceedings{ijcnn17,
    title     = {Proc. of {IJCNN}'17},
    booktitle = {Proc. of {IJCNN}'17},
    year      = {2017}
}

@proceedings{ijcnn18,
    title     = {Proc. of {IJCNN}'18},
    booktitle = {Proc. of {IJCNN}'18},
    year      = {2018}
}

@proceedings{ijcnn19,
    title     = {Proc. of {IJCNN}'19},
    booktitle = {Proc. of {IJCNN}'19},
    year      = {2019},
}

@proceedings{ijcnn21,
    title     = {Proc. of {IJCNN}'21},
    booktitle = {Proc. of {IJCNN}'21},
    year      = {2021},
}

@proceedings{ijcv10-journal,
  title        = {Int. J. of Computer Vision ({IJCV}'10)},
  booktitle    = {I. J. of Computer Vision ({IJCV}'10)},
  year         = {2010},
}

@proceedings{ipsn10,
    title = {Proc. of {IPSN}'10},
    booktitle = {Proc. of {IPSN}'10},
    year      = {2010},
}


@proceedings{ipsn20,
    title = {Proc. of {IPSN}'20},
    booktitle = {Proc. of {IPSN}'20},
    year      = {2020},
}

@proceedings{iros11,
    title     = {Proc. of {IROS}'11},
    booktitle = {Proc. of {IROS}'11},
    year      = {2011},
}

@proceedings{iros12,
    title     = {Proc. of {IROS}'12},
    booktitle = {Proc. of {IROS}'12},
    year      = {2012},
}

@proceedings{iros17,
    title     = {Proc. of {IROS}'17},
    booktitle = {Proc. of {IROS}'17},
    year      = {2017}
}

@proceedings{is10,
  booktitle	= {Proc. of {INTERSPEECH}'10},
  title	= {Proc. of {INTERSPEECH}'10},
  year		= {2010}
}

@proceedings{is20,
  booktitle	= {Proc. of {INTERSPEECH'20}},
  title	= {Proc. of {INTERSPEECH'20}},
  year		= {2020}
}

@proceedings{isbi12,
    title     = {Proc. of {ISBI}'12},
    booktitle = {Proc. of {ISBI}'12},
    year      = {2012},
}

@proceedings{iscassw16,
  title = {{ISCA} Speech Synthesis Workshop},
  booktitle = {{ISCA} Speech Synthesis Workshop},
  year = {2016}
}

@proceedings{itat16,
    title     = {Proc. of {ITAT}'16},
    booktitle = {Proc. of {ITAT}'16},
    year      = {2016}
}

@proceedings{kdd99,
  title     = {Proc. of {KDD}'99},
  booktitle = {Proc. of {KDD}'99},
  year      = {1999},
}

@proceedings{kdd13,
  title     = {Proc. of {KDD}'13},
  booktitle = {Proc. of {KDD}'13},
  year      = {2013},
}

@proceedings{kdd15,
  title     = {Proc. of {KDD}'15},
  booktitle = {Proc. of {KDD}'15},
  year      = {2015},
}

@proceedings{kdd16,
  title     = {Proc. of {KDD}'16},
  booktitle = {Proc. of {KDD}'16},
  year      = {2016},
}

@proceedings{kdd17,
  title     = {Proc. of {KDD}'17},
  booktitle = {Proc. of {KDD}'17},
  year      = {2017},
}

@proceedings{kdd18,
  title     = {Proc. of {KDD}'18},
  booktitle = {Proc. of {KDD}'18},
  year      = {2018},
}

@proceedings{kdd19,
  title     = {Proc. of {KDD}'19},
  booktitle = {Proc. of {KDD}'19},
  year      = {2019},
}

@proceedings{kdd20,
  title     = {Proc. of {KDD}'20},
  booktitle = {Proc. of {KDD}'20},
  year      = {2020},
}

@proceedings{kdd21,
  title     = {Proc. of {KDD}'21},
  booktitle = {Proc. of {KDD}'21},
  year      = {2021},
}

@proceedings{kdd22,
  title     = {Proc. of {KDD}'22},
  booktitle = {Proc. of {KDD}'22},
  year      = {2022},
}

@proceedings{ki20,
  title = 	 {Proc. of {KI}'20},
  booktitle = 	 {Proc. of {KI}'20},
  year = 	 {2020}
}

@proceedings{lifschitz12,
  title     = {Correct {R}easoning (in {H}onour of {V}. {L}ifschitz)},
  booktitle = {Correct {R}easoning (in {H}onour of {V}. {L}ifschitz)},
  year      = {2012}
}

@proceedings{lion07,
  title     = {Proc. of {LION}'07},
  booktitle = {Proc. of {LION}'07},
  year      = 2007
}

@proceedings{lion09,
  title     = {Proc. of {LION}'09},
  booktitle = {Proc. of {LION}'09},
  year      = 2009
}

@proceedings{lion10,
  title     = {Proc. of {LION}'10},
  booktitle = {Proc. of {LION}'10},
  year      = 2010
}

@proceedings{lion11,
  title     = {Proc. of {LION}'11},
  booktitle = {Proc. of {LION}'11},
  year      = 2011
}

@proceedings{lion12,
  title =	 {Proc. of {LION}'12},
  booktitle =	 {Proc. of {LION}'12},
  year =	 2012,
}

@proceedings{lion13,
  title =	 {Proc. of {LION}'13},
  booktitle =	 {Proc. of {LION}'13},
  year =	 2013,
}

@proceedings{lion14,
  title =	 {Proc. of {LION}'14},
  booktitle =	 {Proc. of {LION}'14},
  year =	 2014,
}

@proceedings{lion15,
  title =	 {Proc. of {LION}'15},
  booktitle =	 {Proc. of {LION}'15},
  year =	 2015,
}

@proceedings{lion16,
  title =	 {Proc. of {LION}'16},
  booktitle =	 {Proc. of {LION}'16},
  year =	 2016,
}

@proceedings{lion17,
    title = {Proc. of {LION}'17},
    booktitle = {Proc. of {LION}'17},
    year = 2017,
}

@proceedings{lion18,
  title =	 {Proc. of {LION}'18},
  booktitle =	 {Proc. of {LION}'18},
  year =	 2018,
}

@proceedings{lpnmr11,
  title =	 {Proc. of {LPNMR}'11},
  booktitle =	 {Proc. of {LPNMR}'11},
  year =	 2011,
}

@proceedings{lpnmr13,
  title =	 {Proc. of {LPNMR}'13},
  booktitle =	 {Proc. of {LPNMR}'13},
  year =	 2013,
}

@proceedings{metalearn19,
    title     = {{MetaLearn'19}},
    booktitle = {{MetaLearn'19}},
    year      = {2019}
}

@proceedings{metalearn20,
    title     = {{MetaLearn'20}},
    booktitle = {{MetaLearn'20}},
    year      = {2020}
}

@proceedings{metalearn22,
    title     = {{MetaLearn'22}},
    booktitle = {{MetaLearn'22}},
    year      = {2022}
}

@proceedings{metasel14,
    title     = {{MetaSel'14}},
    booktitle = {{MetaSel'14}},
    year      = {2014}
}

@proceedings{mldmpr12,
  title     = {Proc. of {MLDM}},
  booktitle = {Proc. of {MLDM}},
  year      = 2013,
}


@proceddings{mlobd15,
  title = {Machine Learning, Optimization, and Big Data},
  booktitle = {Machine Learning, Optimization, and Big Data},
  year      = {2015},
}

@proceedings{mic13,
  title     = {Proc. of {MIC}'13},
  booktitle = {Proc. of {MIC}'13},
  year      = 2013,
}

@proceedings{mic20,
  title     = {Proc. of {MIC}'20},
  booktitle = {Proc. of {MIC}'20},
  year      = 2013,
}

@proceedings{mlsys20,
    booktitle = {Proc. of {MLSys}'20},
    title     = {Proc. of {MLSys}'20},
    year = {2020}
}

@proceedings{mlsys21,
    booktitle = {Proc. of {MLSys}'21},
    title     = {Proc. of {MLSys}'21},
    year = {2021}
}

@proceedings{nasws20,
    booktitle = {Proc. of {NAS WS}@{ICLR}'20},
    title     = {Proc. of {NAS WS}@{ICLR}'20},
    year      = {2020},
}

@proceedings{neurips87,
    title = {Proc. of {N}eur{IPS}'87},
    booktitle = {Proc. of {N}eur{IPS}'87},
    year = {1987}
}

@proceedings{neurips91,
  title     = {Proc. of {N}eur{IPS}'91},
  booktitle = {Proc. of {N}eur{IPS}'91},
  year      = {1991}
}

@proceedings{nips93,
  title     = {Proc. of {N}eur{IPS}'93},
  booktitle = {Proc. of {N}eur{IPS}'93},
  year      = {1993},
}

@proceedings{nips94,
  title     = {Proc. of {N}eur{IPS}'94},
  booktitle = {Proc. of {N}eur{IPS}'94},
  year      = {1994},
}

@proceedings{nips05,
  title     = {Proc. of {N}eur{IPS}'05},
  booktitle = {Proc. of {N}eur{IPS}'05},
  year      = {2005},
}

@proceedings{nips10,
  title     = {Proc. of {N}eur{IPS}'10},
  booktitle = {Proc. of {N}eur{IPS}'10},
  year      = {2010},
}

@proceedings{nips11,
  title     = {Proc. of {N}eur{IPS}'11},
  booktitle = {Proc. of {N}eur{IPS}'11},
  year      = {2011}
}

@proceedings{nips12,
  title     = {Proc. of {N}eur{IPS}'12},
  booktitle = {Proc. of {N}eur{IPS}'12},
  year      = {2012}
}

@proceedings{nips13,
  title     = {Proc. of {N}eur{IPS}'13},
  booktitle = {Proc. of {N}eur{IPS}'13},
  year      = {2013}
}

@proceedings{nips14,
  title     = {Proc. of {N}eur{IPS}'14},
  booktitle = {Proc. of {N}eur{IPS}'14},
  year      = {2014}
}

@proceedings{nips15,
  title     = {Proc. of {N}eur{IPS}'15},
  booktitle = {Proc. of {N}eur{IPS}'15},
  year      = {2015}
}

@proceedings{nips16,
  title     = {Proc. of {N}eur{IPS}'16},
  booktitle = {Proc. of {N}eur{IPS}'16},
  year      = {2016}
}

@proceedings{nips17,
  title     = {Proc. of {N}eur{IPS}'17},
  booktitle = {Proc. of {N}eur{IPS}'17},
  year      = {2017}
}

@proceedings{neurips18,
  title     = {Proc. of {N}eur{IPS}'18},
  booktitle = {Proc. of {N}eur{IPS}'18},
  year      = {2018}
}

@proceedings{neurips19,
  title     = {Proc. of {N}eur{IPS}'19},
  booktitle = {Proc. of {N}eur{IPS}'19},
  year      = {2019}
}

@proceedings{neurips20,
  title     = {Proc. of {N}eur{IPS}'20},
  booktitle = {Proc. of {N}eur{IPS}'20},
  year      = {2020}
}

@proceedings{neurips21,
  title     = {Proc. of {N}eur{IPS}'21},
  booktitle = {Proc. of {N}eur{IPS}'21},
  year      = {2021}
}

@proceedings{neurips22,
  title     = {Proc. of {N}eur{IPS}'22},
  booktitle = {Proc. of {N}eur{IPS}'22},
  year      = {2022}
}

@proceedings{neurips23,
  title     = {Proc. of {N}eur{IPS}'23},
  booktitle = {Proc. of {N}eur{IPS}'23},
  year      = {2023}
}

@proceedings{neuripsdbt21,
    booktitle = {Proc. of {N}eur{IPS}'21 Datasets and Benchmarks Track},
    title = {Proc. of {N}eur{IPS}'21 Datasets and Benchmarks Track},
    year  = {2021}
}

@proceedings{neuripscd20,
    booktitle = {Proc. of {N}eur{IPS}'20 Competition and Demonstration},
    title = {Proc. of {N}eur{IPS}'20 Competition and Demonstration},
    year      = {2020}
}

@proceedings{nipswsgp22,
    title = {{N}eur{IPS} Workshop on Gaussian Processes, Spatiotemporal Modeling, and Decision-making Systems},
    booktitle = {{N}eur{IPS} Workshop on Gaussian Processes, Spatiotemporal Modeling, and Decision-making Systems},
    year = {2022},
}

@proceedings{osdi18,
    title = {Proc. of {OSDI}'18},
    booktitle = {Proc. of {OSDI}'18},
    year = {2018}
}

@proceedings{pact14,
  title     = {Proc. of {PACT}'14},
  booktitle = {Proc. of {PACT}'14},
  year      = {2014}
}

@proceedings{padl12,
  title     	= {Proc. of {PADL}'12},
  booktitle     = {Proc. of {PADL}'12},
  year			= {2012}
}

@proceedings{pakdd17_part2,
  title     = {Proc. of {PAKDD}'17},
  booktitle = {Proc. of {PAKDD}'17},
  year      = {2017}
}

@proceedings{patat08,
  title     = {Proc. of {PATAT}'08},
  booktitle = {Proc. of {PATAT}'08},
  year      = {2008}
}

@proceedings{pkdd00,
  title     = {Proc. of PKDD'00},
  booktitle = {Proc. of PKDD'00},
  year      = {2000}
}

@proceedings{pkdd13,
  title     = {Proc. of {ECML}/{PKDD}'13},
  booktitle = {Proc. of {ECML}/{PKDD}'13},
  year      = {2013}
}

@proceedings{pkdd15,
  title     = {Proc. of {ECML}/{PKDD}'15},
  booktitle = {Proc. of {ECML}/{PKDD}'15},
  year      = {2015}
}

@proceedings{pkdd16,
  title     = {Proc. of {ECML}/{PKDD}'16},
  booktitle = {Proc. of {ECML}/{PKDD}'16},
  year      = {2016}
}

@proceedings{pkdd17,
  title     = {Proc. of {ECML}/{PKDD}'17},
  booktitle = {Proc. of {ECML}/{PKDD}'17},
  year      = {2017}
}

@proceedings{pkdd19,
  title     = {Proc. of {ECML}/{PKDD}'19},
  booktitle = {Proc. of {ECML}/{PKDD}'19},
  year      = {2019}
}

@proceedings{pkdd20,
  title     = {Proc. of {ECML}/{PKDD}'20},
  booktitle = {Proc. of {ECML}/{PKDD}'20},
  year      = {2020}
}

@proceedings{pkdd21,
  title     = {Proc. of {ECML}/{PKDD}'21},
  booktitle = {Proc. of {ECML}/{PKDD}'21},
  year      = {2021}
}

@proceedings{practicaldl22,
    title     = {PracticalDL2022},
    booktitle = {PracticalDL2022},
    year      = {2022}
}

@proceedings{kddcup09,
    title = {KDD-Cup'09},
    booktitle = {KDD-Cup'09},
    year = {2009},
}

@proceedings{ppsn10,
    booktitle = {Proc. of {PPSN}'10},
    title     = {Proc. of {PPSN}'10},
    year      = {2010},
}

@proceedings{ppsn18,
    booktitle = {Proc. of {PPSN}'18},
    title     = {Proc. of {PPSN}'18},
    year      = {2018},
}

@proceedings{ppsn20,
    booktitle = {Proc. of {PPSN}'20},
    title     = {Proc. of {PPSN}'20},
    year      = {2020},
}

@proceedings{ppsn22,
    booktitle = {Proc. of {PPSN}'22},
    title     = {Proc. of {PPSN}'22},
    year      = {2022},
}

@proceedings{pricai18,
  booktitle	= {Proc. of {PRICAI}'18},
  title	= {Proc. of {PRICAI}'18},
  year		= {2018}
}

@proceedings{prl20,
  title = {{ICAPS} {W}orkshop on Bridging the Gap between Reinforcement Learning and Planning},
  booktitle = {{ICAPS} {W}orkshop on Bridging the Gap between Reinforcement Learning and Planning},
  year = {2020}
}


@proceedings{prl22,
  title = {{ICAPS} {W}orkshop on Bridging the Gap between Reinforcement Learning and Planning},
  booktitle = {{ICAPS} {W}orkshop on Bridging the Gap between Reinforcement Learning and Planning},
  year = {2022}
}

@proceedings{psb18,
    booktitle = {Proc. of {PSB}'18},
    title     = {Proc. of {PSB}'18},
    year      = {2018},
}

@proceedings{realml22,
  title = {{ICML} {R}e{ALML} Workshop},
  booktitle = {{ICML} {R}e{ALML} Workshop},
  year = {2022}
}

@proceedings{rcra11,
  booktitle	= {Proc. of ICRA workshop RCRA},
  title	= {Proc. of ICRA workshop RCRA},
  year		= {2011}
}

@proceedings{recsys19,
    booktitle = {Proc. of {RecSys}'19},
    title = {Proc. of {RecSys}'19},
    year = {2019}
}

@proceedings{sat00,
  title =	 {Proc. of {SAT} workshop'00},
  booktitle = {Proc. of {SAT} workshop'00},
  year =	 2000
}

@proceedings{sat03,
  title =	 {Proc. of {SAT}'03},
  booktitle = {Proc. of {SAT}'03},
  year =	 2003
}

@proceedings{sat09,
  title =	 {Proc. of {SAT}'09},
  booktitle = {Proc. of {SAT}'09},
  year =	 2009
}

@proceedings{sat12,
  title =	 {Proc. of {SAT}'12},
  booktitle = {Proc. of {SAT}'12},
  year =	 2012
}

@proceedings{sat15,
  title =	 {Proc. of {SAT}'15},
  booktitle = {Proc. of {SAT}'15},
  year =	 2015
}

@proceedings{sat16,
  title =	 {Proc. of {SAT}'16},
  booktitle = {Proc. of {SAT}'16},
  year =	 2016
}

@proceedings{sat21,
  title =	 {Proc. of {SAT}'21},
  booktitle = {Proc. of {SAT}'21},
  year =	 2021
}

@proceedings{satchallenge12,
  title =	 {Proc. of {SAT} {C}hallenge 2012},
  booktitle =	 {Proc. of {SAT} {C}hallenge 2012},
  year =	 2012
}

@proceedings{satchallenge13,
  title =	 {Proc. of {SAT} {C}ompetition 2013},
  booktitle = {Proc. of {SAT} {C}ompetition 2013},
  year =	 2013,
}

@proceedings{satchallenge14,
  title =	 {Proc. of {SAT} {C}ompetition 2014},
  booktitle = {Proc. of {SAT} {C}ompetition 2014},
  year =	 2014,
}

@proceedings{scipy10,
    booktitle = {Proc. of {S}ci{P}y'10},
    title     = {Proc. of {S}ci{P}y'10},
    year      = {2010},
}

@proceedings{scipy2014,
    booktitle = {Proc. of {S}ci{P}y'14},
    title     = {Proc. of {S}ci{P}y'14},
    year      = {2014},
}

@proceedings{scipy2017,
    booktitle = {Proc. of {SciP}y'17},
    title     = {Proc. of {SciP}y'17},
    year      = {2017},
}

@proceedings{sgai12,
  title     = {Proc. of {SGAI}'12},
  booktitle = {Proc. of {SGAI}'12},
  year      = {2012},
}

@proceedings{siamsdm17,
    booktitle = {Proc. of {SDM}'17},
	title = {Proc. of {SDM}'17},
	year = {2017}
}

@proceedings{siggraph10,
  title     = {Proc. of {SCA}'10},
  booktitle = {Proc. of {SCA}'10},
  year      = {2010},
}

@proceedings{sigmetrics04,
  booktitle = {Proc. of ({SIGMETRICS}'04/{Performance}'04)},
  title = {Proc. of ({SIGMETRICS}'04/{Performance}'04)},
  year      = {2004},
}

@proceedings{sitis10,
  title     = {Proc. of {SITIS}},
  booktitle = {Proc. of {SITIS}},
  year      = {2010}
}

@proceedings{socs13,
  booktitle = {Proc. of {SOCS}'13},
  title = {Proc. of {SOCS}'13},
  year      = {2013},
}

@proceedings{socs14,
  booktitle = {Proc. of {SOCS}'14},
  title = {Proc. of {SOCS}'14},
  year      = {2014},
}

@proceedings{socc2015,
    booktitle = {Proc. of {S}o{CC} '15},
    title     = {Proc. of {S}o{CC} '15},
    year      = {2015},
}

@proceedings{spmb17,
  year		= {2017},
  title	= {The IEEE Signal Processing in Medicine and Biology Symposium},
  booktitle	= {The IEEE Signal Processing in Medicine and Biology Symposium}
}

@proceedings{ssci2016,
    booktitle = {Proc. of {SSCI}'16},
    title     = {Proc. of {SSCI}'16},
    year      = {2016},
}

@proceedings{stairs14,
  title     = {Proc. of {STAIRS}'14},
  booktitle = {Proc. of {STAIRS}'14},
  year      = {2014}
}

@proceedings{stoc71,
  title =	 {Proc. of {STOC}'71},
  booktitle =	 {Proc. of {STOC}'71},
  year = {1971}
}

@proceedings{stoc04,
  title =	 {Proc. of {STOC}'04},
  booktitle =	 {Proc. of {STOC}'04},
  year = {2004}
}

@proceedings{tpami15,
  title     = {{TPAMI}'15},
  booktitle = {{TPAMI}'15},
  year      = {2015}
}



@proceedings{tpami21,
  title     = {{TPAMI}'21},
  booktitle = {{TPAMI}'21},
  year      = {2021}
}

@proceedings{trl22,
  title        = {{TRL}'22},
  year         = 2022,
  booktitle    = {{TRL}'22},
}

@proceddings{tsw17,
  title = {NeurIPS Time Series Workshop},
  booktitle = {NeurIPS Time Series Workshop},
  year = {2017}
}


@proceedings{uai01,
    title     = {Proc. of {UAI}'01}, 
    booktitle = {Proc. of {UAI}'01}, 
    year      = {2001},
}

@proceedings{uai11,
    title     = {Proc. of {UAI}'11}, 
    booktitle = {Proc. of {UAI}'11}, 
    year      = {2011},
}

@proceedings{uai13,
    title     = {Proc. of {UAI}'13}, 
    booktitle = {Proc. of {UAI}'13}, 
    year      = {2013},
}

@proceedings{uai14,
    title     = {Proc. of {UAI}'14}, 
    booktitle = {Proc. of {UAI}'14}, 
    year      = {2014},
}

@proceedings{uai16,
    title     = {Proc. of {UAI}'16},
    booktitle = {Proc. of {UAI}'16}, 
    year      = {2016},
}

@proceedings{uai19,
    title     = {Proc. of {UAI}'19},
    booktitle = {Proc. of {UAI}'19}, 
    year      = {2019},
}

@proceedings{uai20,
    title     = {Proc. of {UAI}'20},
    booktitle = {Proc. of {UAI}'20}, 
    year      = {2020},
}

@proceedings{uai21,
    title     = {Proc. of {UAI}'21},
    booktitle = {Proc. of {UAI}'21}, 
    year      = {2021},
}

@proceedings{uai22,
    title     = {Proc. of {UAI}'22},
    booktitle = {Proc. of {UAI}'22}, 
    year      = {2022},
}

@proceedings{udl21,
  title = {{UDL}'21},
  booktitle = {{UDL}'21},
  year = {2021},
}

@proceedings{wacv17,
  year		= {2017},
  title     = {Proc. of WACV'17},
  booktitle	= {Proc. of WACV'17}
}

@proceedings{wsc16,
  year		= {2016},
  booktitle	= {Winter Simulation Conference},
  title	= {Winter Simulation Conference}
}

@proceedings{asc20,
    year        = {2020},
    booktitle   = {Applied Soft Computing},
    title       = {Applied Soft Computing},
}

@proceedings{iui20,
  title         = {Proc. {IUI}'20},
  booktitle     = {Proc. {IUI}'20},
  year          = {2020}
}

@proceedings{icde12,
    title       = {{IEEE} {D}ata {E}ngineering'12},
    booktitle   = {{IEEE} {D}ata {E}ngineering'12},
    year        = {2012}
}

@proceedings{wi19,
  title =	 {({WI}'19)},
  booktitle =	{({WI}'19)},
  year = {2019}
}