@STRING{jds     = "Journal of Data Semantics" }
@STRING{acm     = "ACM Press" }
@STRING{aaai    = "AAAI" }
@STRING{aaaimit = "AAAI/MIT Press"}
@STRING{aiaa    = "AIAA Journal"}
@STRING{acmcs   = "ACM" }
@STRING{acta    = "Acta Informatica" }
@STRING{addison = "Addison-Wesley"}
@STRING{alg     = "Algorithmica"}
@STRING{ai      = "AI" }
@STRING{aiai    = "Artificial Intelligence Applications Institute" }
@STRING{aicom   = "AICom" }
@STRING{aij     = "AIJ" }
@STRING{aim     = "AI Magazine" }
@STRING{aimsa   = "AIMSA" }
@STRING{aistats = "AISTATS" }
@STRING{amai    = "AMAI" }
@STRING{aisb    = "AISB" }
@STRING{bi      = "B.I. Wissenschaftsverlag" }
@STRING{cacm    = "ACM" }
@STRING{ccis    = "CCIS"}
@STRING{cea     = "Computers Electronics Agriculture"}
@STRING{corr    = "CoRR"}
@STRING{cs      = "Cognitive Science" }
@STRING{compsys = "Complex systems" }
@STRING{curran  = "Curran Associates" }
@STRING{ci      = "Computational Intelligence" }
@STRING{econometrica = "Econometrica"}
@STRING{elsevier = "Elsevier"}
@STRING{etai	= "ETAI" }
@STRING{evoint = "Evolutionary Intelligence"}
@STRING{evocomp = "EvoComp"}
@STRING{fga    = "Foundations of genetic algorithms" }
@STRING{gi      = "GI" }
@STRING{ic = "Information and Computation" }
@STRING{ieee    = "IEEE" }
@STRING{ieee    = "IEEE" }
@STRING{ieeea   = "IEEE" }
@STRING{ieeese  = "IEEE" }
@STRING{ieeetc  = "IEEE" }
@STRING{ieeecis = "IEEE" }
@STRING{ieeecs  = "IEEE" }
@STRING{ieeeras = "IEEE"}
@STRING{ieeenn = "IEEE"}
@STRING{ieeennls = "IEEE"}
@STRING{ieeeevocomp = "IEEE"}
@STRING{ijcv    = "IJCV"}
@STRING{ijem     = "IJEM"}
@STRING{ijf     = "IJF" }
@STRING{ios     = "IOS Press"}
@STRING{inria   = "INRIA" }
@STRING{is      = "Informatik-Spektrum" }
@STRING{jacm    = "Journal of ACM" }
@STRING{jair    = "JAIR" }
@STRING{jgo     = "JGO" }
@STRING{jmlr    = "JMLR" }
@STRING{joss    = "JOSS"}
@STRING{jsat    = "JSAT" }
@STRING{jss     = "JSS"}
@STRING{jcss    = "JCSS" }
@string{jlc     = "JLC"}
@STRING{jlp     = "JLP" }
@STRING{jsc     = "JSC" }
@STRING{jsl     = "JSL" }
@STRING{jwrpm   = "JWRPM"}
@STRING{kaufmann = "Morgan Kaufmann Publishers" }
@STRING{kbs  = "Knowledge-Based Systems"}
@STRING{ldc     = "Linguistic Data Consortium"}
@STRING{lncs    = "Lecture Notes in Computer Science" }
@STRING{lnai    = "Lecture Notes in Artificial Intelligence" }
@STRING{mlj		= "MLJ"}
@STRING{naturepg = "Nature Publishing Group"}
@STRING{nature = "Nature"}
@STRING{nca     = "Neural Computing and Applications" }
@STRING{osr     = "Operating Systems Review" }
@STRING{pasp    = "PASP"}
@STRING{plos    = "PLOS"}
@STRING{pmlr    = "PMLR"}
@STRING{siam    = "SIAM"}
@STRING{springer = "Springer-Verlag" }
@STRING{sigkdd  = "SIGKDD"}
@STRING{sscml   = "SSCML"}
@STRING{stat   = "Stat"}
@STRING{tciaig     = "TCIAIG" }
@STRING{tcs     = "TCS" }
@STRING{tmlr   = "TMLR"}
@STRING{tplp    = "TPLP"}
@STRING{tpami   = "TPAMI"}
@STRING{wiley   = "John Wiley \& sons" }
@STRING{yale    = "Department of Computer Science, Yale University" }
@STRING{dmkd    = "Data Mining and Knowledge Discovery"}
@STRING{ds      = "Discovery Science"}
@STRING{asc     = "Applied Soft Computing"}
@STRING{iui     = "IUI"}
@STRING{icde    = "ICDE"}
@STRING{JWRPM   = "JoWRPaM"}
@STRING{innsandcis  = "INNS and IEEE CIS"}
@STRING{cvfandieee  = "CVF and IEEE CS"}
@STRING{wileyirdmkd   = "Wiley IRDMKD"}