
@article{dubey-arxiv24a1,
  author       = {A. Dubey and
                  A. Jauhri and
                  A. Pandey and
                  A. Kadian and
                  A. Al{-}Dahle and
                  A. Letman and
                  A. Mathur and
                  A. Schelten and
                  A. Yang and
                  A. Fan and
                  A. Goyal and
                  A. Hartshorn and
                  A. Yang and
                  A. Mitra and
                  A. Sravankumar and
                  A. Korenev and
                  A. Hinsvark and
                  A. Rao and
                  A. Zhang and
                  A. Rodriguez and
                  A. Gregerson and
                  A. Spataru and
                  B. Rozi{\`{e}}re and
                  B. Biron and
                  B. Tang and
                  B. Chern and
                  C. Caucheteux and
                  C. Nayak and
                  C. Bi and
                  C. Marra and
                  C. McConnell and
                  C. Keller and
                  C. Touret and
                  C. Wu and
                  C. Wong and
                  C. Ferrer and
                  C. Nikolaidis and
                  D. Allonsius and
                  D. Song and
                  D. Pintz and
                  D. Livshits and
                  D. Esiobu and
                  D. Choudhary and
                  D. Mahajan and
                  D. Garcia{-}Olano and
                  D. Perino and
                  D. Hupkes and
                  E. Lakomkin and
                  E. AlBadawy and
                  E. Lobanova and
                  E. Dinan and
                  E. Michael Smith and
                  F. Radenovic and
                  F. Zhang and
                  G. Synnaeve and
                  G. Lee and
                  G. Anderson and
                  G. Nail and
                  G. Mialon and
                  G. Pang and
                  G. Cucurell and
                  H. Nguyen and
                  H. Korevaar and
                  H. Xu and
                  H. Touvron and
                  I. Zarov and
                  I. Arrieta Ibarra and
                  I. M. Kloumann and
                  I. Misra and
                  I. Evtimov and
                  J. Copet and
                  J. Lee and
                  J. Geffert and
                  J. Vranes and
                  J. Park and
                  J. Mahadeokar and
                  J. Shah and
                  J. van der Linde and
                  J. Billock and
                  J. Hong and
                  J. Lee and
                  J. Fu and
                  J. Chi and
                  J. Huang and
                  J. Liu and
                  J. Wang and
                  J. Yu and
                  J. Bitton and
                  J. Spisak and
                  J. Park and
                  J. Rocca and
                  J. Johnstun and
                  J. Saxe and
                  J. Jia and
                  K. Alwala and
                  K. Upasani and
                  K. Plawiak and
                  K. Li and
                  K. Heafield and
                  K. Stone and
                  et al.},
  title        = {The Llama 3 Herd of Models},
  journal      = {arXiv:2407.21783 [cs.AI]},
  year         = {2024},
  eprinttype    = {arXiv},
}
