
@ARTICLE{1,

  author={Hu, Yueyu and Yang, Wenhan and Ma, Zhan and Liu, Jiaying},

  journal={IEEE Transactions on Pattern Analysis and Machine Intelligence}, 

  title={Learning End-to-End Lossy Image Compression: A Benchmark}, 

  year={2022},

  volume={44},

  number={8},

  pages={4194-4211},

  doi={10.1109/TPAMI.2021.3065339}}

@ARTICLE{2,

  author={Ma, Siwei and Zhang, Xinfeng and Jia, Chuanmin and Zhao, Zhenghui and Wang, Shiqi and Wang, Shanshe},

  journal={IEEE Transactions on Circuits and Systems for Video Technology}, 

  title={Image and Video Compression With Neural Networks: A Review}, 

  year={2020},

  volume={30},

  number={6},

  pages={1683-1698},

  doi={10.1109/TCSVT.2019.2910119}}

@article{3,
	doi = {10.1145/3368405},
  
	url = {https://doi.org/10.1145%2F3368405},
  
	year = 2020,
	month = {feb},
  
	publisher = {Association for Computing Machinery ({ACM})},
  
	volume = {53},
  
	number = {1},
  
	pages = {1--35},
  
	author = {Dong Liu and Yue Li and Jianping Lin and Houqiang Li and Feng Wu},
  
	title = {Deep Learning-Based Video Coding},
  
	journal = {{ACM} Computing Surveys}
}

@INPROCEEDINGS{4,

  author={Zou, Renjie and Song, Chunfeng and Zhang, Zhaoxiang},

  booktitle={2022 IEEE/CVF Conference on Computer Vision and Pattern Recognition (CVPR)}, 

  title={The Devil Is in the Details: Window-based Attention for Image Compression}, 

  year={2022},

  volume={},

  number={},

  pages={17471-17480},

  doi={10.1109/CVPR52688.2022.01697}}

@INPROCEEDINGS{5,

  author={Zhu, Xiaosu and Song, Jingkuan and Gao, Lianli and Zheng, Feng and Shen, Heng Tao},

  booktitle={2022 IEEE/CVF Conference on Computer Vision and Pattern Recognition (CVPR)}, 

  title={Unified Multivariate Gaussian Mixture for Efficient Neural Image Compression}, 

  year={2022},

  volume={},

  number={},

  pages={17591-17600},

  doi={10.1109/CVPR52688.2022.01709}}

@article{6,
author = {Wallace, Gregory K.},
title = {The JPEG Still Picture Compression Standard},
year = {1991},
issue_date = {April 1991},
publisher = {Association for Computing Machinery},
address = {New York, NY, USA},
volume = {34},
number = {4},
issn = {0001-0782},
url = {https://doi.org/10.1145/103085.103089},
doi = {10.1145/103085.103089},
journal = {Commun. ACM},
month = {apr},
pages = {30–44},
numpages = {15}
}

@article{7,
author = {Majid Rabbani},
title = {{JPEG2000: Image Compression Fundamentals, Standards and Practice}},
volume = {11},
journal = {Journal of Electronic Imaging},
number = {2},
publisher = {SPIE},
pages = {286},
year = {2002},
doi = {10.1117/1.1469618},
URL = {https://doi.org/10.1117/1.1469618}
}

@ARTICLE{8,
  author={Bross, Benjamin and Wang, Ye-Kui and Ye, Yan and Liu, Shan and Chen, Jianle and Sullivan, Gary J. and Ohm, Jens-Rainer},
  journal={IEEE Transactions on Circuits and Systems for Video Technology}, 
  title={Overview of the Versatile Video Coding (VVC) Standard and its Applications}, 
  year={2021},
  volume={31},
  number={10},
  pages={3736-3764},
  doi={10.1109/TCSVT.2021.3101953}}


@misc{bellard2017bpg,
  title={BPG image format (http://bellard. org/bpg/)},
  author={Bellard, F},
  year={2017},
  publisher={Accessed}
}

@INPROCEEDINGS{9,
  author={Ballé, Johannes and Laparra, Valero and Simoncelli, Eero P.},
  booktitle={2016 Picture Coding Symposium (PCS)}, 
  title={End-to-end optimization of nonlinear transform codes for perceptual quality}, 
  year={2016},
  volume={},
  number={},
  pages={1-5},
  doi={10.1109/PCS.2016.7906310}}

@article{balle2016end,
  title={End-to-end optimized image compression},
  author={Ball{\'e}, Johannes and Laparra, Valero and Simoncelli, Eero P},
  journal={arXiv preprint arXiv:1611.01704},
  year={2016}
}

@article{agustsson2017soft,
  title={Soft-to-hard vector quantization for end-to-end learning compressible representations},
  author={Agustsson, Eirikur and Mentzer, Fabian and Tschannen, Michael and Cavigelli, Lukas and Timofte, Radu and Benini, Luca and Gool, Luc V},
  journal={Advances in neural information processing systems},
  volume={30},
  year={2017}
}

@article{theis2017lossy,
  title={Lossy image compression with compressive autoencoders},
  author={Theis, Lucas and Shi, Wenzhe and Cunningham, Andrew and Husz{\'a}r, Ferenc},
  journal={arXiv preprint arXiv:1703.00395},
  year={2017}
}

@article{balle2018variational,
  title={Variational image compression with a scale hyperprior},
  author={Ball{\'e}, Johannes and Minnen, David and Singh, Saurabh and Hwang, Sung Jin and Johnston, Nick},
  journal={arXiv preprint arXiv:1802.01436},
  year={2018}
}

@INPROCEEDINGS{cheng2020learned,
  author={Cheng, Zhengxue and Sun, Heming and Takeuchi, Masaru and Katto, Jiro},
  booktitle={2020 IEEE/CVF Conference on Computer Vision and Pattern Recognition (CVPR)}, 
  title={Learned Image Compression With Discretized Gaussian Mixture Likelihoods and Attention Modules}, 
  year={2020},
  volume={},
  number={},
  pages={7936-7945},
  doi={10.1109/CVPR42600.2020.00796}}

@ARTICLE{guo2021causal,
  author={Guo, Zongyu and Zhang, Zhizheng and Feng, Runsen and Chen, Zhibo},
  journal={IEEE Transactions on Circuits and Systems for Video Technology}, 
  title={Causal Contextual Prediction for Learned Image Compression}, 
  year={2022},
  volume={32},
  number={4},
  pages={2329-2341},
  doi={10.1109/TCSVT.2021.3089491}}

@article{minnen2018joint,
  title={Joint autoregressive and hierarchical priors for learned image compression},
  author={Minnen, David and Ball{\'e}, Johannes and Toderici, George D},
  journal={Advances in neural information processing systems},
  volume={31},
  year={2018}
}

@INPROCEEDINGS{minnen2020channel,
  author={Minnen, David and Singh, Saurabh},
  booktitle={2020 IEEE International Conference on Image Processing (ICIP)}, 
  title={Channel-Wise Autoregressive Entropy Models for Learned Image Compression}, 
  year={2020},
  volume={},
  number={},
  pages={3339-3343},
  doi={10.1109/ICIP40778.2020.9190935}}

@ARTICLE{fu2023learned,
  author={Fu, Haisheng and Liang, Feng and Lin, Jianping and Li, Bing and Akbari, Mohammad and Liang, Jie and Zhang, Guohe and Liu,   Dong and Tu, Chengjie and Han, Jingning},
  journal={IEEE Transactions on Image Processing}, 
  title={Learned Image Compression With Gaussian-Laplacian-Logistic Mixture Model and Concatenated Residual Modules}, 
  year={2023},
  volume={32},
  number={},
  pages={2063-2076},
  doi={10.1109/TIP.2023.3263099}}

@INPROCEEDINGS{he2022elic,
  author={He, Dailan and Yang, Ziming and Peng, Weikun and Ma, Rui and Qin, Hongwei and Wang, Yan},
  booktitle={2022 IEEE/CVF Conference on Computer Vision and Pattern Recognition (CVPR)}, 
  title={ELIC: Efficient Learned Image Compression with Unevenly Grouped Space-Channel Contextual Adaptive Coding}, 
  year={2022},
  volume={},
  number={},
  pages={5708-5717},
  doi={10.1109/CVPR52688.2022.00563}}

@InProceedings{He_2021_CVPR,
    author    = {He, Dailan and Zheng, Yaoyan and Sun, Baocheng and Wang, Yan and Qin, Hongwei},
    title     = {Checkerboard Context Model for Efficient Learned Image Compression},
    booktitle = {Proceedings of the IEEE/CVF Conference on Computer Vision and Pattern Recognition (CVPR)},
    month     = {June},
    year      = {2021},
    pages     = {14771-14780}
}

@article{lu2022high,
  title={High-efficiency lossy image coding through adaptive neighborhood information aggregation},
  author={Lu, Ming and Chen, Fangdong and Pu, Shiliang and Ma, Zhan},
  journal={arXiv preprint arXiv:2204.11448},
  year={2022}
}

@INPROCEEDINGS{gao2021neural,
  author={Gao, Ge and You, Pei and Pan, Rong and Han, Shunyuan and Zhang, Yuanyuan and Dai, Yuchao and Lee, Hojae},
  booktitle={2021 IEEE/CVF International Conference on Computer Vision (ICCV)}, 
  title={Neural Image Compression via Attentional Multi-scale Back Projection and Frequency Decomposition}, 
  year={2021},
  volume={},
  number={},
  pages={14657-14666},
  doi={10.1109/ICCV48922.2021.01441}}

@INPROCEEDINGS{lin2020spatial,
  author={Lin, Chaoyi and Yao, Jiabao and Chen, Fangdong and Wang, Li},
  booktitle={2020 IEEE/CVF Conference on Computer Vision and Pattern Recognition (CVPR)}, 
  title={A Spatial RNN Codec for End-to-End Image Compression}, 
  year={2020},
  volume={},
  number={},
  pages={13266-13274},
  doi={10.1109/CVPR42600.2020.01328}}

@misc{liu2019non,
      title={Non-local Attention Optimized Deep Image Compression}, 
      author={Haojie Liu and Tong Chen and Peiyao Guo and Qiu Shen and Xun Cao and Yao Wang and Zhan Ma},
      year={2019},
      eprint={1904.09757},
      archivePrefix={arXiv},
      primaryClass={eess.IV}
}

@article{liu2020unified,
  title={A unified end-to-end framework for efficient deep image compression},
  author={Liu, Jiaheng and Lu, Guo and Hu, Zhihao and Xu, Dong},
  journal={arXiv preprint arXiv:2002.03370},
  year={2020}
}

@ARTICLE{ma2020end,
  author={Ma, Haichuan and Liu, Dong and Yan, Ning and Li, Houqiang and Wu, Feng},
  journal={IEEE Transactions on Pattern Analysis and Machine Intelligence}, 
  title={End-to-End Optimized Versatile Image Compression With Wavelet-Like Transform}, 
  year={2022},
  volume={44},
  number={3},
  pages={1247-1263},
  doi={10.1109/TPAMI.2020.3026003}}

@inproceedings{xie2021enhanced,
  title={Enhanced invertible encoding for learned image compression},
  author={Xie, Yueqi and Cheng, Ka Leong and Chen, Qifeng},
  booktitle={Proceedings of the 29th ACM international conference on multimedia},
  pages={162--170},
  year={2021}
}

@article{toderici2015variable,
  title={Variable rate image compression with recurrent neural networks},
  author={Toderici, George and O'Malley, Sean M and Hwang, Sung Jin and Vincent, Damien and Minnen, David and Baluja, Shumeet and Covell, Michele and Sukthankar, Rahul},
  journal={arXiv preprint arXiv:1511.06085},
  year={2015}
}

@INPROCEEDINGS{toderici2017full,
  author={Toderici, George and Vincent, Damien and Johnston, Nick and Hwang, Sung Jin and Minnen, David and Shor, Joel and Covell, Michele},
  booktitle={2017 IEEE Conference on Computer Vision and Pattern Recognition (CVPR)}, 
  title={Full Resolution Image Compression with Recurrent Neural Networks}, 
  year={2017},
  volume={},
  number={},
  pages={5435-5443},
  doi={10.1109/CVPR.2017.577}}

@ARTICLE{chen2021end,
  author={Chen, Tong and Liu, Haojie and Ma, Zhan and Shen, Qiu and Cao, Xun and Wang, Yao},
  journal={IEEE Transactions on Image Processing}, 
  title={End-to-End Learnt Image Compression via Non-Local Attention Optimization and Improved Context Modeling}, 
  year={2021},
  volume={30},
  number={},
  pages={3179-3191},
  doi={10.1109/TIP.2021.3058615}}

@inproceedings{zhu2022transformer,
title={Transformer-based Transform Coding},
author={Yinhao Zhu and Yang Yang and Taco Cohen},
booktitle={International Conference on Learning Representations},
year={2022},
url={https://openreview.net/forum?id=IDwN6xjHnK8}
}

@article{lu2021transformer,
  title={Transformer-based image compression},
  author={Lu, Ming and Guo, Peiyao and Shi, Huiqing and Cao, Chuntong and Ma, Zhan},
  journal={arXiv preprint arXiv:2111.06707},
  year={2021}
}

@INPROCEEDINGS{liu2021swin,
  author={Liu, Ze and Lin, Yutong and Cao, Yue and Hu, Han and Wei, Yixuan and Zhang, Zheng and Lin, Stephen and Guo, Baining},
  booktitle={2021 IEEE/CVF International Conference on Computer Vision (ICCV)}, 
  title={Swin Transformer: Hierarchical Vision Transformer using Shifted Windows}, 
  year={2021},
  volume={},
  number={},
  pages={9992-10002},
  doi={10.1109/ICCV48922.2021.00986}}

@InProceedings{zhou2018variational,
author = {Zhou, Lei and Cai, Chunlei and Gao, Yue and Su, Sanbao and Wu, Junmin},
title = {Variational Autoencoder for Low Bit-rate Image Compression},
booktitle = {Proceedings of the IEEE Conference on Computer Vision and Pattern Recognition (CVPR) Workshops},
month = {June},
year = {2018}
}

@INPROCEEDINGS{duan2022end,
  author={Duan, Wenhong and Lin, Kai and Jia, Chuanmin and Zhang, Xinfeng and Ma, Siwei and Gao, Wen},
  booktitle={2022 IEEE International Conference on Multimedia and Expo (ICME)}, 
  title={End-to-End Image Compression via Attention-Guided Information-Preserving Module}, 
  year={2022},
  volume={},
  number={},
  pages={1-6},
  doi={10.1109/ICME52920.2022.9859700}}

@InProceedings{zhang2018image,
author = {Zhang, Yulun and Li, Kunpeng and Li, Kai and Wang, Lichen and Zhong, Bineng and Fu, Yun},
title = {Image Super-Resolution Using Very Deep Residual Channel Attention Networks},
booktitle = {Proceedings of the European Conference on Computer Vision (ECCV)},
month = {September},
year = {2018}
}

@InProceedings{woo2018cbam,
author = {Woo, Sanghyun and Park, Jongchan and Lee, Joon-Young and Kweon, In So},
title = {CBAM: Convolutional Block Attention Module},
booktitle = {Proceedings of the European Conference on Computer Vision (ECCV)},
month = {September},
year = {2018}
}

@INPROCEEDINGS{deng2009imagenet,
  author={Deng, Jia and Dong, Wei and Socher, Richard and Li, Li-Jia and Kai Li and Li Fei-Fei},
  booktitle={2009 IEEE Conference on Computer Vision and Pattern Recognition}, 
  title={ImageNet: A large-scale hierarchical image database}, 
  year={2009},
  volume={},
  number={},
  pages={248-255},
  doi={10.1109/CVPR.2009.5206848}}

@article{franzen1999kodak,
  title={Kodak lossless true color image suite},
  author={Franzen, Rich},
  journal={source: http://r0k. us/graphics/kodak},
  volume={4},
  number={2},
  year={1999}
}

@misc{clic2020,
  author = {},
  title = "Workshop and challenge on learned image compression",
  url = "http://www.compression.cc",
  year = "2020",
}

@INPROCEEDINGS{jiang23,
  author={Jiang, Shiqi and Yuan, Hui and Li, Shuai and Mao, Xiaolong},
  booktitle={2023 IEEE International Conference on Image Processing (ICIP)}, 
  title={Fourier Series and Laplacian Noise-Based Quantization Error Compensation for End-to-End Learning-Based Image Compression}, 
  year={2023},
  volume={},
  number={},
  pages={2975-2979},
  doi={10.1109/ICIP49359.2023.10222497}}

@InProceedings{Duan_2023_WACV,
  title={Lossy image compression with quantized hierarchical VAEs},
  author={Duan, Zhihao and Lu, Ming and Ma, Zhan and Zhu, Fengqing},
  booktitle={Proceedings of the IEEE/CVF Winter Conference on Applications of Computer Vision},
  pages={198--207},
  year={2023}
}

@InProceedings{Zou_2022_CVPR,
    author    = {Zou, Renjie and Song, Chunfeng and Zhang, Zhaoxiang},
    title     = {The Devil Is in the Details: Window-Based Attention for Image Compression},
    booktitle = {Proceedings of the IEEE/CVF Conference on Computer Vision and Pattern Recognition (CVPR)},
    month     = {June},
    year      = {2022},
    pages     = {17492-17501}
}

@ARTICLE{VVC,
  author={Pfaff, Jonathan and Filippov, Alexey and Liu, Shan and Zhao, Xin and Chen, Jianle and De-Luxán-Hernández, Santiago and Wiegand, Thomas and Rufitskiy, Vasily and Ramasubramonian, Adarsh Krishnan and Van der Auwera, Geert},
  journal={IEEE Transactions on Circuits and Systems for Video Technology}, 
  title={Intra Prediction and Mode Coding in VVC}, 
  year={2021},
  volume={31},
  number={10},
  pages={3834-3847},
  doi={10.1109/TCSVT.2021.3072430}}

@book{fourier1822theorie,
  title={Th{\'e}orie analytique de la chaleur},
  author={Fourier, Jean Baptiste Joseph and Darboux, Gaston and others},
  volume={504},
  year={1822},
  publisher={Didot Paris}
}

@inproceedings{kim2022joint,
  title={Joint Global and Local Hierarchical Priors for Learned Image Compression},
  author={Kim, Jun-Hyuk and Heo, Byeongho and Lee, Jong-Seok},
  booktitle={Proceedings of the IEEE/CVF Conference on Computer Vision and Pattern Recognition},
  pages={5992--6001},
  year={2022}
}

@article{bengio2013estimating,
  title={Estimating or propagating gradients through stochastic neurons for conditional computation},
  author={Bengio, Yoshua and L{\'e}onard, Nicholas and Courville, Aaron},
  journal={arXiv preprint arXiv:1308.3432},
  year={2013}
}

@article{yang2020improving,
  title={Improving inference for neural image compression},
  author={Yang, Yibo and Bamler, Robert and Mandt, Stephan},
  journal={Advances in Neural Information Processing Systems},
  volume={33},
  pages={573--584},
  year={2020}
}

@article{agustsson2020universally,
  title={Universally quantized neural compression},
  author={Agustsson, Eirikur and Theis, Lucas},
  journal={Advances in neural information processing systems},
  volume={33},
  pages={12367--12376},
  year={2020}
}

@ARTICLE{fu2022asymmetric,
  author={Fu, Haisheng and Liang, Feng and Liang, Jie and Li, Binglin and Zhang, Guohe and Han, Jingning},
  journal={IEEE Transactions on Circuits and Systems for Video Technology}, 
  title={Asymmetric Learned Image Compression with Multi-Scale Residual Block, Importance Scaling, and Post-Quantization Filtering}, 
  year={2023},
  volume={},
  number={},
  pages={1-1},
  doi={10.1109/TCSVT.2023.3237274}}

@inproceedings{guo2021soft,
  title={Soft then hard: Rethinking the quantization in neural image compression},
  author={Guo, Zongyu and Zhang, Zhizheng and Feng, Runsen and Chen, Zhibo},
  booktitle={International Conference on Machine Learning},
  pages={3920--3929},
  year={2021},
  organization={PMLR}
}

@article{bjontegaard2001calculation,
  title={Calculation of average PSNR differences between RD-curves},
  author={Bjontegaard, Gisle},
  journal={ITU SG16 Doc. VCEG-M33},
  year={2001}
}

@inproceedings{liu2023learned,
  title={Learned image compression with mixed transformer-cnn architectures},
  author={Liu, Jinming and Sun, Heming and Katto, Jiro},
  booktitle={Proceedings of the IEEE/CVF Conference on Computer Vision and Pattern Recognition},
  pages={14388--14397},
  year={2023}
}

@article{begaint2020compressai,
  title={Compressai: a pytorch library and evaluation platform for end-to-end compression research},
  author={B{\'e}gaint, Jean and Racap{\'e}, Fabien and Feltman, Simon and Pushparaja, Akshay},
  journal={source: https://github.com/InterDigitalInc/CompressAI/},
  year={2020}
}

@ARTICLE{10120973,
  author={Tong, Kedeng and Jin, Xin and Yang, Yuqing and Wang, Chen and Kang, Jinshi and Jiang, Fan},
  journal={IEEE Transactions on Multimedia}, 
  title={Learned Focused Plenoptic Image Compression With Microimage Preprocessing and Global Attention}, 
  year={2024},
  volume={26},
  number={},
  pages={890-903},
  keywords={Image coding;Cameras;Lenses;Correlation;Microoptics;Imaging;Redundancy;Focused plenoptic camera;global attention;learned image compression;plenoptic image coding},
  doi={10.1109/TMM.2023.3272747}}

@ARTICLE{8931632,
  author={Ma, Haichuan and Liu, Dong and Xiong, Ruiqin and Wu, Feng},
  journal={IEEE Transactions on Multimedia}, 
  title={iWave: CNN-Based Wavelet-Like Transform for Image Compression}, 
  year={2020},
  volume={22},
  number={7},
  pages={1667-1679},
  keywords={Wavelet transforms;Image coding;Wavelet analysis;Task analysis;Kernel;Quantization (signal);Convolutional neural network (CNN);image compression;lifting scheme;wavelet transform},
  doi={10.1109/TMM.2019.2957990}}

@ARTICLE{8962013,
  author={Yuan, Xin and Haimi-Cohen, Raziel},
  journal={IEEE Transactions on Multimedia}, 
  title={Image Compression Based on Compressive Sensing: End-to-End Comparison With JPEG}, 
  year={2020},
  volume={22},
  number={11},
  pages={2889-2904},
  keywords={Image coding;Transform coding;Quantization (signal);Sensors;Image reconstruction;Reconstruction algorithms;Bit rate;Compressive sensing;image compression;quantization;entropy coding;sparse coding;reconstruction;JPEG;JPEG2000},
  doi={10.1109/TMM.2020.2967646}}

@ARTICLE{9762060,
  author={Wu, Kejun and Yang, You and Liu, Qiong and Zhang, Xiao-Ping},
  journal={IEEE Transactions on Multimedia}, 
  title={Focal Stack Image Compression Based on Basis-Quadtree Representation}, 
  year={2023},
  volume={25},
  number={},
  pages={3975-3988},
  keywords={Image coding;Encoding;Redundancy;Predictive models;Optimization;Visualization;Three-dimensional displays;Focal stack images;image representation;image compression;video coding},
  doi={10.1109/TMM.2022.3169055}}

@ARTICLE{9447950,
  author={Chen, Yihao and Tan, Bin and Wu, Jun and Zhang, Zhifeng and Ren, Haoqi},
  journal={IEEE Transactions on Multimedia}, 
  title={A Deep Image Coding Scheme With Generative Network to Learn From Correlated Images}, 
  year={2021},
  volume={23},
  number={},
  pages={2235-2244},
  keywords={Image coding;Image reconstruction;Inverse problems;Generative adversarial networks;Generators;Deep learning;Encoding;Coding schemes;correlated images;GAN;inverse problem},
  doi={10.1109/TMM.2021.3087011}}

@ARTICLE{9385968,
  author={Akbari, Mohammad and Liang, Jie and Han, Jingning and Tu, Chengjie},
  journal={IEEE Transactions on Multimedia}, 
  title={Learned Multi-Resolution Variable-Rate Image Compression With Octave-Based Residual Blocks}, 
  year={2021},
  volume={23},
  number={},
  pages={3013-3021},
  keywords={Image coding;Decoding;Convolutional codes;Transforms;Codecs;Image reconstruction;Linear programming;Deep learning;generalized octave convolutions;image compression;residual coding;variable-rate},
  doi={10.1109/TMM.2021.3068523}}

@ARTICLE{8744274,
  author={Zhu, Linwei and Kwong, Sam and Zhang, Yun and Wang, Shiqi and Wang, Xu},
  journal={IEEE Transactions on Multimedia}, 
  title={Generative Adversarial Network-Based Intra Prediction for Video Coding}, 
  year={2020},
  volume={22},
  number={1},
  pages={45-58},
  keywords={Encoding;Video coding;Generative adversarial networks;Gallium nitride;Transforms;Predictive models;Generative adversarial network;intra prediction;inpainting;high efficiency video coding;versatile video coding},
  doi={10.1109/TMM.2019.2924591}}

@ARTICLE{9899414,
  author={Zhao, Tiesong and Huang, Yuhang and Feng, Weize and Xu, Yiwen and Kwong, Sam},
  journal={IEEE Transactions on Multimedia}, 
  title={Efficient VVC Intra Prediction Based on Deep Feature Fusion and Probability Estimation}, 
  year={2023},
  volume={25},
  number={},
  pages={6411-6421},
  keywords={Encoding;Feature extraction;Computational modeling;Complexity theory;Video coding;Kernel;Convolutional neural networks;Intra coding;rate-distortion (RD);versatile video coding (VVC);video coding},
  doi={10.1109/TMM.2022.3208516}}

@ARTICLE{8447515,
  author={Luo, Falei and Wang, Shanshe and Wang, Shiqi and Zhang, Xinfeng and Ma, Siwei and Gao, Wen},
  journal={IEEE Transactions on Multimedia}, 
  title={GPU-Based Hierarchical Motion Estimation for High Efficiency Video Coding}, 
  year={2019},
  volume={21},
  number={4},
  pages={851-862},
  keywords={Encoding;Graphics processing units;Video coding;Central Processing Unit;Motion estimation;Computational complexity;GPU;motion estimation;High Efficiency Video Coding},
  doi={10.1109/TMM.2018.2867260}}

@article{li20233d,
  title={3D reconstruction based on hierarchical reinforcement learning with transferability},
  author={Li, Lan and He, Fazhi and Fan, Rubin and Fan, Bo and Yan, Xiaohu},
  journal={Integrated Computer-Aided Engineering},
  volume={30},
  number={4},
  pages={327--339},
  year={2023},
  publisher={IOS Press}
}

@inproceedings{
dosovitskiy2021an,
title={An Image is Worth 16x16 Words: Transformers for Image Recognition at Scale},
author={Alexey Dosovitskiy and Lucas Beyer and Alexander Kolesnikov and Dirk Weissenborn and Xiaohua Zhai and Thomas Unterthiner and Mostafa Dehghani and Matthias Minderer and Georg Heigold and Sylvain Gelly and Jakob Uszkoreit and Neil Houlsby},
booktitle={International Conference on Learning Representations},
year={2021},
url={https://openreview.net/forum?id=YicbFdNTTy}
}