@misc{chen2016training,
      title={Training Deep Nets with Sublinear Memory Cost}, 
      author={Tianqi Chen and Bing Xu and Chiyuan Zhang and Carlos Guestrin},
      year={2016},
      eprint={1604.06174},
      archivePrefix={arXiv},
      primaryClass={cs.LG}
}

@misc{feng2021optimal,
      title={Optimal Gradient Checkpoint Search for Arbitrary Computation Graphs}, 
      author={Jianwei Feng and Dong Huang},
      year={2021},
      eprint={1808.00079},
      archivePrefix={arXiv},
      primaryClass={cs.LG}
}

@misc{herrmann2019optimal,
      title={Optimal checkpointing for heterogeneous chains: how to train deep neural networks with limited memory}, 
      author={Julien Herrmann and Olivier Beaumont and Lionel Eyraud-Dubois and Julien Hermann and Alexis Joly and Alena Shilova},
      year={2019},
      eprint={1911.13214},
      archivePrefix={arXiv},
      primaryClass={cs.LG}
}

@misc{paszke2019pytorch,
      title={PyTorch: An Imperative Style, High-Performance Deep Learning Library}, 
      author={Adam Paszke and Sam Gross and Francisco Massa and Adam Lerer and James Bradbury and Gregory Chanan and Trevor Killeen and Zeming Lin and Natalia Gimelshein and Luca Antiga and Alban Desmaison and Andreas Köpf and Edward Yang and Zach DeVito and Martin Raison and Alykhan Tejani and Sasank Chilamkurthy and Benoit Steiner and Lu Fang and Junjie Bai and Soumith Chintala},
      year={2019},
      eprint={1912.01703},
      archivePrefix={arXiv},
      primaryClass={cs.LG}
}

@misc{sohoni2022lowmemory,
      title={Low-Memory Neural Network Training: A Technical Report}, 
      author={Nimit S. Sohoni and Christopher R. Aberger and Megan Leszczynski and Jian Zhang and Christopher Ré},
      year={2022},
      eprint={1904.10631},
      archivePrefix={arXiv},
      primaryClass={cs.LG}
}

