%% introduction
@inproceedings{10.5555/3298023.3298188,
author = {Szegedy, Christian and Ioffe, Sergey and Vanhoucke, Vincent and Alemi, Alexander A.},
title = {Inception-v4, Inception-ResNet and the Impact of Residual Connections on Learning},
year = {2017},
publisher = {AAAI Press},
booktitle = {Proceedings of the Thirty-First AAAI Conference on Artificial Intelligence},
pages = {4278â€“4284},
numpages = {7},
location = {San Francisco, California, USA},
series = {AAAI'17}
}

@article{Wu2016GooglesNM,
  title={Google's Neural Machine Translation System: Bridging the Gap between Human and Machine Translation},
  author={Yonghui Wu and Mike Schuster and Z. Chen and Quoc V. Le and Mohammad Norouzi and Wolfgang Macherey and Maxim Krikun and Yuan Cao and Qin Gao and Klaus Macherey and Jeff Klingner and Apurva Shah and Melvin Johnson and Xiaobing Liu and Lukasz Kaiser and Stephan Gouws and Yoshikiyo Kato and Taku Kudo and Hideto Kazawa and Keith Stevens and George Kurian and Nishant Patil and Wei Wang and Cliff Young and Jason R. Smith and Jason Riesa and Alex Rudnick and Oriol Vinyals and Gregory S. Corrado and Macduff Hughes and Jeffrey Dean},
  journal={ArXiv},
  year={2016},
  volume={abs/1609.08144}
}

@ARTICLE{2016arXiv160507146Z,
       author = {{Zagoruyko}, Sergey and {Komodakis}, Nikos},
        title = "{Wide Residual Networks}",
      journal = {arXiv e-prints},
     keywords = {Computer Science - Computer Vision and Pattern Recognition, Computer Science - Machine Learning, Computer Science - Neural and Evolutionary Computing},
         year = 2016,
        month = may,
          eid = {arXiv:1605.07146},
        pages = {arXiv:1605.07146},
          doi = {10.48550/arXiv.1605.07146},
archivePrefix = {arXiv},
       eprint = {1605.07146},
 primaryClass = {cs.CV},
       adsurl = {https://ui.adsabs.harvard.edu/abs/2016arXiv160507146Z},
      adsnote = {Provided by the SAO/NASA Astrophysics Data System}
}

@book{Goodfellow-et-al-2016,
    title={Deep Learning},
    author={Ian Goodfellow and Yoshua Bengio and Aaron Courville},
    publisher={MIT Press},
    note={\url{http://www.deeplearningbook.org}},
    year={2016}
}

@article{Zoph2017LearningTA,
  title={Learning Transferable Architectures for Scalable Image Recognition},
  author={Barret Zoph and Vijay Vasudevan and Jonathon Shlens and Quoc V. Le},
  journal={2018 IEEE/CVF Conference on Computer Vision and Pattern Recognition},
  year={2017},
  pages={8697-8710}
}

@article{Huang2020SwapAdvisorPD,
  title={SwapAdvisor: Pushing Deep Learning Beyond the GPU Memory Limit via Smart Swapping},
  author={Chien-chin Huang and Gu Jin and Jinyang Li},
  journal={Proceedings of the Twenty-Fifth International Conference on Architectural Support for Programming Languages and Operating Systems},
  year={2020}
}

@inproceedings{Gupta2015DeepLW,
  title={Deep Learning with Limited Numerical Precision},
  author={Suyog Gupta and Ankur Agrawal and K. Gopalakrishnan and Pritish Narayanan},
  booktitle={International Conference on Machine Learning},
  year={2015}
}

@inproceedings{10.1145/2925426.2926294,
author = {Judd, Patrick and Albericio, Jorge and Hetherington, Tayler and Aamodt, Tor M. and Jerger, Natalie Enright and Moshovos, Andreas},
title = {Proteus: Exploiting Numerical Precision Variability in Deep Neural Networks},
year = {2016},
isbn = {9781450343619},
publisher = {Association for Computing Machinery},
address = {New York, NY, USA},
url = {https://doi.org/10.1145/2925426.2926294},
doi = {10.1145/2925426.2926294},
booktitle = {Proceedings of the 2016 International Conference on Supercomputing},
articleno = {23},
numpages = {12},
location = {Istanbul, Turkey},
series = {ICS '16}
}

@article{Han2015DeepCC,
  title={Deep Compression: Compressing Deep Neural Network with Pruning, Trained Quantization and Huffman Coding},
  author={Song Han and Huizi Mao and William J. Dally},
  journal={arXiv: Computer Vision and Pattern Recognition},
  year={2015}
}

@inproceedings{Han2015LearningBW,
  title={Learning both Weights and Connections for Efficient Neural Network},
  author={Song Han and Jeff Pool and John Tran and William J. Dally},
  booktitle={NIPS},
  year={2015}
}

@article{Rhu2016vDNNVD,
  title={vDNN: Virtualized deep neural networks for scalable, memory-efficient neural network design},
  author={Minsoo Rhu and Natalia Gimelshein and Jason Clemons and Arslan Zulfiqar and Stephen W. Keckler},
  journal={2016 49th Annual IEEE/ACM International Symposium on Microarchitecture (MICRO)},
  year={2016},
  pages={1-13}
}

@article{Le2018TFLMSLM,
  title={TFLMS: Large Model Support in TensorFlow by Graph Rewriting},
  author={Tung D. Le and Haruki Imai and Yasushi Negishi and Kiyokuni Kawachiya},
  journal={ArXiv},
  year={2018},
  volume={abs/1807.02037}
}

@article{Yu2022CoCaCC,
  title={CoCa: Contrastive Captioners are Image-Text Foundation Models},
  author={Jiahui Yu and Zirui Wang and Vijay Vasudevan and Legg Yeung and Mojtaba Seyedhosseini and Yonghui Wu},
  journal={Trans. Mach. Learn. Res.},
  year={2022},
  volume={2022}
}

@article{He2015DeepRL,
  title={Deep Residual Learning for Image Recognition},
  author={Kaiming He and X. Zhang and Shaoqing Ren and Jian Sun},
  journal={2016 IEEE Conference on Computer Vision and Pattern Recognition (CVPR)},
  year={2015},
  pages={770-778}
}

@article{Wu2016HighperformanceSS,
  title={High-performance Semantic Segmentation Using Very Deep Fully Convolutional Networks},
  author={Zifeng Wu and Chunhua Shen and Anton van den Hengel},
  journal={ArXiv},
  year={2016},
  volume={abs/1604.04339}
}

@INPROCEEDINGS{8237506,
  author={Zhu, Jun-Yan and Park, Taesung and Isola, Phillip and Efros, Alexei A.},
  booktitle={2017 IEEE International Conference on Computer Vision (ICCV)}, 
  title={Unpaired Image-to-Image Translation Using Cycle-Consistent Adversarial Networks}, 
  year={2017},
  volume={},
  number={},
  pages={2242-2251},
  doi={10.1109/ICCV.2017.244}}

@inproceedings{Dean2012LargeSD,
  title={Large Scale Distributed Deep Networks},
  author={Jeffrey Dean and Gregory S. Corrado and Rajat Monga and Kai Chen and Matthieu Devin and Quoc V. Le and Mark Z. Mao and Marc'Aurelio Ranzato and Andrew W. Senior and Paul A. Tucker and Ke Yang and A. Ng},
  booktitle={NIPS},
  year={2012}
}

@inproceedings{Beaumont2021EfficientCO,
  title={Efficient Combination of Rematerialization and Offloading for Training DNNs},
  author={Olivier Beaumont and Lionel Eyraud-Dubois and Alena Shilova},
  booktitle={Neural Information Processing Systems},
  year={2021}
}

@article{Pudipeddi2020TrainingLN,
  title={Training Large Neural Networks with Constant Memory using a New Execution Algorithm},
  author={Bharadwaj Pudipeddi and Maral Mesmakhosroshahi and Jinwen Xi and S. Bharadwaj},
  journal={ArXiv},
  year={2020},
  volume={abs/2002.05645}
}

@article{Tan2019EfficientNetRM,
  title={EfficientNet: Rethinking Model Scaling for Convolutional Neural Networks},
  author={Mingxing Tan and Quoc V. Le},
  journal={ArXiv},
  year={2019},
  volume={abs/1905.11946}
}

@article{Hu2017SqueezeandExcitationN,
  title={Squeeze-and-Excitation Networks},
  author={Jie Hu and Li Shen and Samuel Albanie and Gang Sun and Enhua Wu},
  journal={IEEE Transactions on Pattern Analysis and Machine Intelligence},
  year={2017},
  volume={42},
  pages={2011-2023}
}

%% algorithms
@misc{chen2016training,
      title={Training Deep Nets with Sublinear Memory Cost}, 
      author={Tianqi Chen and Bing Xu and Chiyuan Zhang and Carlos Guestrin},
      year={2016},
      eprint={1604.06174},
      archivePrefix={arXiv},
      primaryClass={cs.LG}
}

@misc{feng2021optimal,
      title={Optimal Gradient Checkpoint Search for Arbitrary Computation Graphs}, 
      author={Jianwei Feng and Dong Huang},
      year={2021},
      eprint={1808.00079},
      archivePrefix={arXiv},
      primaryClass={cs.LG}
}



%% others

@inproceedings{
kirisame2021dynamic,
title={Dynamic Tensor Rematerialization},
author={Marisa Kirisame and Steven Lyubomirsky and Altan Haan and Jennifer Brennan and Mike He and Jared Roesch and Tianqi Chen and Zachary Tatlock},
booktitle={International Conference on Learning Representations},
year={2021},
url={https://openreview.net/forum?id=Vfs_2RnOD0H}
}

@misc{herrmann2019optimal,
      title={Optimal checkpointing for heterogeneous chains: how to train deep neural networks with limited memory}, 
      author={Julien Herrmann and Olivier Beaumont and Lionel Eyraud-Dubois and Julien Hermann and Alexis Joly and Alena Shilova},
      year={2019},
      eprint={1911.13214},
      archivePrefix={arXiv},
      primaryClass={cs.LG}
}

@inproceedings{Gruslys2016MemoryEfficientBT,
  title={Memory-Efficient Backpropagation Through Time},
  author={Audrunas Gruslys and R{\'e}mi Munos and Ivo Danihelka and Marc Lanctot and Alex Graves},
  booktitle={NIPS},
  year={2016}
}

@inproceedings{Gomez2017TheRR,
  title={The Reversible Residual Network: Backpropagation Without Storing Activations},
  author={Aidan N. Gomez and Mengye Ren and Raquel Urtasun and Roger Baker Grosse},
  booktitle={NIPS},
  year={2017}
}

%% models, framework, datasets

%	Alexnet
@article{krizhevsky2017imagenet,
  title={Imagenet classification with deep convolutional neural networks},
  author={Krizhevsky, Alex and Sutskever, Ilya and Hinton, Geoffrey E},
  journal={Communications of the ACM},
  volume={60},
  number={6},
  pages={84--90},
  year={2017},
  publisher={AcM New York, NY, USA}
}

%	VGG
@article{Simonyan2014VeryDC,
  title={Very Deep Convolutional Networks for Large-Scale Image Recognition},
  author={Karen Simonyan and Andrew Zisserman},
  journal={CoRR},
  year={2014},
  volume={abs/1409.1556}
}

@misc{alom2018history,
      title={The History Began from AlexNet: A Comprehensive Survey on Deep Learning Approaches}, 
      author={Md Zahangir Alom and Tarek M. Taha and Christopher Yakopcic and Stefan Westberg and Paheding Sidike and Mst Shamima Nasrin and Brian C Van Esesn and Abdul A S. Awwal and Vijayan K. Asari},
      year={2018},
      eprint={1803.01164},
      archivePrefix={arXiv},
      primaryClass={cs.CV}
}

@misc{paszke2019pytorch,
      title={PyTorch: An Imperative Style, High-Performance Deep Learning Library}, 
      author={Adam Paszke and Sam Gross and Francisco Massa and Adam Lerer and James Bradbury and Gregory Chanan and Trevor Killeen and Zeming Lin and Natalia Gimelshein and Luca Antiga and Alban Desmaison and Andreas KÃ¶pf and Edward Yang and Zach DeVito and Martin Raison and Alykhan Tejani and Sasank Chilamkurthy and Benoit Steiner and Lu Fang and Junjie Bai and Soumith Chintala},
      year={2019},
      eprint={1912.01703},
      archivePrefix={arXiv},
      primaryClass={cs.LG}
}

% ImageNet.
@article{russakovsky2015imagenet,
  title={Imagenet large scale visual recognition challenge},
  author={Russakovsky, Olga and Deng, Jia and Su, Hao and Krause, Jonathan and Satheesh, Sanjeev and Ma, Sean and Huang, Zhiheng and Karpathy, Andrej and Khosla, Aditya and Bernstein, Michael and others},
  journal={International journal of computer vision},
  volume={115},
  pages={211--252},
  year={2015},
  publisher={Springer}
}

%% Reports

@misc{sohoni2022lowmemory,
      title={Low-Memory Neural Network Training: A Technical Report}, 
      author={Nimit S. Sohoni and Christopher R. Aberger and Megan Leszczynski and Jian Zhang and Christopher RÃ©},
      year={2022},
      eprint={1904.10631},
      archivePrefix={arXiv},
      primaryClass={cs.LG}
}