@inproceedings{10.1145/3448016.3457259,
author = {Amer-Yahia, Sihem and Milo, Tova and Youngmann, Brit},
title = {Exploring Ratings in Subjective Databases},
year = {2021},
isbn = {9781450383431},
publisher = {Association for Computing Machinery},
address = {New York, NY, USA},
booktitle = {Proceedings of the 2021 International Conference on Management of Data},
pages = {62–75},
numpages = {14}
}

@article{10.14778/3554821.3554902,
author = {Roy, Sudeepa},
title = {Toward interpretable and actionable data analysis with explanations and causality},
year = {2022},
publisher = {VLDB Endowment},
volume = {15},
number = {12},
journal = {Proc. VLDB Endow.},
pages = {3812–3820}
}

@inproceedings{DBLP:conf/icml/Roh0WS23,
  author       = {Yuji Roh and
                  Kangwook Lee and
                  Steven Euijong Whang and
                  Changho Suh},
  editor       = {Andreas Krause and
                  Emma Brunskill and
                  Kyunghyun Cho and
                  Barbara Engelhardt and
                  Sivan Sabato and
                  Jonathan Scarlett},
  title        = {Improving Fair Training under Correlation Shifts},
  booktitle    = {International Conference on Machine Learning, {ICML} 2023, 23-29 July
                  2023, Honolulu, Hawaii, {USA}},
  series       = {Proceedings of Machine Learning Research},
  volume       = {202},
  pages        = {29179--29209},
  publisher    = {{PMLR}},
  year         = {2023}
}

@article{DBLP:journals/pacmmod/YoungmannCGR24,
  author       = {Brit Youngmann and
                  Michael J. Cafarella and
                  Amir Gilad and
                  Sudeepa Roy},
  title        = {Summarized Causal Explanations For Aggregate Views},
  journal      = {Proc. {ACM} Manag. Data},
  volume       = {2},
  number       = {1},
  pages        = {71:1--71:27},
  year         = {2024}
}

@article{DBLP:journals/pacmmod/ZhangTPCW23,
  author       = {Hantian Zhang and
                  Ki Hyun Tae and
                  Jaeyoung Park and
                  Xu Chu and
                  Steven Euijong Whang},
  title        = {iFlipper: Label Flipping for Individual Fairness},
  journal      = {Proc. {ACM} Manag. Data},
  volume       = {1},
  number       = {1},
  pages        = {8:1--8:26},
  year         = {2023}
}

@article{DBLP:journals/pvldb/DeutchGMMS22,
  author       = {Daniel Deutch and
                  Amir Gilad and
                  Tova Milo and
                  Amit Mualem and
                  Amit Somech},
  title        = {{FEDEX:} An Explainability Framework for Data Exploration Steps},
  journal      = {Proc. {VLDB} Endow.},
  volume       = {15},
  number       = {13},
  pages        = {3854--3868},
  year         = {2022},
  url          = {https://www.vldb.org/pvldb/vol15/p3854-gilad.pdf},
  timestamp    = {Wed, 11 Jan 2023 17:06:38 +0100},
  biburl       = {https://dblp.org/rec/journals/pvldb/DeutchGMMS22.bib},
  bibsource    = {dblp computer science bibliography, https://dblp.org}
}

@article{DBLP:journals/pvldb/TaeZPRW24,
  author       = {Ki Hyun Tae and
                  Hantian Zhang and
                  Jaeyoung Park and
                  Kexin Rong and
                  Steven Euijong Whang},
  title        = {Falcon: Fair Active Learning using Multi-armed Bandits},
  journal      = {Proc. {VLDB} Endow.},
  volume       = {17},
  number       = {5},
  pages        = {952--965},
  year         = {2024}
}

@article{DBLP:journals/pvldb/YoungmannAP22,
  author       = {Brit Youngmann and
                  Sihem Amer{-}Yahia and
                  Aur{\'{e}}lien Personnaz},
  title        = {Guided Exploration of Data Summaries},
  journal      = {Proc. {VLDB} Endow.},
  volume       = {15},
  number       = {9},
  year         = {2022}
}

@article{DeutchFG20,
  author    = {Daniel Deutch and
               Nave Frost and
               Amir Gilad},
  title     = {Explaining Natural Language query results},
  journal   = {{VLDB} J.},
  volume    = {29},
  number    = {1},
  pages     = {485--508},
  year      = {2020}
}

@inproceedings{Nargesian2022,
  title={Responsible Data Integration: Next-generation Challenges},
  author={Nargesian, Fatemeh and Asudeh, Abolfazl and Jagadish, H. V.},
  booktitle={Proceedings of the 2022 ACM SIGMOD International Conference on Management of data},

  year={2022}
}

@inproceedings{agarwal1999cube,
  author       = {Sameet Agarwal and
                  Rakesh Agrawal and
                  Prasad Deshpande and
                  Ashish Gupta and
                  Jeffrey F. Naughton and
                  Raghu Ramakrishnan and
                  Sunita Sarawagi},
  title        = {On the Computation of Multidimensional Aggregates},
  booktitle    = {{VLDB}},
  pages        = {506--521},
  publisher    = {Morgan Kaufmann},
  year         = {1996}
}

@inproceedings{agarwal2019fair,
  title={Fair regression: Quantitative definitions and reduction-based algorithms},
  author={Agarwal, Alekh and Dud{\'\i}k, Miroslav and Wu, Zhiwei Steven},
  booktitle={International Conference on Machine Learning},
  pages={120--129},
  year={2019},
  organization={PMLR}
}

@inproceedings{agrawal1994fast,
  title={Fast algorithms for mining association rules},
  author={Agrawal, Rakesh and Srikant, Ramakrishnan and others},
  booktitle={Proc. 20th int. conf. very large data bases, VLDB},
  volume={1215},
  pages={487--499},
  year={1994},
  organization={Santiago, Chile}
}

@inproceedings{asudeh2019assessing,
  title={Assessing and remedying coverage for a given dataset},
  author={Asudeh, Abolfazl and Jin, Zhongjun and Jagadish, HV},
  booktitle={2019 IEEE 35th International Conference on Data Engineering (ICDE)},
  pages={554--565},
  year={2019},
  organization={IEEE}
}

@inproceedings{baikousi2011similarity,
  title={Similarity measures for multidimensional data},
  author={Baikousi, Eftychia and Rogkakos, Georgios and Vassiliadis, Panos},
  booktitle={2011 IEEE 27th International Conference on Data Engineering},
  pages={171--182},
  year={2011},
  organization={IEEE},
  publisher={IEEE}
}

@inproceedings{bidoit2014query,
  title={Query-based why-not provenance with nedexplain},
  author={Bidoit, Nicole and Herschel, Melanie and Tzompanaki, Katerina},
  booktitle={Extending database technology (EDBT)},
  year={2014}
}

@inproceedings{binns2020apparent,
  title={On the apparent conflict between individual and group fairness},
  author={Binns, Reuben},
  booktitle={Proceedings of the 2020 conference on fairness, accountability, and transparency},
  pages={514--524},
  year={2020}
}

@article{caton2024fairness,
  title={Fairness in machine learning: A survey},
  author={Caton, Simon and Haas, Christian},
  journal={ACM Computing Surveys},
  volume={56},
  number={7},
  pages={1--38},
  year={2024},
  publisher={ACM New York, NY}
}

@inproceedings{causalsim,
  title={{CausalSim: A Causal Framework for Unbiased Trace-Driven Simulation}},
  author={Alomar, Abdullah and Hamadanian, Pouya and Nasr-Esfahany, Arash and Agarwal, Anish and Alizadeh, Mohammad and Shah, Devavrat},
  booktitle={{20th USENIX Symposium on Networked Systems Design and Implementation (NSDI 23)}},
  pages={1115--1147},
  year={2023}
}

@inproceedings{chapman2009not,
  title={Why not?},
  author={Chapman, Adriane and Jagadish, HV},
  booktitle={Proceedings of the 2009 ACM SIGMOD International Conference on Management of data},
  pages={523--534},
  year={2009}
}

@inproceedings{chen2018optimization,
  title={An optimization approach to learning falling rule lists},
  author={Chen, Chaofan and Rudin, Cynthia},
  booktitle={International conference on artificial intelligence and statistics},
  pages={604--612},
  year={2018},
  organization={PMLR}
}

@inproceedings{ehyaei2023robustness,
  title={Robustness implies fairness in causal algorithmic recourse},
  author={Ehyaei, Ahmad-Reza and Karimi, Amir-Hossein and Sch{\"o}lkopf, Bernhard and Maghsudi, Setareh},
  booktitle={Proceedings of the 2023 ACM Conference on Fairness, Accountability, and Transparency},
  pages={984--1001},
  year={2023}
}

@inproceedings{ehyaei2024causal,
  title={Causal Adversarial Perturbations for Individual Fairness and Robustness in Heterogeneous Data Spaces},
  author={Ehyaei, Ahmad-Reza and Mohammadi, Kiarash and Karimi, Amir-Hossein and Samadi, Samira and Farnadi, Golnoosh},
  booktitle={Proceedings of the AAAI Conference on Artificial Intelligence},
  volume={38},
  number={10},
  pages={11847--11855},
  year={2024}
}

@inproceedings{ekstrand2019fairness,
  title={Fairness and discrimination in recommendation and retrieval},
  author={Ekstrand, Michael D and Burke, Robin and Diaz, Fernando},
  booktitle={Proceedings of the 13th ACM Conference on Recommender Systems},
  pages={576--577},
  year={2019}
}

@article{el2014interpretable,
  title={Interpretable and informative explanations of outcomes},
  author={El Gebaly, Kareem and Agrawal, Parag and Golab, Lukasz and Korn, Flip and Srivastava, Divesh},
  journal={Proceedings of the VLDB Endowment},
  volume={8},
  number={1},
  pages={61--72},
  year={2014},
  publisher={VLDB Endowment}
}

@inproceedings{galhotra2022causal,
  title={Causal feature selection for algorithmic fairness},
  author={Galhotra, Sainyam and Shanmugam, Karthikeyan and Sattigeri, Prasanna and Varshney, Kush R},
  booktitle={Proceedings of the 2022 International Conference on Management of Data},
  pages={276--285},
  year={2022}
}

@inproceedings{galhotra2022hyper,
  title={Hyper: Hypothetical reasoning with what-if and how-to queries using a probabilistic causal approach},
  author={Galhotra, Sainyam and Gilad, Amir and Roy, Sudeepa and Salimi, Babak},
  booktitle={Proceedings of the 2022 International Conference on Management of Data},
  pages={1598--1611},
  year={2022}
}

@inproceedings{galhotra2023metam,
  title={Metam: Goal-oriented data discovery},
  author={Galhotra, Sainyam and Gong, Yue and Fernandez, Raul Castro},
  booktitle={2023 IEEE 39th International Conference on Data Engineering (ICDE)},
  pages={2780--2793},
  year={2023},
  organization={IEEE}
}

@inproceedings{gao2020counteracting,
  title={Counteracting bias and increasing fairness in search and recommender systems},
  author={Gao, Ruoyuan and Shah, Chirag},
  booktitle={Proceedings of the 14th ACM Conference on Recommender Systems},
  pages={745--747},
  year={2020}
}

@inproceedings{garcia2021maxmin,
  title={Maxmin-fair ranking: individual fairness under group-fairness constraints},
  author={Garc{\'\i}a-Soriano, David and Bonchi, Francesco},
  booktitle={Proceedings of the 27th ACM SIGKDD Conference on Knowledge Discovery \& Data Mining},
  pages={436--446},
  year={2021}
}

@article{girotra2013comparative,
  title={Comparative survey on association rule mining algorithms},
  author={Girotra, Manisha and Nagpal, Kanika and Minocha, Saloni and Sharma, Neha},
  journal={International Journal of Computer Applications},
  volume={84},
  number={10},
  year={2013},
  publisher={Citeseer}
}

@article{gong2024nexus,
  title={Nexus: Correlation Discovery over Collections of Spatio-Temporal Tabular Data},
  author={Gong, Yue and Galhotra, Sainyam and Castro Fernandez, Raul},
  journal={Proceedings of the ACM on Management of Data},
  volume={2},
  number={3},
  pages={1--28},
  year={2024},
  publisher={ACM New York, NY, USA}
}

@inproceedings{gudmundsdottir2017demonstration,
  title={A demonstration of interactive analysis of performance measurements with viska},
  author={Gudmundsdottir, Helga and Salimi, Babak and Balazinska, Magdalena and Ports, Dan RK and Suciu, Dan},
  booktitle={Proceedings of the 2017 ACM International Conference on Management of Data},
  pages={1707--1710},
  year={2017}
}

@article{guha2024automated,
  title={Automated data cleaning can hurt fairness in machine learning-based decision making},
  author={Guha, Shubha and Khan, Falaah Arif and Stoyanovich, Julia and Schelter, Sebastian},
  journal={IEEE Transactions on Knowledge and Data Engineering},
  year={2024},
  publisher={IEEE}
}

@article{huang2023fast,
  title={The Fast and the Private: Task-based Dataset Search},
  author={Huang, Zezhou and Liu, Jiaxiang and Wang, Haonan and Wu, Eugene},
  journal={arXiv preprint arXiv:2308.05637},
  year={2023}
}

@article{imai2023experimental,
  title={Experimental evaluation of individualized treatment rules},
  author={Imai, Kosuke and Li, Michael Lingzhi},
  journal={Journal of the American Statistical Association},
  volume={118},
  number={541},
  pages={242--256},
  year={2023},
  publisher={Taylor \& Francis}
}

@inproceedings{jain2024algorithmic,
  title={Algorithmic Pluralism: A Structural Approach To Equal Opportunity},
  author={Jain, Shomik and Suriyakumar, Vinith and Creel, Kathleen and Wilson, Ashia},
  booktitle={The 2024 ACM Conference on Fairness, Accountability, and Transparency},
  pages={197--206},
  year={2024}
}

@article{joglekar2017interactive,
  title={Interactive data exploration with smart drill-down},
  author={Joglekar, Manas and Garcia-Molina, Hector and Parameswaran, Aditya},
  journal={IEEE Transactions on Knowledge and Data Engineering},
  volume={31},
  number={1},
  pages={46--60},
  year={2017},
  publisher={IEEE}
}

@article{kaur2013performance,
  title={Performance analysis of association rule mining algorithms},
  author={Kaur, Gagandeep and Aggarwal, Shruti},
  journal={International Journal of Advanced Research in Computer Science and Software Engineering},
  volume={3},
  number={8},
  pages={856--58},
  year={2013}
}

@article{kim2014bayesian,
  title={The bayesian case model: A generative approach for case-based reasoning and prototype classification},
  author={Kim, Been and Rudin, Cynthia and Shah, Julie A},
  journal={Advances in neural information processing systems},
  volume={27},
  year={2014}
}

@inproceedings{kim2020summarizing,
  title={Summarizing hierarchical multidimensional data},
  author={Kim, Alexandra and Lakshmanan, Laks VS and Srivastava, Divesh},
  booktitle={2020 IEEE 36th International Conference on Data Engineering (ICDE)},
  pages={877--888},
  year={2020},
  organization={IEEE}
}

@inproceedings{kleinberg2018algorithmic,
  title={Algorithmic fairness},
  author={Kleinberg, Jon and Ludwig, Jens and Mullainathan, Sendhil and Rambachan, Ashesh},
  booktitle={Aea papers and proceedings},
  volume={108},
  pages={22--27},
  year={2018},
  organization={American Economic Association 2014 Broadway, Suite 305, Nashville, TN 37203}
}

@article{kumbhare2014overview,
  title={An overview of association rule mining algorithms},
  author={Kumbhare, Trupti A and Chobe, Santosh V},
  journal={International Journal of Computer Science and Information Technologies},
  volume={5},
  number={1},
  pages={927--930},
  year={2014},
  publisher={Citeseer}
}

@article{kuvcak2018machine,
  title={MACHINE LEARNING IN EDUCATION-A SURVEY OF CURRENT RESEARCH TRENDS.},
  author={Ku{\v{c}}ak, Danijel and Juri{\v{c}}i{\'c}, Vedran and {\DJ}ambi{\'c}, Goran},
  journal={Annals of DAAAM \& Proceedings},
  volume={29},
  year={2018}
}

@inproceedings{lakkaraju2016interpretable,
  title={Interpretable decision sets: A joint framework for description and prediction},
  author={Lakkaraju, Himabindu and Bach, Stephen H and Leskovec, Jure},
  booktitle={Proceedings of the 22nd ACM SIGKDD international conference on knowledge discovery and data mining},
  pages={1675--1684},
  year={2016}
}

@article{lawless2023interpretable,
  title={Interpretable and fair boolean rule sets via column generation},
  author={Lawless, Connor and Dash, Sanjeeb and Gunluk, Oktay and Wei, Dennis},
  journal={Journal of Machine Learning Research},
  volume={24},
  number={229},
  pages={1--50},
  year={2023}
}

@article{lee2020approximate,
  title={Approximate summaries for why and why-not provenance (extended version)},
  author={Lee, Seokki and Lud{\"a}scher, Bertram and Glavic, Boris},
  journal={arXiv preprint arXiv:2002.00084},
  year={2020}
}

@inproceedings{li2021putting,
  title={Putting Things into Context: Rich Explanations for Query Answers using Join Graphs},
  author={Li, Chenjie and Miao, Zhengjie and Zeng, Qitian and Glavic, Boris and Roy, Sudeepa},
  booktitle={Proceedings of the 2021 International Conference on Management of Data},
  pages={1051--1063},
  year={2021}
}

@article{li2023query,
  title={Query Refinement for Diversity Constraint Satisfaction},
  author={Li, Jinyang and Moskovitch, Yuval and Stoyanovich, Julia and Jagadish, HV},
  journal={Proceedings of the VLDB Endowment},
  volume={17},
  number={2},
  pages={106--118},
  year={2023},
  publisher={VLDB Endowment}
}

@inproceedings{lou2013accurate,
  title={Accurate intelligible models with pairwise interactions},
  author={Lou, Yin and Caruana, Rich and Gehrke, Johannes and Hooker, Giles},
  booktitle={Proceedings of the 19th ACM SIGKDD international conference on Knowledge discovery and data mining},
  pages={623--631},
  year={2013}
}

@article{ma2023xinsight,
  title={Xinsight: explainable data analysis through the lens of causality},
  author={Ma, Pingchuan and Ding, Rui and Wang, Shuai and Han, Shi and Zhang, Dongmei},
  journal={Proceedings of the ACM on Management of Data},
  volume={1},
  number={2},
  pages={1--27},
  year={2023},
  publisher={ACM New York, NY, USA}
}

@inproceedings{majumdar2024carma,
  title={CARMA: A practical framework to generate recommendations for causal algorithmic recourse at scale},
  author={Majumdar, Ayan and Valera, Isabel},
  booktitle={The 2024 ACM Conference on Fairness, Accountability, and Transparency},
  pages={1745--1762},
  year={2024}
}

@inproceedings{markakis2024sawmill,
author = {Markakis, Markos and Chen, An Bo and Youngmann, Brit and Gao, Trinity and Zhang, Ziyu and Shahout, Rana and Chen, Peter Baile and Liu, Chunwei and Sabek, Ibrahim and Cafarella, Michael},
title = {Sawmill: From Logs to Causal Diagnosis of Large Systems},
year = {2024},
booktitle = {SIGMOD},
pages = {444–447}
}

@article{mehrabi2021survey,
  title={A survey on bias and fairness in machine learning},
  author={Mehrabi, Ninareh and Morstatter, Fred and Saxena, Nripsuta and Lerman, Kristina and Galstyan, Aram},
  journal={ACM computing surveys (CSUR)},
  volume={54},
  number={6},
  pages={1--35},
  year={2021},
  publisher={ACM New York, NY, USA}
}

@article{meliou2009so,
  title={Why so? or why no? functional causality for explaining query answers},
  author={Meliou, Alexandra and Gatterbauer, Wolfgang and Moore, Katherine F and Suciu, Dan},
  journal={arXiv preprint arXiv:0912.5340},
  year={2009}
}

@article{meliou2010complexity,
  title={The complexity of causality and responsibility for query answers and non-answers},
  author={Meliou, Alexandra and Gatterbauer, Wolfgang and Moore, Katherine F and Suciu, Dan},
  journal={arXiv preprint arXiv:1009.2021},
  year={2010}
}

@inproceedings{miao2019going,
  title={Going beyond provenance: Explaining query answers with pattern-based counterbalances},
  author={Miao, Zhengjie and Zeng, Qitian and Glavic, Boris and Roy, Sudeepa},
  booktitle={Proceedings of the 2019 International Conference on Management of Data},
  pages={485--502},
  year={2019}
}

@article{nargesian2021tailoring,
  title={Tailoring data source distributions for fairness-aware data integration},
  author={Nargesian, Fatemeh and Asudeh, Abolfazl and Jagadish, HV},
  journal={Proceedings of the VLDB Endowment},
  volume={14},
  number={11},
  pages={2519--2532},
  year={2021},
  publisher={VLDB Endowment}
}

@inproceedings{pastor2021looking,
  title={Looking for trouble: Analyzing classifier behavior via pattern divergence},
  author={Pastor, Eliana and De Alfaro, Luca and Baralis, Elena},
  booktitle={Proceedings of the 2021 International Conference on Management of Data},
  pages={1400--1412},
  year={2021}
}

@inproceedings{pastor2023hierarchical,
  title={A hierarchical approach to anomalous subgroup discovery},
  author={Pastor, Eliana and Baralis, Elena and de Alfaro, Luca},
  booktitle={2023 IEEE 39th international conference on data engineering (ICDE)},
  pages={2647--2659},
  year={2023},
  organization={IEEE}
}

@article{pearl2009causal,
  title={Causal inference in statistics: An overview},
  author={Pearl, Judea},
  year={2009}
}

@article{pessach2022review,
  title={A review on fairness in machine learning},
  author={Pessach, Dana and Shmueli, Erez},
  journal={ACM Computing Surveys (CSUR)},
  volume={55},
  number={3},
  pages={1--44},
  year={2022},
  publisher={ACM New York, NY}
}

@article{pirhadi2024otclean,
  title={Otclean: Data cleaning for conditional independence violations using optimal transport},
  author={Pirhadi, Alireza and Moslemi, Mohammad Hossein and Cloninger, Alexander and Milani, Mostafa and Salimi, Babak},
  journal={Proceedings of the ACM on Management of Data},
  volume={2},
  number={3},
  pages={1--26},
  year={2024},
  publisher={ACM New York, NY, USA}
}

@article{plecko2022causal,
  title={Causal fairness analysis},
  author={Plecko, Drago and Bareinboim, Elias},
  journal={ECAI},
  year={2024}
}

@article{plecko2023causal,
  title={Causal fairness for outcome control},
  author={Plecko, Drago and Bareinboim, Elias},
  journal={Advances in Neural Information Processing Systems},
  volume={36},
  pages={47575--47597},
  year={2023}
}

@article{roh2020fairbatch,
  title={Fairbatch: Batch selection for model fairness},
  author={Roh, Yuji and Lee, Kangwook and Whang, Steven Euijong and Suh, Changho},
  journal={arXiv preprint arXiv:2012.01696},
  year={2020}
}

@inproceedings{roy2014formal,
  title={A formal approach to finding explanations for database queries},
  author={Roy, Sudeepa and Suciu, Dan},
  booktitle={Proceedings of the 2014 ACM SIGMOD international conference on Management of data},
  pages={1579--1590},
  year={2014}
}

@article{roy2015explaining,
  title={Explaining query answers with explanation-ready databases},
  author={Roy, Sudeepa and Orr, Laurel and Suciu, Dan},
  journal={Proceedings of the VLDB Endowment},
  volume={9},
  number={4},
  pages={348--359},
  year={2015},
  publisher={VLDB Endowment}
}

@article{rubin2005causal,
  title={Causal inference using potential outcomes: Design, modeling, decisions},
  author={Rubin, Donald B},
  journal={Journal of the American Statistical Association},
  volume={100},
  number={469},
  pages={322--331},
  year={2005},
  publisher={Taylor \& Francis}
}

@article{sagi2021approximating,
  title={Approximating XGBoost with an interpretable decision tree},
  author={Sagi, Omer and Rokach, Lior},
  journal={Information Sciences},
  volume={572},
  pages={522--542},
  year={2021},
  publisher={Elsevier}
}

@inproceedings{salimi2018bias,
  title={Bias in olap queries: Detection, explanation, and removal},
  author={Salimi, Babak and Gehrke, Johannes and Suciu, Dan},
  booktitle={Proceedings of the 2018 International Conference on Management of Data},
  pages={1021--1035},
  year={2018}
}

@inproceedings{salimi2019interventional,
  title={Interventional fairness: Causal database repair for algorithmic fairness},
  author={Salimi, Babak and Rodriguez, Luke and Howe, Bill and Suciu, Dan},
  booktitle={Proceedings of the 2019 International Conference on Management of Data},
  pages={793--810},
  year={2019}
}

@inproceedings{salimi2020causal,
  title={Causal relational learning},
  author={Salimi, Babak and Parikh, Harsh and Kayali, Moe and Getoor, Lise and Roy, Sudeepa and Suciu, Dan},
  booktitle={Proceedings of the 2020 ACM SIGMOD international conference on management of data},
  pages={241--256},
  year={2020}
}

@inproceedings{santos2021correlation,
  title={Correlation sketches for approximate join-correlation queries},
  author={Santos, A{\'e}cio and Bessa, Aline and Chirigati, Fernando and Musco, Christopher and Freire, Juliana},
  booktitle={Proceedings of the 2021 International Conference on Management of Data},
  pages={1531--1544},
  year={2021}
}

@inproceedings{sathe2001intelligent,
  title={Intelligent rollups in multidimensional OLAP data},
  author={Sathe, Gayatri and Sarawagi, Sunita},
  booktitle={VLDB},
  pages={307--316},
  year={2001}
}

@article{schielzeth2010simple,
  title={Simple means to improve the interpretability of regression coefficients},
  author={Schielzeth, Holger},
  journal={Methods in Ecology and Evolution},
  volume={1},
  number={2},
  pages={103--113},
  year={2010},
  publisher={Wiley Online Library}
}

@inproceedings{shailaja2018machine,
  title={Machine learning in healthcare: A review},
  author={Shailaja, K and Seetharamulu, Banoth and Jabbar, MA},
  booktitle={2018 Second international conference on electronics, communication and aerospace technology (ICECA)},
  pages={910--914},
  year={2018},
  organization={IEEE}
}

@article{smith2022recsys,
  title={RecSys Fairness Metrics: Many to Use But Which One To Choose?},
  author={Smith, Jessie J and Beattie, Lex},
  journal={arXiv preprint arXiv:2209.04011},
  year={2022}
}

@inproceedings{somerstep2024algorithmic,
  title={Algorithmic Fairness in Performative Policy Learning: Escaping the Impossibility of Group Fairness},
  author={Somerstep, Seamus and Ritov, Ya'acov and Sun, Yuekai},
  booktitle={The 2024 ACM Conference on Fairness, Accountability, and Transparency},
  pages={616--630},
  year={2024}
}

@article{stoyanovich2020responsible,
  title={Responsible data management},
  author={Stoyanovich, Julia and Howe, Bill and Jagadish, Hosagrahar Visvesvaraya},
  journal={Proceedings of the VLDB Endowment},
  volume={13},
  number={12},
  year={2020}
}

@article{sun2021treatment,
  title={Treatment allocation under uncertain costs},
  author={Sun, Hao and Munro, Evan and Kalashnov, Georgy and Du, Shuyang and Wager, Stefan},
  journal={arXiv preprint arXiv:2103.11066},
  year={2021}
}

@article{surve2024example,
  title={Example-based Explanations for Random Forests using Machine Unlearning},
  author={Surve, Tanmay and Pradhan, Romila},
  journal={arXiv preprint arXiv:2402.05007},
  year={2024}
}

@article{tao2022dpxplain,
  author       = {Yuchao Tao and
                  Amir Gilad and
                  Ashwin Machanavajjhala and
                  Sudeepa Roy},
  title        = {DPXPlain: Privately Explaining Aggregate Query Answers},
  journal      = {Proc. {VLDB} Endow.},
  volume       = {16},
  number       = {1},
  pages        = {113--126},
  year         = {2022},
  url          = {https://www.vldb.org/pvldb/vol16/p113-tao.pdf},
  timestamp    = {Wed, 11 Jan 2023 17:06:38 +0100},
  biburl       = {https://dblp.org/rec/journals/pvldb/TaoGMR22.bib},
  bibsource    = {dblp computer science bibliography, https://dblp.org}
}

@inproceedings{ten2015high,
  title={High-level why-not explanations using ontologies},
  author={ten Cate, Balder and Civili, Cristina and Sherkhonov, Evgeny and Tan, Wang-Chiew},
  booktitle={Proceedings of the 34th ACM SIGMOD-SIGACT-SIGAI Symposium on Principles of Database Systems},
  pages={31--43},
  year={2015}
}

@inproceedings{vartak2015seedb,
  title={Seedb: Efficient data-driven visualization recommendations to support visual analytics},
  author={Vartak, Manasi and Rahman, Sajjadur and Madden, Samuel and Parameswaran, Aditya and Polyzotis, Neoklis},
  booktitle={VLDB},
  volume={8},
  xnumber={13},
  pages={2182},
  year={2015},
  organization={NIH Public Access}
}

@article{wager2018estimation,
  title={Estimation and inference of heterogeneous treatment effects using random forests},
  author={Wager, Stefan and Athey, Susan},
  journal={Journal of the American Statistical Association},
  volume={113},
  number={523},
  pages={1228--1242},
  year={2018},
  publisher={Taylor \& Francis}
}

@article{wang2022causal,
  title={Causal rule sets for identifying subgroups with enhanced treatment effects},
  author={Wang, Tong and Rudin, Cynthia},
  journal={INFORMS Journal on Computing},
  volume={34},
  number={3},
  pages={1626--1643},
  year={2022},
  publisher={Informs}
}

@article{wu2013scorpion,
  title={Scorpion: Explaining away outliers in aggregate queries},
  author={Wu, Eugene and Madden, Samuel},
  year={2013},
  publisher={Association for Computing Machinery (ACM)}
}

@article{xie2012estimating,
  title={Estimating heterogeneous treatment effects with observational data},
  author={Xie, Yu and Brand, Jennie E and Jann, Ben},
  journal={Sociological methodology},
  volume={42},
  number={1},
  pages={314--347},
  year={2012},
  publisher={Sage Publications Sage CA: Los Angeles, CA}
}

@inproceedings{yang2017scalable,
  title={Scalable Bayesian rule lists},
  author={Yang, Hongyu and Rudin, Cynthia and Seltzer, Margo},
  booktitle={International conference on machine learning},
  pages={3921--3930},
  year={2017},
  organization={PMLR}
}

@article{youngmann2022explaining,
  title={On Explaining Confounding Bias},
  author={Youngmann, Brit and Cafarella, Michael and Moskovitch, Yuval and Salimi, Babak},
  journal={2023 IEEE 39th International Conference on Data Engineering (ICDE)},
  year={2023}
}

@article{youngmann2023causal,
  title={Causal Data Integration},
  author={Youngmann, Brit and Cafarella, Michael and Salimi, Babak and Zeng, Anna},
  journal={arXiv preprint arXiv:2305.08741},
  year={2023}
}

@article{zehlike2022fairness,
  title={Fairness in ranking, part i: Score-based ranking},
  author={Zehlike, Meike and Yang, Ke and Stoyanovich, Julia},
  journal={ACM Computing Surveys},
  volume={55},
  number={6},
  pages={1--36},
  year={2022},
  publisher={ACM New York, NY}
}

@article{zehlike2022fairness2,
  title={Fairness in ranking, part ii: Learning-to-rank and recommender systems},
  author={Zehlike, Meike and Yang, Ke and Stoyanovich, Julia},
  journal={ACM Computing Surveys},
  volume={55},
  number={6},
  pages={1--41},
  year={2022},
  publisher={ACM New York, NY}
}

@article{zhang2021viewseeker,
  title={Viewseeker: An interactive view recommendation framework},
  author={Zhang, Xiaozhong and Ge, Xiaoyu and Chrysanthis, Panos K and Sharaf, Mohamed A},
  journal={Big Data Research},
  volume={25},
  pages={100238},
  year={2021},
  publisher={Elsevier}
}

@inproceedings{zhang2022adaptive,
  title={Adaptive fairness improvement based on causality analysis},
  author={Zhang, Mengdi and Sun, Jun},
  booktitle={Proceedings of the 30th ACM Joint European Software Engineering Conference and Symposium on the Foundations of Software Engineering},
  pages={6--17},
  year={2022}
}

@article{zhao2003association,
  title={Association rule mining: A survey},
  author={Zhao, Qiankun and Bhowmick, Sourav S},
  journal={Nanyang Technological University, Singapore},
  volume={135},
  pages={18},
  year={2003}
}

