@inproceedings{deckert2019investigating,
  title={Investigating the effect of binning on causal discovery},
  author={Deckert, Andrew Colt and Kummerfeld, Erich},
  booktitle={2019 IEEE International Conference on Bioinformatics and Biomedicine (BIBM)},
  pages={2574--2581},
  year={2019},
  organization={IEEE}
}

@inproceedings{salimi2018bias,
  title={Bias in olap queries: Detection, explanation, and removal},
  author={Salimi, Babak and Gehrke, Johannes and Suciu, Dan},
  booktitle={Proceedings of the 2018 International Conference on Management of Data},
  pages={1021--1035},
  year={2018}
}

@article{wager2018estimation,
  title={Estimation and inference of heterogeneous treatment effects using random forests},
  author={Wager, Stefan and Athey, Susan},
  journal={Journal of the American Statistical Association},
  volume={113},
  number={523},
  pages={1228--1242},
  year={2018},
  publisher={Taylor \& Francis}
}


@misc{asuncion2007uci,
  title={UCI machine learning repository},
  author={Asuncion, Arthur and Newman, David},
  year={2007},
  publisher={Irvine, CA, USA}
}





@inproceedings{chiappa2019path,
  title={Path-specific counterfactual fairness},
  author={Chiappa, Silvia},
  booktitle={Proceedings of the AAAI Conference on Artificial Intelligence},
  volume={33},
  number={01},
  pages={7801--7808},
  year={2019}
}


@inproceedings{agrawal1994fast,
  title={Fast algorithms for mining association rules},
  author={Agrawal, Rakesh and Srikant, Ramakrishnan and others},
  booktitle={Proc. 20th int. conf. very large data bases, VLDB},
  volume={1215},
  pages={487--499},
  year={1994},
  organization={Santiago, Chile}
}


@inproceedings{asudeh2019assessing,
  title={Assessing and remedying coverage for a given dataset},
  author={Asudeh, Abolfazl and Jin, Zhongjun and Jagadish, HV},
  booktitle={2019 IEEE 35th International Conference on Data Engineering (ICDE)},
  pages={554--565},
  year={2019},
  organization={IEEE}
}

@inproceedings{MouraB08,
  author    = {Leonardo Mendon{\c{c}}a de Moura and
               Nikolaj Bj{\o}rner},
  title     = {{Z3:} An Efficient {SMT} Solver},
  booktitle = {TACAS},
  pages     = {337--340},
  year      = {2008}
}


@inproceedings{DeutchG19,
  author       = {Daniel Deutch and
                  Amir Gilad},
  editor       = {Melanie Herschel and
                  Helena Galhardas and
                  Berthold Reinwald and
                  Irini Fundulaki and
                  Carsten Binnig and
                  Zoi Kaoudi},
  title        = {Reverse-Engineering Conjunctive Queries from Provenance Examples},
  booktitle    = {Advances in Database Technology - 22nd International Conference on
                  Extending Database Technology, {EDBT} 2019, Lisbon, Portugal, March
                  26-29, 2019},
  pages        = {277--288},
  publisher    = {OpenProceedings.org},
  year         = {2019},
  url          = {https://doi.org/10.5441/002/edbt.2019.25},
  doi          = {10.5441/002/edbt.2019.25},
  timestamp    = {Fri, 29 Jan 2021 22:08:52 +0100},
  biburl       = {https://dblp.org/rec/conf/edbt/DeutchG19.bib},
  bibsource    = {dblp computer science bibliography, https://dblp.org}
}

@book{spirtes2000causation,
  title={Causation, prediction, and search},
  author={Spirtes, P. and others},
  year={2000},
  publisher={MIT press}
}


@article{zhu2019causal,
  title={Causal discovery with reinforcement learning},
  author={Zhu, Shengyu and Ng, Ignavier and Chen, Zhitang},
  journal={arXiv preprint arXiv:1906.04477},
  year={2019}
}





@article{chetty2020race,
  title={Race and economic opportunity in the United States: An intergenerational perspective},
  author={Chetty, Raj and Hendren, Nathaniel and Jones, Maggie R and Porter, Sonya R},
  journal={The Quarterly Journal of Economics},
  volume={135},
  number={2},
  pages={711--783},
  year={2020},
  publisher={Oxford University Press}
}
@article{bertrand2004emily,
  title={Are Emily and Greg more employable than Lakisha and Jamal? A field experiment on labor market discrimination},
  author={Bertrand, Marianne and Mullainathan, Sendhil},
  journal={American economic review},
  volume={94},
  number={4},
  pages={991--1013},
  year={2004},
  publisher={American Economic Association}
}


@misc{bls2021employment,
  title = {Employment Characteristics of Families Summary},
  author = {{United States Bureau of Labor Statistics}},
  year = {2021},
  howpublished = {\url{https://www.bls.gov/news.release/famee.nr0.htm}},
  note = {Accessed: May 5, 2023}
}

@misc{data-sceince,
  title = {Data Science vs. Programmingâ€”Which Should You Choose?},
  author = {{The Data Incubator}},
  year = {2023},
  howpublished = {\url{https://www.thedataincubator.com/blog/2023/01/17/is-data-science-better-than-programming/}},
  note = {Accessed: Nov 27, 2023}
}


@misc{gender-identity,
  title = {Gender Identity and Admissions Forms
},
  author = {{Faria Education Group}},
  year = {2021},
  howpublished = {\url{https://www.openapply.com/blog/gender-identity-and-admissions-forms}},
  note = {Accessed: Nov 27, 2023}
}


@misc{fullversion,
  title = {Git Repository
}
  year = {2024},
  howpublished = {\url{https://anonymous.4open.science/r/FairCap-D4AD/README.md}},
  note = {Accessed: Oct 17, 2024}
}
@inproceedings{gao2020counteracting,
  title={Counteracting bias and increasing fairness in search and recommender systems},
  author={Gao, Ruoyuan and Shah, Chirag},
  booktitle={Proceedings of the 14th ACM Conference on Recommender Systems},
  pages={745--747},
  year={2020}
}
@inproceedings{ekstrand2019fairness,
  title={Fairness and discrimination in recommendation and retrieval},
  author={Ekstrand, Michael D and Burke, Robin and Diaz, Fernando},
  booktitle={Proceedings of the 13th ACM Conference on Recommender Systems},
  pages={576--577},
  year={2019}
}

@article{smith2022recsys,
  title={RecSys Fairness Metrics: Many to Use But Which One To Choose?},
  author={Smith, Jessie J and Beattie, Lex},
  journal={arXiv preprint arXiv:2209.04011},
  year={2022}
}

@InProceedings{ mckinney-proc-scipy-2010,
  author    = { {W}es {M}c{K}inney },
  title     = { {D}ata {S}tructures for {S}tatistical {C}omputing in {P}ython },
  booktitle = { {P}roceedings of the 9th {P}ython in {S}cience {C}onference },
  pages     = { 56 - 61 },
  year      = { 2010 },
  editor    = { {S}t\'efan van der {W}alt and {J}arrod {M}illman },
  doi       = { 10.25080/Majora-92bf1922-00a }
}



@Misc{stackoverflowreport,
note = {\url{https://insights.stackoverflow.com/survey/2021}},
title = {2021 Stackoverflow Developer Survey},
year = {2021}
}

@inproceedings{agarwal2019fair,
  title={Fair regression: Quantitative definitions and reduction-based algorithms},
  author={Agarwal, Alekh and Dud{\'\i}k, Miroslav and Wu, Zhiwei Steven},
  booktitle={International Conference on Machine Learning},
  pages={120--129},
  year={2019},
  organization={PMLR}
}

@Misc{civilrights,
note = {\url{https://calcivilrights.ca.gov/crdnews/mar62023pr/
}},
title = {Civil Rights Department Releases Groundbreaking Data On Non-Binary Workers},
year = {2023}
}




#https://calcivilrights.ca.gov/crdnews/mar62023pr/





@article{dowhypaper,
title={DoWhy: An End-to-End Library for Causal Inference},
author={Sharma, Amit and Kiciman, Emre},
journal={arXiv preprint arXiv:2011.04216},
year={2020}
}





@article{youngmann2023causal,
  title={Causal Data Integration},
  author={Youngmann, Brit and Cafarella, Michael and Salimi, Babak and Zeng, Anna},
  journal={arXiv preprint arXiv:2305.08741},
  year={2023}
}

@article{lin2021detecting,
  title={On detecting cherry-picked generalizations},
  author={Lin, Yin and Youngmann, Brit and Moskovitch, Yuval and Jagadish, HV and Milo, Tova},
  journal={Proceedings of the VLDB Endowment},
  volume={15},
  number={1},
  pages={59--71},
  year={2021},
  publisher={VLDB Endowment}
}


@book{leskovec2020mining,
  title={Mining of massive data sets},
  author={Leskovec, Jure and Rajaraman, Anand and Ullman, Jeffrey David},
  year={2020},
  publisher={Cambridge university press}
}



@article{feige1998threshold,
  title={A threshold of ln n for approximating set cover},
  author={Feige, Uriel},
  journal={Journal of the ACM (JACM)},
  volume={45},
  number={4},
  pages={634--652},
  year={1998},
  publisher={ACM New York, NY, USA}
}

@article{kellerer2004introduction,
  title={Introduction to NP-Completeness of knapsack problems},
  author={Kellerer, Hans and Pferschy, Ulrich and Pisinger, David and Kellerer, Hans and Pferschy, Ulrich and Pisinger, David},
  journal={Knapsack problems},
  pages={483--493},
  year={2004},
  publisher={Springer}
}

@article{khuller1999budgeted,
  title={The budgeted maximum coverage problem},
  author={Khuller, Samir and Moss, Anna and Naor, Joseph Seffi},
  journal={Information processing letters},
  volume={70},
  number={1},
  pages={39--45},
  year={1999},
  publisher={Elsevier}
}

@inproceedings{calinescu2007maximizing,
  title={Maximizing a submodular set function subject to a matroid constraint},
  author={Calinescu, Gruia and Chekuri, Chandra and P{\'a}l, Martin and Vondr{\'a}k, Jan},
  booktitle={International Conference on Integer Programming and Combinatorial Optimization},
  pages={182--196},
  year={2007},
  organization={Springer}
}

@article{caton2024fairness,
  title={Fairness in machine learning: A survey},
  author={Caton, Simon and Haas, Christian},
  journal={ACM Computing Surveys},
  volume={56},
  number={7},
  pages={1--38},
  year={2024},
  publisher={ACM New York, NY}
}

@article{pessach2022review,
  title={A review on fairness in machine learning},
  author={Pessach, Dana and Shmueli, Erez},
  journal={ACM Computing Surveys (CSUR)},
  volume={55},
  number={3},
  pages={1--44},
  year={2022},
  publisher={ACM New York, NY}
}


@article{mehrabi2021survey,
  title={A survey on bias and fairness in machine learning},
  author={Mehrabi, Ninareh and Morstatter, Fred and Saxena, Nripsuta and Lerman, Kristina and Galstyan, Aram},
  journal={ACM computing surveys (CSUR)},
  volume={54},
  number={6},
  pages={1--35},
  year={2021},
  publisher={ACM New York, NY, USA}
}

@article{DBLP:journals/pacmmod/YoungmannCGR24,
  author       = {Brit Youngmann and
                  Michael J. Cafarella and
                  Amir Gilad and
                  Sudeepa Roy},
  title        = {Summarized Causal Explanations For Aggregate Views},
  journal      = {Proc. {ACM} Manag. Data},
  volume       = {2},
  number       = {1},
  pages        = {71:1--71:27},
  year         = {2024}
}

@misc{stackoverflow,

  title = {Stack Overfow developer survey},
  year = {2021},
  howpublished = {\url{https://insights.stackoverflow.com/survey}},
}


@inproceedings{tramer2017fairtest,
  title={Fairtest: Discovering unwarranted associations in data-driven applications},
  author={Tramer, Florian and Atlidakis, Vaggelis and Geambasu, Roxana and Hsu, Daniel and Hubaux, Jean-Pierre and Humbert, Mathias and Juels, Ari and Lin, Huang},
  booktitle={2017 IEEE European Symposium on Security and Privacy (EuroS\&P)},
  pages={401--416},
  year={2017},
  organization={IEEE}
}

@misc{vizajobs,

  title = {Viza jobs},
  year = {2023},
  howpublished = {\url{https://vizajobs.com/what-do-technology-jobs-paysalary-insights-and-compensation-factors/}},
}



@misc{bdtechtalks,

  title = {Tech Talks},
  year = {2029},
  howpublished = {\url{https://bdtechtalks.com/2019/03/29/ageism-in-tech-age-limit-software-developers-face/}},
}

@misc{covid19,

  title = {COVID-19 Dataset},
  year = {2020},
  howpublished = {\url{https://www.kaggle.com/imdevskp/corona-virus-report?select=usa_county_wise.csv}},
}


@Misc{usatoday,
note = {\url{https://www.usatoday.com/story/travel/airline-news/2022/06/19/why-us-flights-canceled-delayed-sunday/7677552001/}},
title = {The USA Today},
year = {2019}
}

@misc{kaggle_flights,
	author = {United States Department of Transportation},
	title = {2015 Flight Delays and Cancellations},
	year = {2015},
  howpublished = {\url{https://github.com/TAU-DB/REACT-IDA-Recommendation-benchmark}},
	
}


@article{upadhyay2021correlation,
  title={Correlation study to identify the factors affecting COVID-19 case fatality rates in India},
  author={Upadhyay, Ashwini Kumar and Shukla, Shreyanshi},
  journal={Diabetes \& Metabolic Syndrome: Clinical Research \& Reviews},
  volume={15},
  number={3},
  pages={993--999},
  year={2021},
  publisher={Elsevier}
}

@article{kaklauskas2022effects,
  title={Effects of country success on COVID-19 cumulative cases and excess deaths in 169 countries},
  author={Kaklauskas, A and Milevicius, V and Kaklauskiene, L},
  journal={Ecological indicators},
  pages={108703},
  year={2022},
  publisher={Elsevier}
}

@article{youngmann2022explaining,
  title={On Explaining Confounding Bias},
  author={Youngmann, Brit and Cafarella, Michael and Moskovitch, Yuval and Salimi, Babak},
  journal={2023 IEEE 39th International Conference on Data Engineering (ICDE)},
  year={2023}
}

@inproceedings{GalhotraGRS22,
  author       = {Sainyam Galhotra and
                  Amir Gilad and
                  Sudeepa Roy and
                  Babak Salimi},
  editor       = {Zachary G. Ives and
                  Angela Bonifati and
                  Amr El Abbadi},
  title        = {HypeR: Hypothetical Reasoning With What-If and How-To Queries Using
                  a Probabilistic Causal Approach},
  booktitle    = {{SIGMOD} '22: International Conference on Management of Data, Philadelphia,
                  PA, USA, June 12 - 17, 2022},
  pages        = {1598--1611},
  publisher    = {{ACM}},
  year         = {2022},
  url          = {https://doi.org/10.1145/3514221.3526149},
  doi          = {10.1145/3514221.3526149},
  timestamp    = {Thu, 16 Mar 2023 09:51:25 +0100},
  biburl       = {https://dblp.org/rec/conf/sigmod/GalhotraGRS22.bib},
  bibsource    = {dblp computer science bibliography, https://dblp.org}
}

@article{shimizu2006linear,
  title={A linear non-Gaussian acyclic model for causal discovery.},
  author={Shimizu, Shohei and Hoyer, Patrik O and Hyv{\"a}rinen, Aapo and Kerminen, Antti and Jordan, Michael},
  journal={Journal of Machine Learning Research},
  volume={7},
  number={10},
  year={2006}
}

@article{spirtes1991algorithm,
  title={{An algorithm for fast recovery of sparse causal graphs}},
  author={Spirtes, Peter and Glymour, Clark},
  journal={Social science computer review},
  volume={9},
  number={1},
  pages={62--72},
  year={1991},
  publisher={Sage Publications Sage CA: Thousand Oaks, CA}
}

@misc{openai2023gpt4,
      title={GPT-4 Technical Report}, 
      author={OpenAI},
      year={2023},
      eprint={2303.08774},
      archivePrefix={arXiv},
      primaryClass={cs.CL}
}
@article{kiciman2023causal,
  title={Causal reasoning and large language models: Opening a new frontier for causality},
  author={K{\i}c{\i}man, Emre and Ness, Robert and Sharma, Amit and Tan, Chenhao},
  journal={arXiv preprint arXiv:2305.00050},
  year={2023}
}



@article{DBLP:journals/pvldb/YoungmannCSZ23,
  author       = {Brit Youngmann and
                  Michael J. Cafarella and
                  Babak Salimi and
                  Anna Zeng},
  title        = {Causal Data Integration},
  journal      = {Proc. {VLDB} Endow.},
  volume       = {16},
  number       = {10},
  pages        = {2659--2665},
  year         = {2023}
}

@article{brown2020language,
  title={Language models are few-shot learners},
  author={Brown, Tom and Mann, Benjamin and Ryder, Nick and Subbiah, Melanie and Kaplan, Jared D and Dhariwal, Prafulla and Neelakantan, Arvind and Shyam, Pranav and Sastry, Girish and Askell, Amanda and others},
  journal={Advances in neural information processing systems},
  volume={33},
  pages={1877--1901},
  year={2020}
}


@article{glymour2019review,
  title={Review of causal discovery methods based on graphical models},
  author={Glymour, Clark and Zhang, Kun and Spirtes, Peter},
  journal={Frontiers in genetics},
  volume={10},
  pages={524},
  year={2019},
  publisher={Frontiers Media SA}
}

@article{zhu2019causal,
  title={Causal discovery with reinforcement learning},
  author={Zhu, Shengyu and Ng, Ignavier and Chen, Zhitang},
  journal={arXiv preprint arXiv:1906.04477},
  year={2019}
}

@article{youngmann2023causal,
  title={Causal Data Integration},
  author={Youngmann, Brit and Cafarella, Michael and Salimi, Babak and Zeng, Anna},
  journal={arXiv preprint arXiv:2305.08741},
  year={2023}
}

@inproceedings{wiering2002evolving,
  title={Evolving causal neural networks},
  author={Wiering, Marco A and others},
  booktitle={Benelearn'02: Proceedings of the Twelfth Belgian-Dutch Conference on Machine Learning},
  pages={103--108},
  year={2002}
}


@article{chickering2002optimal,
  title={Optimal structure identification with greedy search},
  author={Chickering, D.M},
  journal={JMLR},
  volume={3},
  number={Nov},
  pages={507--554},
  year={2002}
}


@book{pearl2009causality,
  title={Causality},
  author={Pearl, Judea},
  year={2009},
  publisher={Cambridge university press}
}

@article{rivest1987learning,
  title={Learning decision lists},
  author={Rivest, Ronald L},
  journal={Machine learning},
  volume={2},
  number={3},
  pages={229--246},
  year={1987},
  publisher={Springer}
}

@inproceedings{li2021putting,
  title={Putting Things into Context: Rich Explanations for Query Answers using Join Graphs},
  author={Li, Chenjie and Miao, Zhengjie and Zeng, Qitian and Glavic, Boris and Roy, Sudeepa},
  booktitle={Proceedings of the 2021 International Conference on Management of Data},
  pages={1051--1063},
  year={2021}
}



@misc{chatgpt,
  author    = {OpenAI},
  title     = {ChatGPT (October 2023 version)},
  year      = {2023},
  howpublished = {\url{https://chat.openai.com/}},
  note      = {Large language model}
}

@inproceedings{Duplyakin+:ATC19,
    title     = "The Design and Operation of {CloudLab}",
    author    = "Dmitry Duplyakin and Robert Ricci and Aleksander Maricq and Gary Wong and Jonathon Duerig and Eric Eide and Leigh Stoller and Mike Hibler and David Johnson and Kirk Webb and Aditya Akella and Kuangching Wang and Glenn Ricart and Larry Landweber and Chip Elliott and Michael Zink and Emmanuel Cecchet and Snigdhaswin Kar and Prabodh Mishra",
    booktitle = "Proceedings of the {USENIX} Annual Technical Conference (ATC)",
    pages     = "1--14",
    year      = 2019,
    month     = jul,
    url       = "https://www.flux.utah.edu/paper/duplyakin-atc19"
}

 
@misc{tableau,
  title = {{Tableau}}},
  howpublished = {\url{https://www.tableau.com/}}
}


@misc{adult,
  title = {Adult Census Income Dataset},
  howpublished = {\url{https://www.kaggle.com/datasets/uciml/adult-census-income}},
  note = {Accessed: 2023-05-12}
}


@article{aljaban2021analysis,
  title={Analysis of car accidents causes in the usa},
  author={Aljaban, Mohamed},
  year={2021}
}


@misc{nilsson1982effects,
  title={Effects of speed limits on traffic accidents in Sweden},
  author={Nilsson, G{\"o}ran},
  year={1982}
}

@misc{apyori,
  title={Apyori Python Packge},
   howpublished = {\url{https://pypi.org/project/apyori/}},
  year={2019}
}

@inproceedings{DBLP:conf/pods/AmsterdamerDT11,
  author       = {Yael Amsterdamer and
                  Daniel Deutch and
                  Val Tannen},
  editor       = {Maurizio Lenzerini and
                  Thomas Schwentick},
  title        = {Provenance for aggregate queries},
  booktitle    = {Proceedings of the 30th {ACM} {SIGMOD-SIGACT-SIGART} Symposium on
                  Principles of Database Systems, {PODS} 2011, June 12-16, 2011, Athens,
                  Greece},
  pages        = {153--164},
  publisher    = {{ACM}},
  year         = {2011},
  url          = {https://doi.org/10.1145/1989284.1989302},
  doi          = {10.1145/1989284.1989302},
  timestamp    = {Thu, 14 Oct 2021 10:38:21 +0200},
  biburl       = {https://dblp.org/rec/conf/pods/AmsterdamerDT11.bib},
  bibsource    = {dblp computer science bibliography, https://dblp.org}
}


@article{pardon2013effectiveness,
  title={The effectiveness of traffic calming measures in reducing road carnage in masvingo urban},
  author={Pardon, Ndhlovu and Average, Chigwenya},
  journal={International Journal},
  volume={3},
  number={2},
  pages={2305--1493},
  year={2013}
}

@article{raghavan1987randomized,
  title={Randomized rounding: a technique for provably good algorithms and algorithmic proofs},
  author={Raghavan, Prabhakar and Tompson, Clark D},
  journal={Combinatorica},
  volume={7},
  number={4},
  pages={365--374},
  year={1987},
  publisher={Springer}
}


@article{flood2015integrated,
  title={Integrated public use microdata series, current population survey: Version 9.0.[Machine-readable database]},
  author={Flood, Sarah and King, Miriam and Ruggles, Steven and Warren, J Robert},
  journal={Minneapolis: University of Minnesota},
  volume={1},
  year={2015}
}



@misc{z3,
  title = {Microsoft Z3 Solver},
  howpublished = {\url{https://www.microsoft.com/en-us/research/project/z3-3/}},
  note = {Accessed: 2023-05-12}
}

@misc{accidents,
  title = {Kaggle Dataset: US-Accidents},
  howpublished = {\url{https://www.kaggle.com/datasets/sobhanmoosavi/us-accidents}},
  note = {Accessed: 2023-05-12}
}

@article{moosavi2019countrywide,
  title={A countrywide traffic accident dataset},
  author={Moosavi, Sobhan and Samavatian, Mohammad Hossein and Parthasarathy, Srinivasan and Ramnath, Rajiv},
  journal={arXiv preprint arXiv:1906.05409},
  year={2019}}




@misc{dads,
  title = {The 19th*},
  howpublished = {\url{https://19thnews.org/2023/03/parenthood-stereotypes-gender-pay-gap/}},
year = {2023},
  note = {Accessed: 2023-05-18}
}

@misc{maxcoverage,
  title = {Max Coverageâ€”Randomized LP Rounding},
  howpublished = {\url{
http://www.cs.cornell.edu/courses/cs4820/2014sp/notes/maxcoverage.pdf}},
year = {2014},
author = {David Steurer}
}










@article{benedetti2020inverse,
  title={Inverse correlation between average monthly high temperatures and COVID-19-related death rates in different geographical areas},
  author={Benedetti, Francesca and Pachetti, Maria and Marini, Bruna and Ippodrino, Rudy and Gallo, Robert C and Ciccozzi, Massimo and Zella, Davide},
  journal={Journal of translational medicine},
  volume={18},
  pages={1--7},
  year={2020},
  publisher={Springer}
}

@misc{schufa,
  title = {What is Schufa Score?},
year = {2023},
  howpublished = {\url{https://www.settle-in-berlin.com/what-is-schufa/}},
  note = {Last Updated: 2023-07-15}
}

@article{huang2023fast,
  title={The Fast and the Private: Task-based Dataset Search},
  author={Huang, Zezhou and Liu, Jiaxiang and Wang, Haonan and Wu, Eugene},
  journal={arXiv preprint arXiv:2308.05637},
  year={2023}
}


@article{el2014interpretable,
  title={Interpretable and informative explanations of outcomes},
  author={El Gebaly, Kareem and Agrawal, Parag and Golab, Lukasz and Korn, Flip and Srivastava, Divesh},
  journal={Proceedings of the VLDB Endowment},
  volume={8},
  number={1},
  pages={61--72},
  year={2014},
  publisher={VLDB Endowment}
}

@misc{openai,
  author = {OpenAI},
  title = {OpenAI},
  year = {2015},
  howpublished = {\url{https://openai.com/}},
  note = {Accessed: May, 2023}
}


@misc{multiverse,
  author = {Multiverse: highest-paying-tech-jobs},
  title = {Multiverse},
  year = {2023},
  howpublished = {\url{https://www.multiverse.io/en-US/blog/highest-paying-tech-jobs}}
}


@article{DBLP:journals/pvldb/YoungmannAP22,
  author       = {Brit Youngmann and
                  Sihem Amer{-}Yahia and
                  Aur{\'{e}}lien Personnaz},
  title        = {Guided Exploration of Data Summaries},
  journal      = {Proc. {VLDB} Endow.},
  volume       = {15},
  number       = {9},
  year         = {2022}
}




@inproceedings{10.1145/3448016.3457259,
author = {Amer-Yahia, Sihem and Milo, Tova and Youngmann, Brit},
title = {Exploring Ratings in Subjective Databases},
year = {2021},
isbn = {9781450383431},
publisher = {Association for Computing Machinery},
address = {New York, NY, USA},
booktitle = {Proceedings of the 2021 International Conference on Management of Data},
pages = {62â€“75},
numpages = {14}
}


@inproceedings{basu2010constructing,
  title={Constructing and exploring composite items},
  author={Basu Roy, Senjuti and Amer-Yahia, Sihem and Chawla, Ashish and Das, Gautam and Yu, Cong},
  booktitle={Proceedings of the 2010 ACM SIGMOD International Conference on Management of data},
  pages={843--854},
  year={2010}
}


@inproceedings{Nargesian2022,
  title={Responsible Data Integration: Next-generation Challenges},
  author={Nargesian, Fatemeh and Asudeh, Abolfazl and Jagadish, H. V.},
  booktitle={Proceedings of the 2022 ACM SIGMOD International Conference on Management of data},

  year={2022}
}



@article{kaur2013performance,
  title={Performance analysis of association rule mining algorithms},
  author={Kaur, Gagandeep and Aggarwal, Shruti},
  journal={International Journal of Advanced Research in Computer Science and Software Engineering},
  volume={3},
  number={8},
  pages={856--58},
  year={2013}
}

@article{zhao2003association,
  title={Association rule mining: A survey},
  author={Zhao, Qiankun and Bhowmick, Sourav S},
  journal={Nanyang Technological University, Singapore},
  volume={135},
  pages={18},
  year={2003}
}


@article{girotra2013comparative,
  title={Comparative survey on association rule mining algorithms},
  author={Girotra, Manisha and Nagpal, Kanika and Minocha, Saloni and Sharma, Neha},
  journal={International Journal of Computer Applications},
  volume={84},
  number={10},
  year={2013},
  publisher={Citeseer}
}


@article{kumbhare2014overview,
  title={An overview of association rule mining algorithms},
  author={Kumbhare, Trupti A and Chobe, Santosh V},
  journal={International Journal of Computer Science and Information Technologies},
  volume={5},
  number={1},
  pages={927--930},
  year={2014},
  publisher={Citeseer}
}



@inproceedings{Vardi82,
 author = {Vardi, Moshe Y.},
 title = {The Complexity of Relational Query Languages (Extended Abstract)},
 booktitle = {Proceedings of the Fourteenth Annual ACM Symposium on Theory of Computing},
 series = {STOC '82},
 year = {1982},
 isbn = {0-89791-070-2},
 location = {San Francisco, California, USA},
 pages = {137--146},
 numpages = {10},
 url = {http://doi.acm.org/10.1145/800070.802186},
 doi = {10.1145/800070.802186},
 acmid = {802186},
 publisher = {ACM},
 address = {New York, NY, USA},
}

@inproceedings{lakshmanan2002quotient,
  title={Quotient cube: How to summarize the semantics of a data cube},
  author={Lakshmanan, Laks VS and Pei, Jian and Han, Jiawei},
  booktitle={VLDB'02: Proceedings of the 28th International Conference on Very Large Databases},
  pages={778--789},
  year={2002},
  organization={Elsevier}
}


@inproceedings{sathe2001intelligent,
  title={Intelligent rollups in multidimensional OLAP data},
  author={Sathe, Gayatri and Sarawagi, Sunita},
  booktitle={VLDB},
  pages={307--316},
  year={2001}
}



@article{joglekar2017interactive,
  title={Interactive data exploration with smart drill-down},
  author={Joglekar, Manas and Garcia-Molina, Hector and Parameswaran, Aditya},
  journal={IEEE Transactions on Knowledge and Data Engineering},
  volume={31},
  number={1},
  pages={46--60},
  year={2017},
  publisher={IEEE}
}

@inproceedings{baikousi2011similarity,
  title={Similarity measures for multidimensional data},
  author={Baikousi, Eftychia and Rogkakos, Georgios and Vassiliadis, Panos},
  booktitle={2011 IEEE 27th International Conference on Data Engineering},
  pages={171--182},
  year={2011},
  organization={IEEE},
  publisher={IEEE}
}


@inproceedings{santos2021correlation,
  title={Correlation sketches for approximate join-correlation queries},
  author={Santos, A{\'e}cio and Bessa, Aline and Chirigati, Fernando and Musco, Christopher and Freire, Juliana},
  booktitle={Proceedings of the 2021 International Conference on Management of Data},
  pages={1531--1544},
  year={2021}
}

@article{nargesian2021tailoring,
  title={Tailoring data source distributions for fairness-aware data integration},
  author={Nargesian, Fatemeh and Asudeh, Abolfazl and Jagadish, HV},
  journal={Proceedings of the VLDB Endowment},
  volume={14},
  number={11},
  pages={2519--2532},
  year={2021},
  publisher={VLDB Endowment}
}

@article{imbens2024causal,
  title={Causal inference in the social sciences},
  author={Imbens, Guido W},
  journal={Annual Review of Statistics and Its Application},
  volume={11},
  year={2024},
  publisher={Annual Reviews}
}

@misc{youngmann2024summarizedcausalexplanationsaggregate,
      title={Summarized Causal Explanations For Aggregate Views (Full version)}, 
      author={Brit Youngmann and Michael Cafarella and Amir Gilad and Sudeepa Roy},
      year={2024},
      eprint={2410.11435},
      archivePrefix={arXiv},
      primaryClass={cs.DB},
      url={https://arxiv.org/abs/2410.11435}, 
}


@inproceedings{garcia2021maxmin,
  title={Maxmin-fair ranking: individual fairness under group-fairness constraints},
  author={Garc{\'\i}a-Soriano, David and Bonchi, Francesco},
  booktitle={Proceedings of the 27th ACM SIGKDD Conference on Knowledge Discovery \& Data Mining},
  pages={436--446},
  year={2021}
}

@inproceedings{binns2020apparent,
  title={On the apparent conflict between individual and group fairness},
  author={Binns, Reuben},
  booktitle={Proceedings of the 2020 conference on fairness, accountability, and transparency},
  pages={514--524},
  year={2020}
}

@inproceedings{galhotra2022causal,
  title={Causal feature selection for algorithmic fairness},
  author={Galhotra, Sainyam and Shanmugam, Karthikeyan and Sattigeri, Prasanna and Varshney, Kush R},
  booktitle={Proceedings of the 2022 International Conference on Management of Data},
  pages={276--285},
  year={2022}
}


@book{spirtes2001causation,
  title={Causation, prediction, and search},
  author={Spirtes, Peter and Glymour, Clark and Scheines, Richard},
  year={2001},
  publisher={MIT press}
}

@inproceedings{vartak2015seedb,
  title={Seedb: Efficient data-driven visualization recommendations to support visual analytics},
  author={Vartak, Manasi and Rahman, Sajjadur and Madden, Samuel and Parameswaran, Aditya and Polyzotis, Neoklis},
  booktitle={VLDB},
  volume={8},
  xnumber={13},
  pages={2182},
  year={2015},
  organization={NIH Public Access}
}

@article{zhang2021viewseeker,
  title={Viewseeker: An interactive view recommendation framework},
  author={Zhang, Xiaozhong and Ge, Xiaoyu and Chrysanthis, Panos K and Sharaf, Mohamed A},
  journal={Big Data Research},
  volume={25},
  pages={100238},
  year={2021},
  publisher={Elsevier}
}

@inproceedings{lakshmanan2002generalized,
  title={The generalized MDL approach for summarization},
  author={Lakshmanan, Laks VS and Ng, Raymond T and Wang, Christine Xing and Zhou, Xiaodong and Johnson, Theodore J},
  booktitle={VLDB'02: Proceedings of the 28th International Conference on Very Large Databases},
  pages={766--777},
  year={2002},
  organization={Elsevier}
}

@inproceedings{bu2005mdl,
  title={Mdl summarization with holes},
  author={Bu, Shaofeng and Lakshmanan, Laks VS and Ng, Raymond T},
  booktitle={Proceedings of the 31st international conference on Very large data bases},
  pages={433--444},
  year={2005},
  organization={Citeseer}
}

@inproceedings{kim2020summarizing,
  title={Summarizing hierarchical multidimensional data},
  author={Kim, Alexandra and Lakshmanan, Laks VS and Srivastava, Divesh},
  booktitle={2020 IEEE 36th International Conference on Data Engineering (ICDE)},
  pages={877--888},
  year={2020},
  organization={IEEE}
}

@inproceedings{yu2009takes,
  title={It takes variety to make a world: diversification in recommender systems},
  author={Yu, Cong and Lakshmanan, Laks and Amer-Yahia, Sihem},
  booktitle={Proceedings of the 12th international conference on extending database technology: Advances in database technology},
  pages={368--378},
  year={2009}
}


@inproceedings{wen2018interactive,
  title={Interactive summarization and exploration of top aggregate query answers},
  author={Wen, Yuhao and Zhu, Xiaodan and Roy, Sudeepa and Yang, Jun},
  booktitle={Proceedings of the VLDB Endowment. International Conference on Very Large Data Bases},
  volume={11},
  number={13},
  pages={2196},
  year={2018},
  organization={NIH Public Access}
}

@article{sagi2021approximating,
  title={Approximating XGBoost with an interpretable decision tree},
  author={Sagi, Omer and Rokach, Lior},
  journal={Information Sciences},
  volume={572},
  pages={522--542},
  year={2021},
  publisher={Elsevier}
}

@inproceedings{yang2017scalable,
  title={Scalable Bayesian rule lists},
  author={Yang, Hongyu and Rudin, Cynthia and Seltzer, Margo},
  booktitle={International conference on machine learning},
  pages={3921--3930},
  year={2017},
  organization={PMLR}
}

@article{kim2014bayesian,
  title={The bayesian case model: A generative approach for case-based reasoning and prototype classification},
  author={Kim, Been and Rudin, Cynthia and Shah, Julie A},
  journal={Advances in neural information processing systems},
  volume={27},
  year={2014}
}


@inproceedings{lou2013accurate,
  title={Accurate intelligible models with pairwise interactions},
  author={Lou, Yin and Caruana, Rich and Gehrke, Johannes and Hooker, Giles},
  booktitle={Proceedings of the 19th ACM SIGKDD international conference on Knowledge discovery and data mining},
  pages={623--631},
  year={2013}
}

@article{schielzeth2010simple,
  title={Simple means to improve the interpretability of regression coefficients},
  author={Schielzeth, Holger},
  journal={Methods in Ecology and Evolution},
  volume={1},
  number={2},
  pages={103--113},
  year={2010},
  publisher={Wiley Online Library}
}

@inproceedings{ribeiro2016should,
  title={" Why should i trust you?" Explaining the predictions of any classifier},
  author={Ribeiro, Marco Tulio and Singh, Sameer and Guestrin, Carlos},
  booktitle={Proceedings of the 22nd ACM SIGKDD international conference on knowledge discovery and data mining},
  pages={1135--1144},
  year={2016}
}

@inproceedings{ridgeway1998interpretable,
  title={Interpretable boosted na{\"\i}ve bayes classification.},
  author={Ridgeway, Greg and Madigan, David and Richardson, Thomas and O'Kane, John},
  booktitle={KDD},
  pages={101--104},
  year={1998},
  organization={Citeseer}
}

@article{briand1993developing,
  title={Developing interpretable models with optimized set reduction for identifying high-risk software components},
  author={Briand, Lionel C and Brasili, VR and Hetmanski, Christopher J},
  journal={IEEE Transactions on Software Engineering},
  volume={19},
  number={11},
  pages={1028--1044},
  year={1993},
  publisher={IEEE}
}

@article{caton2024fairness,
  title={Fairness in machine learning: A survey},
  author={Caton, Simon and Haas, Christian},
  journal={ACM Computing Surveys},
  volume={56},
  number={7},
  pages={1--38},
  year={2024},
  publisher={ACM New York, NY}
}




@inproceedings{pastor2021looking,
  title={Looking for trouble: Analyzing classifier behavior via pattern divergence},
  author={Pastor, Eliana and De Alfaro, Luca and Baralis, Elena},
  booktitle={Proceedings of the 2021 International Conference on Management of Data},
  pages={1400--1412},
  year={2021}
}

@article{surve2024example,
  title={Example-based Explanations for Random Forests using Machine Unlearning},
  author={Surve, Tanmay and Pradhan, Romila},
  journal={arXiv preprint arXiv:2402.05007},
  year={2024}
}


@inproceedings{zehlike2017fa,
  title={Fa* ir: A fair top-k ranking algorithm},
  author={Zehlike, Meike and Bonchi, Francesco and Castillo, Carlos and Hajian, Sara and Megahed, Mohamed and Baeza-Yates, Ricardo},
  booktitle={Proceedings of the 2017 ACM on Conference on Information and Knowledge Management},
  pages={1569--1578},
  year={2017}
}

@article{stoyanovich2020responsible,
  title={Responsible data management},
  author={Stoyanovich, Julia and Howe, Bill and Jagadish, Hosagrahar Visvesvaraya},
  journal={Proceedings of the VLDB Endowment},
  volume={13},
  number={12},
  year={2020}
}

@article{mehrabi2021survey,
  title={A survey on bias and fairness in machine learning},
  author={Mehrabi, Ninareh and Morstatter, Fred and Saxena, Nripsuta and Lerman, Kristina and Galstyan, Aram},
  journal={ACM computing surveys (CSUR)},
  volume={54},
  number={6},
  pages={1--35},
  year={2021},
  publisher={ACM New York, NY, USA}
}

@inproceedings{ehyaei2023robustness,
  title={Robustness implies fairness in causal algorithmic recourse},
  author={Ehyaei, Ahmad-Reza and Karimi, Amir-Hossein and Sch{\"o}lkopf, Bernhard and Maghsudi, Setareh},
  booktitle={Proceedings of the 2023 ACM Conference on Fairness, Accountability, and Transparency},
  pages={984--1001},
  year={2023}
}

@inproceedings{majumdar2024carma,
  title={CARMA: A practical framework to generate recommendations for causal algorithmic recourse at scale},
  author={Majumdar, Ayan and Valera, Isabel},
  booktitle={The 2024 ACM Conference on Fairness, Accountability, and Transparency},
  pages={1745--1762},
  year={2024}
}


@inproceedings{somerstep2024algorithmic,
  title={Algorithmic Fairness in Performative Policy Learning: Escaping the Impossibility of Group Fairness},
  author={Somerstep, Seamus and Ritov, Ya'acov and Sun, Yuekai},
  booktitle={The 2024 ACM Conference on Fairness, Accountability, and Transparency},
  pages={616--630},
  year={2024}
}

@inproceedings{jain2024algorithmic,
  title={Algorithmic Pluralism: A Structural Approach To Equal Opportunity},
  author={Jain, Shomik and Suriyakumar, Vinith and Creel, Kathleen and Wilson, Ashia},
  booktitle={The 2024 ACM Conference on Fairness, Accountability, and Transparency},
  pages={197--206},
  year={2024}
}

@inproceedings{lakkaraju2016interpretable,
  title={Interpretable decision sets: A joint framework for description and prediction},
  author={Lakkaraju, Himabindu and Bach, Stephen H and Leskovec, Jure},
  booktitle={Proceedings of the 22nd ACM SIGKDD international conference on knowledge discovery and data mining},
  pages={1675--1684},
  year={2016}
}

@inproceedings{chen2018optimization,
  title={An optimization approach to learning falling rule lists},
  author={Chen, Chaofan and Rudin, Cynthia},
  booktitle={International conference on artificial intelligence and statistics},
  pages={604--612},
  year={2018},
  organization={PMLR}
}


@article{qbo,
 author = {Tran, Quoc Trung and Chan, Chee-Yong and Parthasarathy, Srinivasan},
 title = {Query Reverse Engineering},
 journal = {The VLDB Journal},
 volume    = {23},
  number    = {5},
 pages     = {721--746},
 year = {2014},
} 


@inproceedings{pastor2023hierarchical,
  title={A hierarchical approach to anomalous subgroup discovery},
  author={Pastor, Eliana and Baralis, Elena and de Alfaro, Luca},
  booktitle={2023 IEEE 39th international conference on data engineering (ICDE)},
  pages={2647--2659},
  year={2023},
  organization={IEEE}
}

@inproceedings{Weiss:2017,
 author = {Weiss, Yaacov Y. and Cohen, Sara},
 title = {Reverse Engineering SPJ-Queries from Examples},
 booktitle = {PODS},
 pages = {151--166}, 
 year = {2017}
}



@inproceedings{AbouziedAPHS13,
  author    = {Azza Abouzied and
               Dana Angluin and
               Christos H. Papadimitriou and
               Joseph M. Hellerstein and
               Avi Silberschatz},
  title     = {Learning and verifying quantified boolean queries by example},
  booktitle = {PODS},
  pages     = {49--60},
  year      = {2013}
}


@inproceedings{Barcelo017,
  author    = {Pablo Barcel{\'{o}} and
               Miguel Romero},
  title     = {The Complexity of Reverse Engineering Problems for Conjunctive Queries},
  booktitle = {ICDT},
  pages     = {7:1--7:17},
  year      = {2017}
}


@inproceedings{BonifatiCS14,
  author    = {Angela Bonifati and
               Radu Ciucanu and
               Slawek Staworko},
  title     = {Interactive Inference of Join Queries},
  booktitle = {EDBT},
  pages     = {451--462},
  year      = {2014}
}



@inproceedings{Kalashnikov2018,
 author = {Kalashnikov, Dmitri V. and Lakshmanan, Laks V.S. and Srivastava, Divesh},
 title = {FastQRE: Fast Query Reverse Engineering},
 booktitle = {SIGMOD},
 pages = {337--350}, 
 year = {2018}
}

@inproceedings{joinQueries,
	author = {Zhang, Meihui and Elmeleegy, Hazem and Procopiuc, Cecilia M. and Srivastava, Divesh},
	title = {Reverse Engineering Complex Join Queries},
	booktitle = {SIGMOD},
	pages     = {809--820},
	year={2014}	
}


@inproceedings{Dimitriadou2014,
	author = {Dimitriadou, Kyriaki and Papaemmanouil, Olga and Diao, Yanlei},
	title = {Explore-by-example: An Automatic Query Steering Framework for Interactive Data Exploration},
	booktitle = {SIGMOD},
	pages     = {517--528},
	year = {2014}
}


@article{spoerhase2017maximizing,
  title={Maximizing a Monotone Submodular Function Subject to a Covering and a Packing Constraint},
  author={Spoerhase, Joachim and Uniyal, Sumedha},
  journal={Ongoing work},
  year={2017}
}

@inproceedings{DeutchG19,
  author    = {Daniel Deutch and
               Amir Gilad},
  title     = {Reverse-Engineering Conjunctive Queries from Provenance Examples},
  booktitle = {EDBT},
  pages     = {277--288},
  year      = {2019}
}


@inproceedings{AbramovitzDG18,
  author    = {Efrat Abramovitz and
               Daniel Deutch and
               Amir Gilad},
  title     = {Interactive Inference of {SPARQL} Queries Using Provenance},
  booktitle = {ICDE},
  pages     = {581--592},
  year      = {2018}
}


@inproceedings{wen2018interactive,
  title={Interactive summarization and exploration of top aggregate query answers},
  author={Wen, Yuhao and Zhu, Xiaodan and Roy, Sudeepa and Yang, Jun},
  booktitle={Proceedings of the VLDB Endowment. International Conference on Very Large Data Bases},
  volume={11},
  number={13},
  pages={2196},
  year={2018},
  organization={NIH Public Access}
}

@article{DBLP:journals/pvldb/DeutchGMMS22,
  author       = {Daniel Deutch and
                  Amir Gilad and
                  Tova Milo and
                  Amit Mualem and
                  Amit Somech},
  title        = {{FEDEX:} An Explainability Framework for Data Exploration Steps},
  journal      = {Proc. {VLDB} Endow.},
  volume       = {15},
  number       = {13},
  pages        = {3854--3868},
  year         = {2022},
  url          = {https://www.vldb.org/pvldb/vol15/p3854-gilad.pdf},
  timestamp    = {Wed, 11 Jan 2023 17:06:38 +0100},
  biburl       = {https://dblp.org/rec/journals/pvldb/DeutchGMMS22.bib},
  bibsource    = {dblp computer science bibliography, https://dblp.org}
}


@article{tao2022dpxplain,
  author       = {Yuchao Tao and
                  Amir Gilad and
                  Ashwin Machanavajjhala and
                  Sudeepa Roy},
  title        = {DPXPlain: Privately Explaining Aggregate Query Answers},
  journal      = {Proc. {VLDB} Endow.},
  volume       = {16},
  number       = {1},
  pages        = {113--126},
  year         = {2022},
  url          = {https://www.vldb.org/pvldb/vol16/p113-tao.pdf},
  timestamp    = {Wed, 11 Jan 2023 17:06:38 +0100},
  biburl       = {https://dblp.org/rec/journals/pvldb/TaoGMR22.bib},
  bibsource    = {dblp computer science bibliography, https://dblp.org}
}

@article{wu2013scorpion,
  title={Scorpion: Explaining away outliers in aggregate queries},
  author={Wu, Eugene and Madden, Samuel},
  year={2013},
  publisher={Association for Computing Machinery (ACM)}
}

@inproceedings{roy2014formal,
  title={A formal approach to finding explanations for database queries},
  author={Roy, Sudeepa and Suciu, Dan},
  booktitle={Proceedings of the 2014 ACM SIGMOD international conference on Management of data},
  pages={1579--1590},
  year={2014}
}




@inproceedings{LivshitsBKS20,
  author    = {Ester Livshits and
               Leopoldo E. Bertossi and
               Benny Kimelfeld and
               Moshe Sebag},
  title     = {The Shapley Value of Tuples in Query Answering},
  booktitle = {ICDT},
  volume    = {155},
  pages     = {20:1--20:19},
  year      = {2020}
}


@book{shipley2016cause,
  title={Cause and correlation in biology: a user's guide to path analysis, structural equations and causal inference with R},
  author={Shipley, Bill},
  year={2016},
  publisher={Cambridge university press}
}


@misc{robins2000marginal,
  title={Marginal structural models and causal inference in epidemiology},
  author={Robins, James M and Hernan, Miguel Angel and Brumback, Babette},
  year={2000},
  publisher={LWW}
}



@book{banerjee2011poor,
  title={Poor economics: A radical rethinking of the way to fight global poverty},
  author={Banerjee, Abhijit V and Banerjee, Abhijit and Duflo, Esther},
  year={2011},
  publisher={Public Affairs}
}


@article{DBLP:journals/mp/NemhauserWF78,
  author       = {George L. Nemhauser and
                  Laurence A. Wolsey and
                  Marshall L. Fisher},
  title        = {An analysis of approximations for maximizing submodular set functions
                  - {I}},
  journal      = {Math. Program.},
  volume       = {14},
  number       = {1},
  pages        = {265--294},
  year         = {1978},
  url          = {https://doi.org/10.1007/BF01588971},
  doi          = {10.1007/BF01588971},
  timestamp    = {Wed, 14 Nov 2018 10:49:02 +0100},
  biburl       = {https://dblp.org/rec/journals/mp/NemhauserWF78.bib},
  bibsource    = {dblp computer science bibliography, https://dblp.org}
}

@article{DBLP:journals/pvldb/PujolGM23,
  author       = {David Pujol and
                  Amir Gilad and
                  Ashwin Machanavajjhala},
  title        = {PreFair: Privately Generating Justifiably Fair Synthetic Data},
  journal      = {Proc. {VLDB} Endow.},
  volume       = {16},
  number       = {6},
  pages        = {1573--1586},
  year         = {2023},
  url          = {https://www.vldb.org/pvldb/vol16/p1573-pujol.pdf},
  timestamp    = {Tue, 18 Apr 2023 16:42:01 +0200},
  biburl       = {https://dblp.org/rec/journals/pvldb/PujolGM23.bib},
  bibsource    = {dblp computer science bibliography, https://dblp.org}
}

@inproceedings{ReshefKL20,
  author    = {Alon Reshef and
               Benny Kimelfeld and
               Ester Livshits},
  editor    = {Dan Suciu and
               Yufei Tao and
               Zhewei Wei},
  title     = {The Impact of Negation on the Complexity of the Shapley Value in Conjunctive
               Queries},
  booktitle = {PODS},
  pages     = {285--297},
  year      = {2020}
}

@inproceedings{DeutchFGH20,
  author    = {Daniel Deutch and
               Nave Frost and
               Amir Gilad and
               Tomer Haimovich},
  title     = {Explaining Missing Query Results in Natural Language},
  booktitle = {EDBT},
  pages     = {427--430},
  year      = {2020}
}

@article{DeutchFG20,
  author    = {Daniel Deutch and
               Nave Frost and
               Amir Gilad},
  title     = {Explaining Natural Language query results},
  journal   = {{VLDB} J.},
  volume    = {29},
  number    = {1},
  pages     = {485--508},
  year      = {2020}
}

@article{alipour2022explaining,
  title={Explaining Image Classifiers Using Contrastive Counterfactuals in Generative Latent Spaces},
  author={Alipour, Kamran and Lahiri, Aditya and Adeli, Ehsan and Salimi, Babak and Pazzani, Michael},
  journal={arXiv preprint arXiv:2206.05257},
  year={2022}
}


@inproceedings{causalsim,
  title={{CausalSim: A Causal Framework for Unbiased Trace-Driven Simulation}},
  author={Alomar, Abdullah and Hamadanian, Pouya and Nasr-Esfahany, Arash and Agarwal, Anish and Alizadeh, Mohammad and Shah, Devavrat},
  booktitle={{20th USENIX Symposium on Networked Systems Design and Implementation (NSDI 23)}},
  pages={1115--1147},
  year={2023}
}

@book{pearl2018book,
  title={The book of why: the new science of cause and effect},
  author={Pearl, J. and Mackenzie, D.},
  year={2018},
  publisher={Basic books}
}


@article{xie2012estimating,
  title={Estimating heterogeneous treatment effects with observational data},
  author={Xie, Yu and Brand, Jennie E and Jann, Ben},
  journal={Sociological methodology},
  volume={42},
  number={1},
  pages={314--347},
  year={2012},
  publisher={Sage Publications Sage CA: Los Angeles, CA}
}

@article{wager2018estimation,
  title={Estimation and inference of heterogeneous treatment effects using random forests},
  author={Wager, Stefan and Athey, Susan},
  journal={Journal of the American Statistical Association},
  volume={113},
  number={523},
  pages={1228--1242},
  year={2018},
  publisher={Taylor \& Francis}
}

@article{tian2000probabilities,
  title={Probabilities of causation: Bounds and identification},
  author={Tian, Jin and Pearl, Judea},
  journal={Annals of Mathematics and Artificial Intelligence},
  volume={28},
  number={1-4},
  pages={287--313},
  year={2000},
  publisher={Springer}
}


@article{rubin2005causal,
  title={Causal inference using potential outcomes: Design, modeling, decisions},
  author={Rubin, Donald B},
  journal={Journal of the American Statistical Association},
  volume={100},
  number={469},
  pages={322--331},
  year={2005},
  publisher={Taylor \& Francis}
}

@article{pearl2009causal,
  title={Causal inference in statistics: An overview},
  author={Pearl, Judea},
  year={2009}
}

@article{greenland1999epidemiology,
  title={Epidemiology, justice, and the probability of causation},
  author={Greenland, Sander and Robins, James M},
  journal={Jurimetrics},
  volume={40},
  pages={321},
  year={1999},
  publisher={HeinOnline}
}


 @inproceedings{sage,
  title={{Sage: Practical and Scalable ML-Driven Performance Debugging
    in Microservices}},
  author={Gan, Yu and Liang, Mingyu and Dev, Sundar and Lo, David and Delimitrou, Christina},
  booktitle={{Proceedings of the 26th ACM International Conference on Architectural Support for Programming Languages and Operating Systems}},
  pages={135--151},
  year={2021}
}


@inproceedings{pradhan2022interpretable,
  title={Interpretable data-based explanations for fairness debugging},
  author={Pradhan, Romila and Zhu, Jiongli and Glavic, Boris and Salimi, Babak},
  booktitle={Proceedings of the 2022 International Conference on Management of Data},
  pages={247--261},
  year={2022}
}

@article{zhu2022crab,
  title={Crab: Learning Certifiably Fair Predictive Models in the Presence of Selection Bias},
  author={Zhu, Jiongli and Sabri, Nazanin and Galhotra, Sainyam and Salimi, Babak},
  journal={arXiv preprint arXiv:2212.10839},
  year={2022}
}

@inproceedings{galhotra2022hyper,
  title={Hyper: Hypothetical reasoning with what-if and how-to queries using a probabilistic causal approach},
  author={Galhotra, Sainyam and Gilad, Amir and Roy, Sudeepa and Salimi, Babak},
  booktitle={Proceedings of the 2022 International Conference on Management of Data},
  pages={1598--1611},
  year={2022}
}



@article{lawless2023interpretable,
  title={Interpretable and fair boolean rule sets via column generation},
  author={Lawless, Connor and Dash, Sanjeeb and Gunluk, Oktay and Wei, Dennis},
  journal={Journal of Machine Learning Research},
  volume={24},
  number={229},
  pages={1--50},
  year={2023}
}

@article{wang2022causal,
  title={Causal rule sets for identifying subgroups with enhanced treatment effects},
  author={Wang, Tong and Rudin, Cynthia},
  journal={INFORMS Journal on Computing},
  volume={34},
  number={3},
  pages={1626--1643},
  year={2022},
  publisher={Informs}
}


@article{DBLP:journals/pvldb/TaeZPRW24,
  author       = {Ki Hyun Tae and
                  Hantian Zhang and
                  Jaeyoung Park and
                  Kexin Rong and
                  Steven Euijong Whang},
  title        = {Falcon: Fair Active Learning using Multi-armed Bandits},
  journal      = {Proc. {VLDB} Endow.},
  volume       = {17},
  number       = {5},
  pages        = {952--965},
  year         = {2024}
}


@inproceedings{DBLP:conf/icml/Roh0WS23,
  author       = {Yuji Roh and
                  Kangwook Lee and
                  Steven Euijong Whang and
                  Changho Suh},
  editor       = {Andreas Krause and
                  Emma Brunskill and
                  Kyunghyun Cho and
                  Barbara Engelhardt and
                  Sivan Sabato and
                  Jonathan Scarlett},
  title        = {Improving Fair Training under Correlation Shifts},
  booktitle    = {International Conference on Machine Learning, {ICML} 2023, 23-29 July
                  2023, Honolulu, Hawaii, {USA}},
  series       = {Proceedings of Machine Learning Research},
  volume       = {202},
  pages        = {29179--29209},
  publisher    = {{PMLR}},
  year         = {2023}
}

@article{DBLP:journals/pacmmod/ZhangTPCW23,
  author       = {Hantian Zhang and
                  Ki Hyun Tae and
                  Jaeyoung Park and
                  Xu Chu and
                  Steven Euijong Whang},
  title        = {iFlipper: Label Flipping for Individual Fairness},
  journal      = {Proc. {ACM} Manag. Data},
  volume       = {1},
  number       = {1},
  pages        = {8:1--8:26},
  year         = {2023}
}

@article{roh2020fairbatch,
  title={Fairbatch: Batch selection for model fairness},
  author={Roh, Yuji and Lee, Kangwook and Whang, Steven Euijong and Suh, Changho},
  journal={arXiv preprint arXiv:2012.01696},
  year={2020}
}

@article{plecko2022causal,
  title={Causal fairness analysis},
  author={Plecko, Drago and Bareinboim, Elias},
  journal={ECAI},
  year={2024}
}


@article{plecko2023causal,
  title={Causal fairness for outcome control},
  author={Plecko, Drago and Bareinboim, Elias},
  journal={Advances in Neural Information Processing Systems},
  volume={36},
  pages={47575--47597},
  year={2023}
}

@inproceedings{zhang2022adaptive,
  title={Adaptive fairness improvement based on causality analysis},
  author={Zhang, Mengdi and Sun, Jun},
  booktitle={Proceedings of the 30th ACM Joint European Software Engineering Conference and Symposium on the Foundations of Software Engineering},
  pages={6--17},
  year={2022}
}

@inproceedings{ehyaei2024causal,
  title={Causal Adversarial Perturbations for Individual Fairness and Robustness in Heterogeneous Data Spaces},
  author={Ehyaei, Ahmad-Reza and Mohammadi, Kiarash and Karimi, Amir-Hossein and Samadi, Samira and Farnadi, Golnoosh},
  booktitle={Proceedings of the AAAI Conference on Artificial Intelligence},
  volume={38},
  number={10},
  pages={11847--11855},
  year={2024}
}


@article{sun2021treatment,
  title={Treatment allocation under uncertain costs},
  author={Sun, Hao and Munro, Evan and Kalashnov, Georgy and Du, Shuyang and Wager, Stefan},
  journal={arXiv preprint arXiv:2103.11066},
  year={2021}
}

@article{imai2023experimental,
  title={Experimental evaluation of individualized treatment rules},
  author={Imai, Kosuke and Li, Michael Lingzhi},
  journal={Journal of the American Statistical Association},
  volume={118},
  number={541},
  pages={242--256},
  year={2023},
  publisher={Taylor \& Francis}
}

@article{meliou2009so,
  title={Why so? or why no? functional causality for explaining query answers},
  author={Meliou, Alexandra and Gatterbauer, Wolfgang and Moore, Katherine F and Suciu, Dan},
  journal={arXiv preprint arXiv:0912.5340},
  year={2009}
}

@inproceedings{galhotra2023metam,
  title={Metam: Goal-oriented data discovery},
  author={Galhotra, Sainyam and Gong, Yue and Fernandez, Raul Castro},
  booktitle={2023 IEEE 39th International Conference on Data Engineering (ICDE)},
  pages={2780--2793},
  year={2023},
  organization={IEEE}
}

@inproceedings{markakis2024sawmill,
author = {Markakis, Markos and Chen, An Bo and Youngmann, Brit and Gao, Trinity and Zhang, Ziyu and Shahout, Rana and Chen, Peter Baile and Liu, Chunwei and Sabek, Ibrahim and Cafarella, Michael},
title = {Sawmill: From Logs to Causal Diagnosis of Large Systems},
year = {2024},
booktitle = {SIGMOD},
pages = {444â€“447}
}



@inproceedings{gudmundsdottir2017demonstration,
  title={A demonstration of interactive analysis of performance measurements with viska},
  author={Gudmundsdottir, Helga and Salimi, Babak and Balazinska, Magdalena and Ports, Dan RK and Suciu, Dan},
  booktitle={Proceedings of the 2017 ACM International Conference on Management of Data},
  pages={1707--1710},
  year={2017}
}

@article{ma2023xinsight,
  title={Xinsight: explainable data analysis through the lens of causality},
  author={Ma, Pingchuan and Ding, Rui and Wang, Shuai and Han, Shi and Zhang, Dongmei},
  journal={Proceedings of the ACM on Management of Data},
  volume={1},
  number={2},
  pages={1--27},
  year={2023},
  publisher={ACM New York, NY, USA}
}

@inproceedings{asudeh2019assessing,
  title={Assessing and remedying coverage for a given dataset},
  author={Asudeh, Abolfazl and Jin, Zhongjun and Jagadish, HV},
  booktitle={2019 IEEE 35th International Conference on Data Engineering (ICDE)},
  pages={554--565},
  year={2019},
  organization={IEEE}
}

@inproceedings{kleinberg2018algorithmic,
  title={Algorithmic fairness},
  author={Kleinberg, Jon and Ludwig, Jens and Mullainathan, Sendhil and Rambachan, Ashesh},
  booktitle={Aea papers and proceedings},
  volume={108},
  pages={22--27},
  year={2018},
  organization={American Economic Association 2014 Broadway, Suite 305, Nashville, TN 37203}
}


@article{kuvcak2018machine,
  title={MACHINE LEARNING IN EDUCATION-A SURVEY OF CURRENT RESEARCH TRENDS.},
  author={Ku{\v{c}}ak, Danijel and Juri{\v{c}}i{\'c}, Vedran and {\DJ}ambi{\'c}, Goran},
  journal={Annals of DAAAM \& Proceedings},
  volume={29},
  year={2018}
}

@inproceedings{shailaja2018machine,
  title={Machine learning in healthcare: A review},
  author={Shailaja, K and Seetharamulu, Banoth and Jabbar, MA},
  booktitle={2018 Second international conference on electronics, communication and aerospace technology (ICECA)},
  pages={910--914},
  year={2018},
  organization={IEEE}
}

@article{gong2024nexus,
  title={Nexus: Correlation Discovery over Collections of Spatio-Temporal Tabular Data},
  author={Gong, Yue and Galhotra, Sainyam and Castro Fernandez, Raul},
  journal={Proceedings of the ACM on Management of Data},
  volume={2},
  number={3},
  pages={1--28},
  year={2024},
  publisher={ACM New York, NY, USA}
}

@article{guha2024automated,
  title={Automated data cleaning can hurt fairness in machine learning-based decision making},
  author={Guha, Shubha and Khan, Falaah Arif and Stoyanovich, Julia and Schelter, Sebastian},
  journal={IEEE Transactions on Knowledge and Data Engineering},
  year={2024},
  publisher={IEEE}
}

@article{li2023query,
  title={Query Refinement for Diversity Constraint Satisfaction},
  author={Li, Jinyang and Moskovitch, Yuval and Stoyanovich, Julia and Jagadish, HV},
  journal={Proceedings of the VLDB Endowment},
  volume={17},
  number={2},
  pages={106--118},
  year={2023},
  publisher={VLDB Endowment}
}

@article{stoyanovich2020responsible,
  title={Responsible data management},
  author={Stoyanovich, Julia and Howe, Bill and Jagadish, Hosagrahar Visvesvaraya},
  journal={Proceedings of the VLDB Endowment},
  volume={13},
  number={12},
  year={2020}
}

@article{zehlike2022fairness,
  title={Fairness in ranking, part i: Score-based ranking},
  author={Zehlike, Meike and Yang, Ke and Stoyanovich, Julia},
  journal={ACM Computing Surveys},
  volume={55},
  number={6},
  pages={1--36},
  year={2022},
  publisher={ACM New York, NY}
}

@article{van2021evaluating,
  title={Evaluating XAI: A comparison of rule-based and example-based explanations},
  author={van der Waa, Jasper and Nieuwburg, Elisabeth and Cremers, Anita and Neerincx, Mark},
  journal={Artificial intelligence},
  volume={291},
  pages={103404},
  year={2021},
  publisher={Elsevier}
}

@article{guidotti2018local,
  title={Local rule-based explanations of black box decision systems},
  author={Guidotti, Riccardo and Monreale, Anna and Ruggieri, Salvatore and Pedreschi, Dino and Turini, Franco and Giannotti, Fosca},
  journal={arXiv preprint arXiv:1805.10820},
  year={2018}
}

@article{zehlike2022fairness2,
  title={Fairness in ranking, part ii: Learning-to-rank and recommender systems},
  author={Zehlike, Meike and Yang, Ke and Stoyanovich, Julia},
  journal={ACM Computing Surveys},
  volume={55},
  number={6},
  pages={1--41},
  year={2022},
  publisher={ACM New York, NY}
}

@inproceedings{salimi2019interventional,
  title={Interventional fairness: Causal database repair for algorithmic fairness},
  author={Salimi, Babak and Rodriguez, Luke and Howe, Bill and Suciu, Dan},
  booktitle={Proceedings of the 2019 International Conference on Management of Data},
  pages={793--810},
  year={2019}
}

@inproceedings{agarwal1999cube,
  author       = {Sameet Agarwal and
                  Rakesh Agrawal and
                  Prasad Deshpande and
                  Ashish Gupta and
                  Jeffrey F. Naughton and
                  Raghu Ramakrishnan and
                  Sunita Sarawagi},
  title        = {On the Computation of Multidimensional Aggregates},
  booktitle    = {{VLDB}},
  pages        = {506--521},
  publisher    = {Morgan Kaufmann},
  year         = {1996}
}

@article{meliou2014causality,
  title={Causality and explanations in databases},
  author={Meliou, Alexandra and Roy, Sudeepa and Suciu, Dan},
  journal={Proceedings of the VLDB Endowment},
  volume={7},
  number={13},
  pages={1715--1716},
  year={2014},
  publisher={VLDB Endowment}
}



@article{meliou2010causality,
  title={Causality in databases},
  author={Meliou, Alexandra and Gatterbauer, Wolfgang and Halpern, Joseph Y and Koch, Christoph and Moore, Katherine F and Suciu, Dan},
  journal={IEEE Data Engineering Bulletin},
  volume={33},
  number={3},
  pages={59--67},
  year={2010}
}


@article{pirhadi2024otclean,
  title={Otclean: Data cleaning for conditional independence violations using optimal transport},
  author={Pirhadi, Alireza and Moslemi, Mohammad Hossein and Cloninger, Alexander and Milani, Mostafa and Salimi, Babak},
  journal={Proceedings of the ACM on Management of Data},
  volume={2},
  number={3},
  pages={1--26},
  year={2024},
  publisher={ACM New York, NY, USA}
}

@article{10.14778/3554821.3554902,
author = {Roy, Sudeepa},
title = {Toward interpretable and actionable data analysis with explanations and causality},
year = {2022},
publisher = {VLDB Endowment},
volume = {15},
number = {12},
journal = {Proc. VLDB Endow.},
pages = {3812â€“3820}
}


@inproceedings{salimi2020causal,
  title={Causal relational learning},
  author={Salimi, Babak and Parikh, Harsh and Kayali, Moe and Getoor, Lise and Roy, Sudeepa and Suciu, Dan},
  booktitle={Proceedings of the 2020 ACM SIGMOD international conference on management of data},
  pages={241--256},
  year={2020}
}

@article{meliou2010complexity,
  title={The complexity of causality and responsibility for query answers and non-answers},
  author={Meliou, Alexandra and Gatterbauer, Wolfgang and Moore, Katherine F and Suciu, Dan},
  journal={arXiv preprint arXiv:1009.2021},
  year={2010}
}

@inproceedings{milo2020contribution,
  title={Contribution Maximization in Probabilistic Datalog},
  author={Milo, Tova and Moskovitch, Yuval and Youngmann, Brit},
  booktitle={2020 IEEE 36th International Conference on Data Engineering (ICDE)},
  pages={817--828},
  year={2020},
  organization={IEEE}
}

@inproceedings{chapman2009not,
  title={Why not?},
  author={Chapman, Adriane and Jagadish, HV},
  booktitle={Proceedings of the 2009 ACM SIGMOD International Conference on Management of data},
  pages={523--534},
  year={2009}
}


@inproceedings{miao2019going,
  title={Going beyond provenance: Explaining query answers with pattern-based counterbalances},
  author={Miao, Zhengjie and Zeng, Qitian and Glavic, Boris and Roy, Sudeepa},
  booktitle={Proceedings of the 2019 International Conference on Management of Data},
  pages={485--502},
  year={2019}
}

@article{bessa2020effective,
  title={Effective Discovery of Meaningful Outlier Relationships},
  author={Bessa, Aline and Freire, Juliana and Dasu, Tamraparni and Srivastava, Divesh},
  journal={ACM Transactions on Data Science},
  volume={1},
  number={2},
  pages={1--33},
  year={2020},
  publisher={ACM New York, NY, USA}
}

@inproceedings{ten2015high,
  title={High-level why-not explanations using ontologies},
  author={ten Cate, Balder and Civili, Cristina and Sherkhonov, Evgeny and Tan, Wang-Chiew},
  booktitle={Proceedings of the 34th ACM SIGMOD-SIGACT-SIGAI Symposium on Principles of Database Systems},
  pages={31--43},
  year={2015}
}

@article{lee2020approximate,
  title={Approximate summaries for why and why-not provenance (extended version)},
  author={Lee, Seokki and Lud{\"a}scher, Bertram and Glavic, Boris},
  journal={arXiv preprint arXiv:2002.00084},
  year={2020}
}

@inproceedings{bidoit2014query,
  title={Query-based why-not provenance with nedexplain},
  author={Bidoit, Nicole and Herschel, Melanie and Tzompanaki, Katerina},
  booktitle={Extending database technology (EDBT)},
  year={2014}
}

@article{roy2015explaining,
  title={Explaining query answers with explanation-ready databases},
  author={Roy, Sudeepa and Orr, Laurel and Suciu, Dan},
  journal={Proceedings of the VLDB Endowment},
  volume={9},
  number={4},
  pages={348--359},
  year={2015},
  publisher={VLDB Endowment}
}

@article{abrevaya2015estimating,
  title={Estimating conditional average treatment effects},
  author={Abrevaya, Jason and Hsu, Yu-Chin and Lieli, Robert P},
  journal={Journal of Business \& Economic Statistics},
  volume={33},
  number={4},
  pages={485--505},
  year={2015},
  publisher={Taylor \& Francis}
}

@inproceedings{golab2015size,
  title={Size-constrained weighted set cover},
  author={Golab, Lukasz and Korn, Flip and Li, Feng and Saha, Barna and Srivastava, Divesh},
  booktitle={2015 IEEE 31st International Conference on Data Engineering},
  pages={879--890},
  year={2015},
  organization={IEEE}
}

@article{holland1986statistics,
  title={Statistics and causal inference},
  author={Holland, Paul W},
  journal={Journal of the American statistical Association},
  volume={81},
  number={396},
  pages={945--960},
  year={1986},
  publisher={Taylor \& Francis}
}


@article{rosenbaum1983central,
  title={The central role of the propensity score in observational studies for causal effects},
  author={Rosenbaum, Paul R and Rubin, Donald B},
  journal={Biometrika},
  volume={70},
  number={1},
  pages={41--55},
  year={1983},
  publisher={Oxford University Press}
}

@phdthesis{rubin1971use,
  title={The use of matched sampling and regression adjustment in observational studies},
  author={Rubin, Donald Bruce},
  year={1971},
  school={Harvard University}
}


