@article{alruban2022prediction,
  title={Prediction of Application Usage on Smartphones via Deep Learning},
  author={Alruban, Abdulrahman},
  journal={IEEE Access},
  volume={10},
  pages={49198--49206},
  year={2022},
  publisher={IEEE}
}

@inproceedings{baeza2015predicting,
  title={Predicting the next app that you are going to use},
  author={Baeza-Yates, Ricardo and Jiang, Di and Silvestri, Fabrizio and Harrison, Beverly},
  booktitle={Proceedings of the eighth ACM international conference on web search and data mining},
  pages={285--294},
  year={2015}
}

@article{hidasi2015session,
  title={Session-based Recommendations with Recurrent Neural Networks},
  author={Hidasi, B},
  journal={arXiv preprint arXiv:1511.06939},
  year={2015}
}

@article{huang2025predicting,
  title={Predicting Mobile App Usage With Context-Aware Dynamic Hypergraphs},
  author={Huang, Zihan and Li, Tong and Wang, Xing and Yang, Kexin and Deng, Chao and Feng, Junlan and Li, Yong},
  journal={IEEE Transactions on Mobile Computing},
  year={2025},
  publisher={IEEE}
}

@article{jiang2019using,
  title={Using combined network information to predict mobile application usage},
  author={Jiang, Yubo and Du, Xin and Jin, Tao},
  journal={Physica A: Statistical Mechanics and its Applications},
  volume={515},
  pages={430--439},
  year={2019},
  publisher={Elsevier}
}

@inproceedings{khaokaew2021cosem,
  title={Cosem: Contextual and semantic embedding for app usage prediction},
  author={Khaokaew, Yonchanok and Rahaman, Mohammad Saiedur and White, Ryen W and Salim, Flora D},
  booktitle={Proceedings of the 30th ACM International Conference on Information \& Knowledge Management},
  pages={3137--3141},
  year={2021}
}

@article{khaokaew2024maple,
  title={MAPLE: Mobile App Prediction Leveraging Large Language Model Embeddings},
  author={Khaokaew, Yonchanok and Xue, Hao and Salim, Flora D},
  journal={Proceedings of the ACM on Interactive, Mobile, Wearable and Ubiquitous Technologies},
  volume={8},
  number={1},
  pages={1--25},
  year={2024},
  publisher={ACM New York, NY, USA}
}

@inproceedings{natarajan2013app,
  title={Which app will you use next? Collaborative filtering with interactional context},
  author={Natarajan, Nagarajan and Shin, Donghyuk and Dhillon, Inderjit S},
  booktitle={Proceedings of the 7th ACM Conference on Recommender Systems},
  pages={201--208},
  year={2013}
}

@article{ouyang2022learning,
  title={Learning dynamic app usage graph for next mobile app recommendation},
  author={Ouyang, Yi and Guo, Bin and Wang, Qianru and Liang, Yunji and Yu, Zhiwen},
  journal={IEEE Transactions on mobile Computing},
  volume={22},
  number={8},
  pages={4742--4753},
  year={2022},
  publisher={IEEE}
}

@inproceedings{shen2023ginapp,
  title={GinApp: An Inductive Graph Learning based Framework for Mobile Application Usage Prediction},
  author={Shen, Zhihao and Zhao, Xi and Zou, Jianhua},
  booktitle={IEEE INFOCOM 2023-IEEE Conference on Computer Communications},
  pages={1--10},
  year={2023},
  organization={IEEE}
}

@inproceedings{shin2012understanding,
  title={Understanding and prediction of mobile application usage for smart phones},
  author={Shin, Choonsung and Hong, Jin-Hyuk and Dey, Anind K},
  booktitle={proceedings of the 2012 ACM conference on ubiquitous computing},
  pages={173--182},
  year={2012}
}

@article{sun2025appformer,
  title={Appformer: A novel framework for mobile app usage prediction leveraging progressive multi-modal data fusion and feature extraction},
  author={Sun, Chuike and Chen, Junzhou and Zhao, Yue and Han, Hao and Jing, Ruihai and Tan, Guang and Wu, Di},
  journal={Expert Systems with Applications},
  volume={265},
  pages={125903},
  year={2025},
  publisher={Elsevier}
}

@inproceedings{tian2020cohort,
  title={Cohort modeling based app category usage prediction},
  author={Tian, Yuan and Zhou, Ke and Lalmas, Mounia and Liu, Yiqun and Pelleg, Dan},
  booktitle={Proceedings of the 28th ACM Conference on User Modeling, Adaptation and Personalization},
  pages={248--256},
  year={2020}
}

@article{wang2021app2vec,
  title={App2Vec: Context-aware application usage prediction},
  author={Wang, Huandong and Li, Yong and Du, Mu and Li, Zhenhui and Jin, Depeng},
  journal={ACM Transactions on Knowledge Discovery from Data (TKDD)},
  volume={15},
  number={6},
  pages={1--21},
  year={2021},
  publisher={ACM New York, NY}
}

@inproceedings{wu2019session,
  title={Session-based recommendation with graph neural networks},
  author={Wu, Shu and Tang, Yuyuan and Zhu, Yanqiao and Wang, Liang and Xie, Xing and Tan, Tieniu},
  booktitle={Proceedings of the AAAI conference on artificial intelligence},
  volume={33},
  pages={346--353},
  year={2019}
}

@article{xia2020deepapp,
  title={DeepApp: Predicting personalized smartphone app usage via context-aware multi-task learning},
  author={Xia, Tong and Li, Yong and Feng, Jie and Jin, Depeng and Zhang, Qing and Luo, Hengliang and Liao, Qingmin},
  journal={ACM Transactions on Intelligent Systems and Technology (TIST)},
  volume={11},
  number={6},
  pages={1--12},
  year={2020},
  publisher={ACM New York, NY, USA}
}

@article{yang2023atpp,
  title={ATPP: A mobile app prediction system based on deep marked temporal point processes},
  author={Yang, Kang and Zhao, Xi and Zou, Jianhua and Du, Wan},
  journal={ACM Transactions on Sensor Networks},
  volume={19},
  number={3},
  pages={1--24},
  year={2023},
  publisher={ACM New York, NY}
}

@article{yu2020semantic,
  title={Semantic-aware spatio-temporal app usage representation via graph convolutional network},
  author={Yu, Yue and Xia, Tong and Wang, Huandong and Feng, Jie and Li, Yong},
  journal={Proceedings of the ACM on Interactive, Mobile, Wearable and Ubiquitous Technologies},
  volume={4},
  number={3},
  pages={1--24},
  year={2020},
  publisher={ACM New York, NY, USA}
}

@article{zeng2024ddhcn,
  title={DDHCN: Dual decoder Hyperformer convolutional network for Downstream-Adaptable user representation learning on app usage},
  author={Zeng, Fanrui and Li, Yizhou and Xiao, Jiamin and Yang, Denghui},
  journal={Expert Systems with Applications},
  volume={237},
  pages={121564},
  year={2024},
  publisher={Elsevier}
}

@article{zhou2020graph,
  title={Graph-based method for app usage prediction with attributed heterogeneous network embedding},
  author={Zhou, Yifei and Li, Shaoyong and Liu, Yaping},
  journal={Future Internet},
  volume={12},
  number={3},
  pages={58},
  year={2020},
  publisher={MDPI}
}

@inproceedings{zou2013prophet,
  title={Prophet: What app you wish to use next},
  author={Zou, Xun and Zhang, Wangsheng and Li, Shijian and Pan, Gang},
  booktitle={Proceedings of the 2013 ACM conference on Pervasive and ubiquitous computing adjunct publication},
  pages={167--170},
  year={2013}
}

