@ARTICLE{10293172,
  author={Guo, Lingyue and Gao, Zeyu and Qu, Jinye and Zheng, Suiwu and Jiang, Runhao and Lu, Yanfeng and Qiao, Hong},
  journal={IEEE Transactions on Cognitive and Developmental Systems}, 
  title={Transformer-Based Spiking Neural Networks for Multimodal Audiovisual Classification}, 
  year={2024},
  volume={16},
  number={3},
  pages={1077-1086},
  keywords={Neurons;Visualization;Task analysis;Membrane potentials;Transformers;Biological system modeling;Micromechanical devices;Audiovisual classification;audiovisual data sets;multimodal recognition;spiking neural network (SNN)},
  doi={10.1109/TCDS.2023.3327081}}

@ARTICLE{8937495,
  author={Kansizoglou, Ioannis and Bampis, Loukas and Gasteratos, Antonios},
  journal={IEEE Transactions on Affective Computing}, 
  title={An Active Learning Paradigm for Online Audio-Visual Emotion Recognition}, 
  year={2022},
  volume={13},
  number={2},
  pages={756-768},
  keywords={Feature extraction;Emotion recognition;Computer architecture;Visualization;Robots;Monitoring;Data mining;Multi-modal emotion recognition;sensor fusion;deep reinforcement learning;emotion in human-computer interaction},
  doi={10.1109/TAFFC.2019.2961089}}

@article{adeli2018semi,
  title={Semi-supervised discriminative classification robust to sample-outliers and feature-noises},
  author={Adeli, Ehsan and Thung, Kim-Han and An, Le and Wu, Guorong and Shi, Feng and Wang, Tao and Shen, Dinggang},
  journal={IEEE transactions on pattern analysis and machine intelligence},
  volume={41},
  number={2},
  pages={515--522},
  year={2018},
  publisher={IEEE}
}

@article{bu2023optimal,
  title={Optimal ANN-SNN conversion for high-accuracy and ultra-low-latency spiking neural networks},
  author={Bu, Tong and Fang, Wei and Ding, Jianhao and Dai, PengLin and Yu, Zhaofei and Huang, Tiejun},
  journal={arXiv preprint arXiv:2303.04347},
  year={2023}
}

@article{davies2021advancing,
  title={Advancing neuromorphic computing with loihi: A survey of results and outlook},
  author={Davies, Mike and Wild, Andreas and Orchard, Garrick and Sandamirskaya, Yulia and Guerra, Gabriel A Fonseca and Joshi, Prasad and Plank, Philipp and Risbud, Sumedh R},
  journal={Proceedings of the IEEE},
  volume={109},
  number={5},
  pages={911--934},
  year={2021},
  publisher={IEEE}
}

@inproceedings{deng2019arcface,
  title={Arcface: Additive angular margin loss for deep face recognition},
  author={Deng, Jiankang and Guo, Jia and Xue, Niannan and Zafeiriou, Stefanos},
  booktitle={Proceedings of the IEEE/CVF conference on computer vision and pattern recognition},
  pages={4690--4699},
  year={2019}
}

@article{deng2022temporal,
  title={Temporal efficient training of spiking neural network via gradient re-weighting},
  author={Deng, Shikuang and Li, Yuhang and Zhang, Shanghang and Gu, Shi},
  journal={arXiv preprint arXiv:2202.11946},
  year={2022}
}

@inproceedings{ebrahimi2015recurrent,
  title={Recurrent neural networks for emotion recognition in video},
  author={Ebrahimi Kahou, Samira and Michalski, Vincent and Konda, Kishore and Memisevic, Roland and Pal, Christopher},
  booktitle={Proceedings of the 2015 ACM on international conference on multimodal interaction},
  pages={467--474},
  year={2015}
}

@inproceedings{eyben2011audiovisual,
  title={Audiovisual classification of vocal outbursts in human conversation using long-short-term memory networks},
  author={Eyben, Florian and Petridis, Stavros and Schuller, Bj{\"o}rn and Tzimiropoulos, George and Zafeiriou, Stefanos and Pantic, Maja},
  booktitle={2011 IEEE International Conference on Acoustics, Speech and Signal Processing (ICASSP)},
  pages={5844--5847},
  year={2011},
  organization={IEEE}
}

@article{fang2021deep,
  title={Deep residual learning in spiking neural networks},
  author={Fang, Wei and Yu, Zhaofei and Chen, Yanqi and Huang, Tiejun and Masquelier, Timoth{\'e}e and Tian, Yonghong},
  journal={Advances in Neural Information Processing Systems},
  volume={34},
  pages={21056--21069},
  year={2021}
}

@inproceedings{feng2017audio,
  title={Audio visual speech recognition with multimodal recurrent neural networks},
  author={Feng, Weijiang and Guan, Naiyang and Li, Yuan and Zhang, Xiang and Luo, Zhigang},
  booktitle={2017 International Joint Conference on neural networks (IJCNN)},
  pages={681--688},
  year={2017},
  organization={IEEE}
}

@inproceedings{guo2023membrane,
  title={Membrane potential batch normalization for spiking neural networks},
  author={Guo, Yufei and Zhang, Yuhan and Chen, Yuanpei and Peng, Weihang and Liu, Xiaode and Zhang, Liwen and Huang, Xuhui and Ma, Zhe},
  booktitle={Proceedings of the IEEE/CVF International Conference on Computer Vision},
  pages={19420--19430},
  year={2023}
}

@article{hao2020biologically,
  title={A biologically plausible supervised learning method for spiking neural networks using the symmetric STDP rule},
  author={Hao, Yunzhe and Huang, Xuhui and Dong, Meng and Xu, Bo},
  journal={Neural Networks},
  volume={121},
  pages={387--395},
  year={2020},
  publisher={Elsevier}
}

@article{hu2021spiking,
  title={Spiking deep residual networks},
  author={Hu, Yangfan and Tang, Huajin and Pan, Gang},
  journal={IEEE Transactions on Neural Networks and Learning Systems},
  volume={34},
  number={8},
  pages={5200--5205},
  year={2021},
  publisher={IEEE}
}

@article{iakymchuk2015simplified,
  title={Simplified spiking neural network architecture and STDP learning algorithm applied to image classification},
  author={Iakymchuk, Taras and Rosado-Mu{\~n}oz, Alfredo and Guerrero-Mart{\'\i}nez, Juan F and Bataller-Mompe{\'a}n, Manuel and Franc{\'e}s-V{\'\i}llora, Jose V},
  journal={EURASIP Journal on Image and Video Processing},
  volume={2015},
  pages={1--11},
  year={2015},
  publisher={Springer}
}

@article{kheradpisheh2018stdp,
  title={STDP-based spiking deep convolutional neural networks for object recognition},
  author={Kheradpisheh, Saeed Reza and Ganjtabesh, Mohammad and Thorpe, Simon J and Masquelier, Timoth{\'e}e},
  journal={Neural Networks},
  volume={99},
  pages={56--67},
  year={2018},
  publisher={Elsevier}
}

@article{lee2020enabling,
  title={Enabling spike-based backpropagation for training deep neural network architectures},
  author={Lee, Chankyu and Sarwar, Syed Shakib and Panda, Priyadarshini and Srinivasan, Gopalakrishnan and Roy, Kaushik},
  journal={Frontiers in neuroscience},
  volume={14},
  pages={497482},
  year={2020},
  publisher={Frontiers}
}

@article{liu2016large,
  title={Large-margin softmax loss for convolutional neural networks},
  author={Liu, Weiyang and Wen, Yandong and Yu, Zhiding and Yang, Meng},
  journal={arXiv preprint arXiv:1612.02295},
  year={2016}
}

@article{liu2017deep,
  title={Deep hyperspherical learning},
  author={Liu, Weiyang and Zhang, Yan-Ming and Li, Xingguo and Yu, Zhiding and Dai, Bo and Zhao, Tuo and Song, Le},
  journal={Advances in neural information processing systems},
  volume={30},
  year={2017}
}

@inproceedings{liu2017sphereface,
  title={Sphereface: Deep hypersphere embedding for face recognition},
  author={Liu, Weiyang and Wen, Yandong and Yu, Zhiding and Li, Ming and Raj, Bhiksha and Song, Le},
  booktitle={Proceedings of the IEEE conference on computer vision and pattern recognition},
  pages={212--220},
  year={2017}
}

@inproceedings{liu2022event,
  title={Event-based multimodal spiking neural network with attention mechanism},
  author={Liu, Qianhui and Xing, Dong and Feng, Lang and Tang, Huajin and Pan, Gang},
  booktitle={ICASSP 2022-2022 IEEE International Conference on Acoustics, Speech and Signal Processing (ICASSP)},
  pages={8922--8926},
  year={2022},
  organization={IEEE}
}

@inproceedings{makino2019recurrent,
  title={Recurrent neural network transducer for audio-visual speech recognition},
  author={Makino, Takaki and Liao, Hank and Assael, Yannis and Shillingford, Brendan and Garcia, Basilio and Braga, Otavio and Siohan, Olivier},
  booktitle={2019 IEEE automatic speech recognition and understanding workshop (ASRU)},
  pages={905--912},
  year={2019},
  organization={IEEE}
}

@inproceedings{massa2020efficient,
  title={An efficient spiking neural network for recognizing gestures with a dvs camera on the loihi neuromorphic processor},
  author={Massa, Riccardo and Marchisio, Alberto and Martina, Maurizio and Shafique, Muhammad},
  booktitle={2020 International Joint Conference on Neural Networks (IJCNN)},
  pages={1--9},
  year={2020},
  organization={IEEE}
}

@inproceedings{meng2023towards,
  title={Towards memory-and time-efficient backpropagation for training spiking neural networks},
  author={Meng, Qingyan and Xiao, Mingqing and Yan, Shen and Wang, Yisen and Lin, Zhouchen and Luo, Zhi-Quan},
  booktitle={Proceedings of the IEEE/CVF International Conference on Computer Vision},
  pages={6166--6176},
  year={2023}
}

@article{metallinou2012context,
  title={Context-sensitive learning for enhanced audiovisual emotion classification},
  author={Metallinou, Angeliki and Wollmer, Martin and Katsamanis, Athanasios and Eyben, Florian and Schuller, Bjorn and Narayanan, Shrikanth},
  journal={IEEE Transactions on Affective Computing},
  volume={3},
  number={2},
  pages={184--198},
  year={2012},
  publisher={IEEE}
}

@inproceedings{natarajan2012multimodal,
  title={Multimodal feature fusion for robust event detection in web videos},
  author={Natarajan, Pradeep and Wu, Shuang and Vitaladevuni, Shiv and Zhuang, Xiaodan and Tsakalidis, Stavros and Park, Unsang and Prasad, Rohit and Natarajan, Premkumar},
  booktitle={2012 IEEE Conference on Computer Vision and Pattern Recognition},
  pages={1298--1305},
  year={2012},
  organization={IEEE}
}

@article{rathi2018stdp,
  title={STDP based unsupervised multimodal learning with cross-modal processing in spiking neural networks},
  author={Rathi, Nitin and Roy, Kaushik},
  journal={IEEE Transactions on Emerging Topics in Computational Intelligence},
  volume={5},
  number={1},
  pages={143--153},
  year={2018},
  publisher={IEEE}
}

@article{sengupta2019going,
  title={Going deeper in spiking neural networks: VGG and residual architectures},
  author={Sengupta, Abhronil and Ye, Yuting and Wang, Robert and Liu, Chiao and Roy, Kaushik},
  journal={Frontiers in neuroscience},
  volume={13},
  pages={95},
  year={2019},
  publisher={Frontiers Media SA}
}

@inproceedings{shi2024spikingresformer,
  title={SpikingResformer: Bridging ResNet and Vision Transformer in Spiking Neural Networks},
  author={Shi, Xinyu and Hao, Zecheng and Yu, Zhaofei},
  booktitle={Proceedings of the IEEE/CVF Conference on Computer Vision and Pattern Recognition},
  pages={5610--5619},
  year={2024}
}

@article{sun2014deep,
  title={Deep learning face representation by joint identification-verification},
  author={Sun, Yi and Chen, Yuheng and Wang, Xiaogang and Tang, Xiaoou},
  journal={Advances in neural information processing systems},
  volume={27},
  year={2014}
}

@inproceedings{wang2023new,
  title={A New ANN-SNN Conversion Method with High Accuracy, Low Latency and Good Robustness.},
  author={Wang, Bingsen and Cao, Jian and Chen, Jue and Feng, Shuo and Wang, Yuan},
  booktitle={IJCAI},
  pages={3067--3075},
  year={2023}
}

@article{wang2024universal,
  title={A universal ANN-to-SNN framework for achieving high accuracy and low latency deep Spiking Neural Networks},
  author={Wang, Yuchen and Liu, Hanwen and Zhang, Malu and Luo, Xiaoling and Qu, Hong},
  journal={Neural Networks},
  volume={174},
  pages={106244},
  year={2024},
  publisher={Elsevier}
}

@inproceedings{wei2023temporal,
  title={Temporal-coded spiking neural networks with dynamic firing threshold: Learning with event-driven backpropagation},
  author={Wei, Wenjie and Zhang, Malu and Qu, Hong and Belatreche, Ammar and Zhang, Jian and Chen, Hong},
  booktitle={Proceedings of the IEEE/CVF International Conference on Computer Vision},
  pages={10552--10562},
  year={2023}
}

@inproceedings{wen2016discriminative,
  title={A discriminative feature learning approach for deep face recognition},
  author={Wen, Yandong and Zhang, Kaipeng and Li, Zhifeng and Qiao, Yu},
  booktitle={Computer vision--ECCV 2016: 14th European conference, amsterdam, the netherlands, October 11--14, 2016, proceedings, part VII 14},
  pages={499--515},
  year={2016},
  organization={Springer}
}

@inproceedings{zheng2021going,
  title={Going deeper with directly-trained larger spiking neural networks},
  author={Zheng, Hanle and Wu, Yujie and Deng, Lei and Hu, Yifan and Li, Guoqi},
  booktitle={Proceedings of the AAAI conference on artificial intelligence},
  volume={35},
  number={12},
  pages={11062--11070},
  year={2021}
}

@article{zhou2023spikingformer,
  title={Spikingformer: Spike-driven residual learning for transformer-based spiking neural network},
  author={Zhou, Chenlin and Yu, Liutao and Zhou, Zhaokun and Ma, Zhengyu and Zhang, Han and Zhou, Huihui and Tian, Yonghong},
  journal={arXiv preprint arXiv:2304.11954},
  year={2023}
}

