@article{kansizoglou2022active,
  title={An Active Learning Paradigm for Online Audio-Visual Emotion Recognition},
  author={Kansizoglou, Ioannis and Bampis, Loukas and Gasteratos, Antonios},
  journal={IEEE Trans. Affect. Comput.},
  volume={13},
  pages={756--768},
  year={2022}
}

@INPROCEEDINGS{7723730,
  author={Li, Da and Chen, Xinbo and Becchi, Michela and Zong, Ziliang},
  booktitle={2016 IEEE International Conferences on Big Data and Cloud Computing (BDCloud), Social Computing and Networking (SocialCom), Sustainable Computing and Communications (SustainCom) (BDCloud-SocialCom-SustainCom)}, 
  title={Evaluating the Energy Efficiency of Deep Convolutional Neural Networks on CPUs and GPUs}, 
  year={2016},
  volume={},
  number={},
  pages={477-484},
  keywords={Graphics processing units;Biological neural networks;Training;Energy efficiency;Machine learning;Energy consumption;Hardware;energy-efficiency;neural networks;deep learning;GPUs},
  doi={10.1109/BDCloud-SocialCom-SustainCom.2016.76}}
@article{gerstner1999spike,
  title={The spike response model},
  author={Gerstner, Wulfram},
  journal={The Handbook of Biological Physics},
  volume={4},
  pages={469--516},
  year={1999}
}

@article{sze2017efficient,
  title={Efficient processing of deep neural networks: A tutorial and survey},
  author={Sze, Vivienne and Chen, Yu-Hsin and Yang, Tien-Ju and Emer, Joel S},
  journal={Proceedings of the IEEE},
  volume={105},
  number={12},
  pages={2295--2329},
  year={2017},
  publisher={Ieee}
}
@inproceedings{szegedy2015going,
  title={Going deeper with convolutions},
  author={Szegedy, Christian and Liu, Wei and Jia, Yangqing and Sermanet, Pierre and Reed, Scott and Anguelov, Dragomir and Erhan, Dumitru and Vanhoucke, Vincent and Rabinovich, Andrew},
  booktitle={Proceedings of the IEEE conference on computer vision and pattern recognition},
  pages={1--9},
  year={2015}
}
@inproceedings{touvron2021going,
  title={Going deeper with image transformers},
  author={Touvron, Hugo and Cord, Matthieu and Sablayrolles, Alexandre and Synnaeve, Gabriel and J{\'e}gou, Herv{\'e}},
  booktitle={Proceedings of the IEEE/CVF international conference on computer vision},
  pages={32--42},
  year={2021}
}
@inproceedings{he2016deep,
  title={Deep residual learning for image recognition},
  author={He, Kaiming and Zhang, Xiangyu and Ren, Shaoqing and Sun, Jian},
  booktitle={Proceedings of the IEEE conference on computer vision and pattern recognition},
  pages={770--778},
  year={2016}
}
@inproceedings{he2015convolutional,
  title={Convolutional neural networks at constrained time cost},
  author={He, Kaiming and Sun, Jian},
  booktitle={Proceedings of the IEEE conference on computer vision and pattern recognition},
  pages={5353--5360},
  year={2015}
}
@article{srivastava2015highway,
  title={Highway networks},
  author={Srivastava, Rupesh Kumar and Greff, Klaus and Schmidhuber, J{\"u}rgen},
  journal={arXiv preprint arXiv:1505.00387},
  year={2015}
}
@article{shafiq2022deep,
  title={Deep residual learning for image recognition: A survey},
  author={Shafiq, Muhammad and Gu, Zhaoquan},
  journal={Applied Sciences},
  volume={12},
  number={18},
  pages={8972},
  year={2022},
  publisher={MDPI}
}
@article{zhang2017residual,
  title={Residual networks of residual networks: Multilevel residual networks},
  author={Zhang, Ke and Sun, Miao and Han, Tony X and Yuan, Xingfang and Guo, Liru and Liu, Tao},
  journal={IEEE Transactions on Circuits and Systems for Video Technology},
  volume={28},
  number={6},
  pages={1303--1314},
  year={2017},
  publisher={IEEE}
}
@ARTICLE{5585775,
  author={Wade, John J. and McDaid, Liam J. and Santos, Jose A. and Sayers, Heather M.},
  journal={IEEE Transactions on Neural Networks}, 
  title={SWAT: A Spiking Neural Network Training Algorithm for Classification Problems}, 
  year={2010},
  volume={21},
  number={11},
  pages={1817-1830},
  keywords={Neurons;Topology;Frequency shift keying;Network topology;Benchmark testing;Automatic speech recognition;Automatic speech recognition;Bienenstock–Cooper—Munro;dynamic synapses;spike timing dependent plasticity;spiking neural networks},
  doi={10.1109/TNN.2010.2074212}}

@article{ponulak2010supervised,
  title={Supervised learning in spiking neural networks with ReSuMe: sequence learning, classification, and spike shifting},
  author={Ponulak, Filip and Kasi{\'n}ski, Andrzej},
  journal={Neural computation},
  volume={22},
  number={2},
  pages={467--510},
  year={2010},
  publisher={MIT Press One Rogers Street, Cambridge, MA 02142-1209, USA journals-info~…}
}
@inproceedings{fan2024sfod,
  title={SFOD: Spiking Fusion Object Detector},
  author={Fan, Yimeng and Zhang, Wei and Liu, Changsong and Li, Mingyang and Lu, Wenrui},
  booktitle={Proceedings of the IEEE/CVF Conference on Computer Vision and Pattern Recognition},
  pages={17191--17200},
  year={2024}
}
@article{oik2023hybrid,
  title={A hybrid spiking neural network reinforcement learning agent for energy-efficient object manipulation},
  author={Oikonomou, Katerina Maria and Kansizoglou, Ioannis and Gasteratos, Antonios},
  journal={Machines},
  volume={11},
  number={2},
  pages={162},
  year={2023},
  publisher={MDPI}
}
@article{oikonomou2023hybrid,
  title={A hybrid reinforcement learning approach with a spiking actor network for efficient robotic arm target reaching},
  author={Oikonomou, Katerina Maria and Kansizoglou, Ioannis and Gasteratos, Antonios},
  journal={IEEE Robotics and Automation Letters},
  volume={8},
  number={5},
  pages={3007--3014},
  year={2023},
  publisher={IEEE}
}
@INPROCEEDINGS{9340948,
  author={Tang, Guangzhi and Kumar, Neelesh and Michmizos, Konstantinos P.},
  booktitle={2020 IEEE/RSJ International Conference on Intelligent Robots and Systems (IROS)}, 
  title={Reinforcement co-Learning of Deep and Spiking Neural Networks for Energy-Efficient Mapless Navigation with Neuromorphic Hardware}, 
  year={2020},
  volume={},
  number={},
  pages={6090-6097},
  keywords={Navigation;Neuromorphics;Energy efficiency;Hardware;Mobile robots;Biological neural networks;Intelligent robots},
  doi={10.1109/IROS45743.2020.9340948}}
@ARTICLE{9674199,
  author={Mavridis, Christos N. and Baras, John S.},
  journal={IEEE Transactions on Neural Networks and Learning Systems}, 
  title={Online Deterministic Annealing for Classification and Clustering}, 
  year={2023},
  volume={34},
  number={10},
  pages={7125-7134},
  keywords={Optimization;Vector quantization;Distortion measurement;Stochastic processes;Machine learning algorithms;Approximation algorithms;Data models;Annealing optimization;Bregman divergences;classification;clustering;machine learning algorithms;progressive learning},
  doi={10.1109/TNNLS.2021.3138676}}
@article{ding2021optimal,
  title={Optimal ann-snn conversion for fast and accurate inference in deep spiking neural networks},
  author={Ding, Jianhao and Yu, Zhaofei and Tian, Yonghong and Huang, Tiejun},
  journal={arXiv preprint arXiv:2105.11654},
  year={2021}
}
@ARTICLE{10285018,
  author={Liu, Shiya and Liang, Yibin and Yi, Yang},
  journal={IEEE Transactions on Sustainable Computing}, 
  title={DNN-SNN Co-Learning for Sustainable Symbol Detection in 5G Systems on Loihi Chip}, 
  year={2024},
  volume={9},
  number={2},
  pages={170-181},
  keywords={Symbols;Neurons;Artificial neural networks;Adaptation models;OFDM;Task analysis;Computational modeling;Deep learning;deep neural network;knowledge distillation;machine learning;spiking neural network;sustainable MIMO symbol detection},
  doi={10.1109/TSUSC.2023.3324339}}
@article{yao2023attention,
  title={Attention spiking neural networks},
  author={Yao, Man and Zhao, Guangshe and Zhang, Hengyu and Hu, Yifan and Deng, Lei and Tian, Yonghong and Xu, Bo and Li, Guoqi},
  journal={IEEE transactions on pattern analysis and machine intelligence},
  volume={45},
  number={8},
  pages={9393--9410},
  year={2023},
  publisher={IEEE}
}

@INPROCEEDINGS{9746865,
  author={Liu, Qianhui and Xing, Dong and Feng, Lang and Tang, Huajin and Pan, Gang},
  booktitle={ICASSP 2022 - 2022 IEEE International Conference on Acoustics, Speech and Signal Processing (ICASSP)}, 
  title={Event-Based Multimodal Spiking Neural Network with Attention Mechanism}, 
  year={2022},
  volume={},
  number={},
  pages={8922-8926},
  keywords={Weight measurement;Visualization;Convolution;Conferences;Ear;Vision sensors;Retina;spiking neural networks;multimodal learning;dynamic vision sensors;dynamic audio sensors},
  doi={10.1109/ICASSP43922.2022.9746865}}
@ARTICLE{8482490,
  author={Rathi, Nitin and Roy, Kaushik},
  journal={IEEE Transactions on Emerging Topics in Computational Intelligence}, 
  title={STDP Based Unsupervised Multimodal Learning With Cross-Modal Processing in Spiking Neural Networks}, 
  year={2021},
  volume={5},
  number={1},
  pages={143-153},
  keywords={Synapses;Biological neural networks;Timing;Hidden Markov models;Unsupervised learning;Multimodal Learning;Spiking Neural Network;Spike Timing Dependent Plasticity;Unsupervised Learning;Cross-modal Connections;Synergistic Learning},
  doi={10.1109/TETCI.2018.2872014}}
@ARTICLE{10293172,
  author={Guo, Lingyue and Gao, Zeyu and Qu, Jinye and Zheng, Suiwu and Jiang, Runhao and Lu, Yanfeng and Qiao, Hong},
  journal={IEEE Transactions on Cognitive and Developmental Systems}, 
  title={Transformer-Based Spiking Neural Networks for Multimodal Audiovisual Classification}, 
  year={2024},
  volume={16},
  number={3},
  pages={1077-1086},
  keywords={Neurons;Visualization;Task analysis;Membrane potentials;Transformers;Biological system modeling;Micromechanical devices;Audiovisual classification;audiovisual data sets;multimodal recognition;spiking neural network (SNN)},
  doi={10.1109/TCDS.2023.3327081}}
@article{neftci2019surrogate,
  title={Surrogate gradient learning in spiking neural networks: Bringing the power of gradient-based optimization to spiking neural networks},
  author={Neftci, Emre O and Mostafa, Hesham and Zenke, Friedemann},
  journal={IEEE Signal Processing Magazine},
  volume={36},
  number={6},
  pages={51--63},
  year={2019},
  publisher={IEEE}
}
@article{zenke2021remarkable,
  title={The remarkable robustness of surrogate gradient learning for instilling complex function in spiking neural networks},
  author={Zenke, Friedemann and Vogels, Tim P},
  journal={Neural computation},
  volume={33},
  number={4},
  pages={899--925},
  year={2021},
  publisher={MIT Press One Rogers Street, Cambridge, MA 02142-1209, USA journals-info~…}
}
@article{deng2022temporal,
  title={Temporal efficient training of spiking neural network via gradient re-weighting},
  author={Deng, Shikuang and Li, Yuhang and Zhang, Shanghang and Gu, Shi},
  journal={arXiv preprint arXiv:2202.11946},
  year={2022}
}
@inproceedings{guo2023membrane,
  title={Membrane potential batch normalization for spiking neural networks},
  author={Guo, Yufei and Zhang, Yuhan and Chen, Yuanpei and Peng, Weihang and Liu, Xiaode and Zhang, Liwen and Huang, Xuhui and Ma, Zhe},
  booktitle={Proceedings of the IEEE/CVF International Conference on Computer Vision},
  pages={19420--19430},
  year={2023}
}


@inproceedings{meng2023towards,
  title={Towards memory-and time-efficient backpropagation for training spiking neural networks},
  author={Meng, Qingyan and Xiao, Mingqing and Yan, Shen and Wang, Yisen and Lin, Zhouchen and Luo, Zhi-Quan},
  booktitle={Proceedings of the IEEE/CVF International Conference on Computer Vision},
  pages={6166--6176},
  year={2023}
}
@inproceedings{wei2023temporal,
  title={Temporal-coded spiking neural networks with dynamic firing threshold: Learning with event-driven backpropagation},
  author={Wei, Wenjie and Zhang, Malu and Qu, Hong and Belatreche, Ammar and Zhang, Jian and Chen, Hong},
  booktitle={Proceedings of the IEEE/CVF International Conference on Computer Vision},
  pages={10552--10562},
  year={2023}
}
@article{sengupta2019going,
  title={Going deeper in spiking neural networks: VGG and residual architectures},
  author={Sengupta, Abhronil and Ye, Yuting and Wang, Robert and Liu, Chiao and Roy, Kaushik},
  journal={Frontiers in neuroscience},
  volume={13},
  pages={95},
  year={2019},
  publisher={Frontiers Media SA}
}
@inproceedings{shi2024spikingresformer,
  title={SpikingResformer: Bridging ResNet and Vision Transformer in Spiking Neural Networks},
  author={Shi, Xinyu and Hao, Zecheng and Yu, Zhaofei},
  booktitle={Proceedings of the IEEE/CVF Conference on Computer Vision and Pattern Recognition},
  pages={5610--5619},
  year={2024}
}
@inproceedings{zheng2021going,
  title={Going deeper with directly-trained larger spiking neural networks},
  author={Zheng, Hanle and Wu, Yujie and Deng, Lei and Hu, Yifan and Li, Guoqi},
  booktitle={Proceedings of the AAAI conference on artificial intelligence},
  volume={35},
  number={12},
  pages={11062--11070},
  year={2021}
}
@article{fang2021deep,
  title={Deep residual learning in spiking neural networks},
  author={Fang, Wei and Yu, Zhaofei and Chen, Yanqi and Huang, Tiejun and Masquelier, Timoth{\'e}e and Tian, Yonghong},
  journal={Advances in Neural Information Processing Systems},
  volume={34},
  pages={21056--21069},
  year={2021}
}
@article{zhou2023spikingformer,
  title={Spikingformer: Spike-driven residual learning for transformer-based spiking neural network},
  author={Zhou, Chenlin and Yu, Liutao and Zhou, Zhaokun and Ma, Zhengyu and Zhang, Han and Zhou, Huihui and Tian, Yonghong},
  journal={arXiv preprint arXiv:2304.11954},
  year={2023}
}
@article{hu2021spiking,
  title={Spiking deep residual networks},
  author={Hu, Yangfan and Tang, Huajin and Pan, Gang},
  journal={IEEE Transactions on Neural Networks and Learning Systems},
  volume={34},
  number={8},
  pages={5200--5205},
  year={2021},
  publisher={IEEE}
}
@article{iakymchuk2015simplified,
  title={Simplified spiking neural network architecture and STDP learning algorithm applied to image classification},
  author={Iakymchuk, Taras and Rosado-Mu{\~n}oz, Alfredo and Guerrero-Mart{\'\i}nez, Juan F and Bataller-Mompe{\'a}n, Manuel and Franc{\'e}s-V{\'\i}llora, Jose V},
  journal={EURASIP Journal on Image and Video Processing},
  volume={2015},
  pages={1--11},
  year={2015},
  publisher={Springer}
}
@article{hao2020biologically,
  title={A biologically plausible supervised learning method for spiking neural networks using the symmetric STDP rule},
  author={Hao, Yunzhe and Huang, Xuhui and Dong, Meng and Xu, Bo},
  journal={Neural Networks},
  volume={121},
  pages={387--395},
  year={2020},
  publisher={Elsevier}
}
@article{kheradpisheh2018stdp,
  title={STDP-based spiking deep convolutional neural networks for object recognition},
  author={Kheradpisheh, Saeed Reza and Ganjtabesh, Mohammad and Thorpe, Simon J and Masquelier, Timoth{\'e}e},
  journal={Neural Networks},
  volume={99},
  pages={56--67},
  year={2018},
  publisher={Elsevier}
}
@article{bu2023optimal,
  title={Optimal ANN-SNN conversion for high-accuracy and ultra-low-latency spiking neural networks},
  author={Bu, Tong and Fang, Wei and Ding, Jianhao and Dai, PengLin and Yu, Zhaofei and Huang, Tiejun},
  journal={arXiv preprint arXiv:2303.04347},
  year={2023}
}
@article{wang2024universal,
  title={A universal ANN-to-SNN framework for achieving high accuracy and low latency deep Spiking Neural Networks},
  author={Wang, Yuchen and Liu, Hanwen and Zhang, Malu and Luo, Xiaoling and Qu, Hong},
  journal={Neural Networks},
  volume={174},
  pages={106244},
  year={2024},
  publisher={Elsevier}
}
@inproceedings{wang2023new,
  title={A New ANN-SNN Conversion Method with High Accuracy, Low Latency and Good Robustness.},
  author={Wang, Bingsen and Cao, Jian and Chen, Jue and Feng, Shuo and Wang, Yuan},
  booktitle={IJCAI},
  pages={3067--3075},
  year={2023}
}
@article{davies2021advancing,
  title={Advancing neuromorphic computing with loihi: A survey of results and outlook},
  author={Davies, Mike and Wild, Andreas and Orchard, Garrick and Sandamirskaya, Yulia and Guerra, Gabriel A Fonseca and Joshi, Prasad and Plank, Philipp and Risbud, Sumedh R},
  journal={Proceedings of the IEEE},
  volume={109},
  number={5},
  pages={911--934},
  year={2021},
  publisher={IEEE}
}
@inproceedings{massa2020efficient,
  title={An efficient spiking neural network for recognizing gestures with a dvs camera on the loihi neuromorphic processor},
  author={Massa, Riccardo and Marchisio, Alberto and Martina, Maurizio and Shafique, Muhammad},
  booktitle={2020 International Joint Conference on Neural Networks (IJCNN)},
  pages={1--9},
  year={2020},
  organization={IEEE}
}
@ARTICLE{8937495,
  author={Kansizoglou, Ioannis and Bampis, Loukas and Gasteratos, Antonios},
  journal={IEEE Transactions on Affective Computing}, 
  title={An Active Learning Paradigm for Online Audio-Visual Emotion Recognition}, 
  year={2022},
  volume={13},
  number={2},
  pages={756-768},
  keywords={Feature extraction;Emotion recognition;Computer architecture;Visualization;Robots;Monitoring;Data mining;Multi-modal emotion recognition;sensor fusion;deep reinforcement learning;emotion in human-computer interaction},
  doi={10.1109/TAFFC.2019.2961089}}

@inproceedings{ebrahimi2015recurrent,
  title={Recurrent neural networks for emotion recognition in video},
  author={Ebrahimi Kahou, Samira and Michalski, Vincent and Konda, Kishore and Memisevic, Roland and Pal, Christopher},
  booktitle={Proceedings of the 2015 ACM on international conference on multimodal interaction},
  pages={467--474},
  year={2015}
}
@inproceedings{natarajan2012multimodal,
  title={Multimodal feature fusion for robust event detection in web videos},
  author={Natarajan, Pradeep and Wu, Shuang and Vitaladevuni, Shiv and Zhuang, Xiaodan and Tsakalidis, Stavros and Park, Unsang and Prasad, Rohit and Natarajan, Premkumar},
  booktitle={2012 IEEE Conference on Computer Vision and Pattern Recognition},
  pages={1298--1305},
  year={2012},
  organization={IEEE}
}
@article{roy2019towards,
  title={Towards spike-based machine intelligence with neuromorphic computing},
  author={Roy, Kaushik and Jaiswal, Akhilesh and Panda, Priyadarshini},
  journal={Nature},
  volume={575},
  number={7784},
  pages={607--617},
  year={2019},
  publisher={Nature Publishing Group UK London}
}
@article{sun2014deep,
  title={Deep learning face representation by joint identification-verification},
  author={Sun, Yi and Chen, Yuheng and Wang, Xiaogang and Tang, Xiaoou},
  journal={Advances in neural information processing systems},
  volume={27},
  year={2014}
}
@inproceedings{wen2016discriminative,
  title={A discriminative feature learning approach for deep face recognition},
  author={Wen, Yandong and Zhang, Kaipeng and Li, Zhifeng and Qiao, Yu},
  booktitle={Computer vision--ECCV 2016: 14th European conference, amsterdam, the netherlands, October 11--14, 2016, proceedings, part VII 14},
  pages={499--515},
  year={2016},
  organization={Springer}
}
@article{adeli2018semi,
  title={Semi-supervised discriminative classification robust to sample-outliers and feature-noises},
  author={Adeli, Ehsan and Thung, Kim-Han and An, Le and Wu, Guorong and Shi, Feng and Wang, Tao and Shen, Dinggang},
  journal={IEEE transactions on pattern analysis and machine intelligence},
  volume={41},
  number={2},
  pages={515--522},
  year={2018},
  publisher={IEEE}
}
@article{liu2016large,
  title={Large-margin softmax loss for convolutional neural networks},
  author={Liu, Weiyang and Wen, Yandong and Yu, Zhiding and Yang, Meng},
  journal={arXiv preprint arXiv:1612.02295},
  year={2016}
}
@article{liu2017deep,
  title={Deep hyperspherical learning},
  author={Liu, Weiyang and Zhang, Yan-Ming and Li, Xingguo and Yu, Zhiding and Dai, Bo and Zhao, Tuo and Song, Le},
  journal={Advances in neural information processing systems},
  volume={30},
  year={2017}
}
@ARTICLE{9477034,
  author={Kansizoglou, Ioannis and Bampis, Loukas and Gasteratos, Antonios},
  journal={IEEE Transactions on Pattern Analysis and Machine Intelligence}, 
  title={Deep Feature Space: A Geometrical Perspective}, 
  year={2022},
  volume={44},
  number={10},
  pages={6823-6838},
  keywords={Standards;Physics;Deep learning;feature vector;sensor fusion;transfer learning},
  doi={10.1109/TPAMI.2021.3094625}}
@inproceedings{feng2017audio,
  title={Audio visual speech recognition with multimodal recurrent neural networks},
  author={Feng, Weijiang and Guan, Naiyang and Li, Yuan and Zhang, Xiang and Luo, Zhigang},
  booktitle={2017 International Joint Conference on neural networks (IJCNN)},
  pages={681--688},
  year={2017},
  organization={IEEE}
}
@inproceedings{makino2019recurrent,
  title={Recurrent neural network transducer for audio-visual speech recognition},
  author={Makino, Takaki and Liao, Hank and Assael, Yannis and Shillingford, Brendan and Garcia, Basilio and Braga, Otavio and Siohan, Olivier},
  booktitle={2019 IEEE automatic speech recognition and understanding workshop (ASRU)},
  pages={905--912},
  year={2019},
  organization={IEEE}
}
@inproceedings{eyben2011audiovisual,
  title={Audiovisual classification of vocal outbursts in human conversation using long-short-term memory networks},
  author={Eyben, Florian and Petridis, Stavros and Schuller, Bj{\"o}rn and Tzimiropoulos, George and Zafeiriou, Stefanos and Pantic, Maja},
  booktitle={2011 IEEE International Conference on Acoustics, Speech and Signal Processing (ICASSP)},
  pages={5844--5847},
  year={2011},
  organization={IEEE}
}
@article{metallinou2012context,
  title={Context-sensitive learning for enhanced audiovisual emotion classification},
  author={Metallinou, Angeliki and Wollmer, Martin and Katsamanis, Athanasios and Eyben, Florian and Schuller, Bjorn and Narayanan, Shrikanth},
  journal={IEEE Transactions on Affective Computing},
  volume={3},
  number={2},
  pages={184--198},
  year={2012},
  publisher={IEEE}
}
@article{rathi2018stdp,
  title={STDP based unsupervised multimodal learning with cross-modal processing in spiking neural networks},
  author={Rathi, Nitin and Roy, Kaushik},
  journal={IEEE Transactions on Emerging Topics in Computational Intelligence},
  volume={5},
  number={1},
  pages={143--153},
  year={2018},
  publisher={IEEE}
}
@inproceedings{liu2022event,
  title={Event-based multimodal spiking neural network with attention mechanism},
  author={Liu, Qianhui and Xing, Dong and Feng, Lang and Tang, Huajin and Pan, Gang},
  booktitle={ICASSP 2022-2022 IEEE International Conference on Acoustics, Speech and Signal Processing (ICASSP)},
  pages={8922--8926},
  year={2022},
  organization={IEEE}
}
@article{lee2020enabling,
  title={Enabling spike-based backpropagation for training deep neural network architectures},
  author={Lee, Chankyu and Sarwar, Syed Shakib and Panda, Priyadarshini and Srinivasan, Gopalakrishnan and Roy, Kaushik},
  journal={Frontiers in neuroscience},
  volume={14},
  pages={497482},
  year={2020},
  publisher={Frontiers}
}
@inproceedings{deng2019arcface,
  title={Arcface: Additive angular margin loss for deep face recognition},
  author={Deng, Jiankang and Guo, Jia and Xue, Niannan and Zafeiriou, Stefanos},
  booktitle={Proceedings of the IEEE/CVF conference on computer vision and pattern recognition},
  pages={4690--4699},
  year={2019}
}
@inproceedings{liu2017sphereface,
  title={Sphereface: Deep hypersphere embedding for face recognition},
  author={Liu, Weiyang and Wen, Yandong and Yu, Zhiding and Li, Ming and Raj, Bhiksha and Song, Le},
  booktitle={Proceedings of the IEEE conference on computer vision and pattern recognition},
  pages={212--220},
  year={2017}
}
@article{hunsberger2015spiking,
  title={Spiking deep networks with LIF neurons},
  author={Hunsberger, Eric and Eliasmith, Chris},
  journal={arXiv preprint arXiv:1510.08829},
  year={2015}
}
@article{kingma2014adam,
  title={Adam: A method for stochastic optimization},
  author={Kingma, Diederik P},
  journal={arXiv preprint arXiv:1412.6980},
  year={2014}
}
@inproceedings{fang2021incorporating,
  title={Incorporating learnable membrane time constant to enhance learning of spiking neural networks},
  author={Fang, Wei and Yu, Zhaofei and Chen, Yanqi and Masquelier, Timoth{\'e}e and Huang, Tiejun and Tian, Yonghong},
  booktitle={Proceedings of the IEEE/CVF international conference on computer vision},
  pages={2661--2671},
  year={2021}
}
@article{rathi2020enabling,
  title={Enabling deep spiking neural networks with hybrid conversion and spike timing dependent backpropagation},
  author={Rathi, Nitin and Srinivasan, Gopalakrishnan and Panda, Priyadarshini and Roy, Kaushik},
  journal={arXiv preprint arXiv:2005.01807},
  year={2020}
}
@article{rathi2020diet,
  title={Diet-snn: Direct input encoding with leakage and threshold optimization in deep spiking neural networks},
  author={Rathi, Nitin and Roy, Kaushik},
  journal={arXiv preprint arXiv:2008.03658},
  year={2020}
}
@article{li2021differentiable,
  title={Differentiable spike: Rethinking gradient-descent for training spiking neural networks},
  author={Li, Yuhang and Guo, Yufei and Zhang, Shanghang and Deng, Shikuang and Hai, Yongqing and Gu, Shi},
  journal={Advances in Neural Information Processing Systems},
  volume={34},
  pages={23426--23439},
  year={2021}
}
@article{guo2023transformer,
  title={Transformer-based spiking neural networks for multimodal audio-visual classification},
  author={Guo, Lingyue and Gao, Zeyu and Qu, Jinye and Zheng, Suiwu and Jiang, Runhao and Lu, Yanfeng and Qiao, Hong},
  journal={IEEE Transactions on Cognitive and Developmental Systems},
  year={2023},
  publisher={IEEE}
}

@article{zhou2022spikformer,
  title={Spikformer: When spiking neural network meets transformer},
  author={Zhou, Zhaokun and Zhu, Yuesheng and He, Chao and Wang, Yaowei and Yan, Shuicheng and Tian, Yonghong and Yuan, Li},
  journal={arXiv preprint arXiv:2209.15425},
  year={2022}
}
@phdthesis{hussaini2024spiking,
  title={Spiking Neural Networks for Scalable Visual Place Recognition},
  author={Hussaini, Somayeh},
  year={2024},
  school={Queensland University of Technology}
}
@inproceedings{paszke2017automatic,
  title={Automatic differentiation in PyTorch},
  author={Paszke, Adam and Gross, Sam and Chintala, Soumith and Chanan, Gregory and Yang, Edward and DeVito, Zachary and Lin, Zeming and Desmaison, Alban and Antiga, Luca and Lerer, Adam},
  booktitle={NIPS-W},
  year={2017}
}


@article{shimojo2001sensory,
  title={Sensory modalities are not separate modalities: plasticity and interactions},
  author={Shimojo, Shinsuke and Shams, Ladan},
  journal={Current opinion in neurobiology},
  volume={11},
  number={4},
  pages={505--509},
  year={2001},
  publisher={Elsevier}
}

@inproceedings{oikonomou2023bio,
  title={A Bio-Inspired Elderly Action Recognition System for Ambient Assisted Living},
  author={Oikonomou, Katerina Maria and Kansizoglou, Ioannis and Papapetros, Ioannis Tsampikos and Gasteratos, Antonios},
  booktitle={2023 18th International Workshop on Cellular Nanoscale Networks and their Applications (CNNA)},
  pages={1--6},
  year={2023},
  organization={IEEE}
}
