@inproceedings{dutulescu2024hard,
  title={How Hard Can This Question Be? An Exploratory Analysis of Features Assessing Question Difficulty Using LLMs},
  author={Dutulescu, Andreea and Ruseti, Stefan and Dascalu, Mihai and Mcnamara, Danielle},
  booktitle={Proceedings of the 17th International Conference on Educational Data Mining},
  pages={802--808},
  year={2024}
}

@book{lord2012applications,
  title={Applications of item response theory to practical testing problems},
  author={Lord, Frederic M},
  year={2012},
  publisher={Routledge}
}

@inproceedings{park2024large,
  title={Large Language Models are Students at Various Levels: Zero-shot Question Difficulty Estimation},
  author={Park, Jae-Woo and Park, Seong-Jin and Won, Hyun-Sik and Kim, Kang-Min},
  booktitle={Findings of the Association for Computational Linguistics: EMNLP 2024},
  pages={8157--8177},
  year={2024}
}

@article{sauberli2024automatic,
  title={Automatic generation and evaluation of reading comprehension test items with large language models},
  author={S{\"a}uberli, Andreas and Clematide, Simon},
  journal={arXiv preprint arXiv:2404.07720},
  year={2024}
}

@inproceedings{uto2023difficulty,
  title={Difficulty-controllable neural question generation for reading comprehension using item response theory},
  author={Uto, Masaki and Tomikawa, Yuto and Suzuki, Ayaka},
  booktitle={Proceedings of the 18th workshop on innovative use of NLP for building educational applications (BEA 2023)},
  pages={119--129},
  year={2023}
}

@article{van2016assessment,
  title={Assessment of fit of item response theory models used in large-scale educational survey assessments},
  author={van Rijn, Peter W and Sinharay, Sandip and Haberman, Shelby J and Johnson, Matthew S},
  journal={Large-Scale Assessments in Education},
  volume={4},
  pages={1--23},
  year={2016},
  publisher={Springer}
}

@inproceedings{xu2024adaption,
  title={Adaption-of-thought: Learning question difficulty improves large language models for reasoning},
  author={Xu, Mayi and Li, Yongqi and Sun, Ke and Qian, Tieyun},
  booktitle={Proceedings of the 2024 Conference on Empirical Methods in Natural Language Processing},
  pages={5468--5495},
  year={2024}
}

@article{xu2025towards,
  title={Towards Large Reasoning Models: A Survey of Reinforced Reasoning with Large Language Models},
  author={Xu, Fengli and Hao, Qianyue and Zong, Zefang and Wang, Jingwei and Zhang, Yunke and Wang, Jingyi and Lan, Xiaochong and Gong, Jiahui and Ouyang, Tianjian and Meng, Fanjin and others},
  journal={arXiv preprint arXiv:2501.09686},
  year={2025}
}

