@inproceedings{benedetto2023quantitative,
  title={A quantitative study of NLP approaches to question difficulty estimation},
  author={Benedetto, Luca},
  booktitle={International Conference on Artificial Intelligence in Education},
  pages={428--434},
  year={2023},
  organization={Springer}
}

@article{sugawara2022makes,
  title={What Makes Reading Comprehension Questions Difficult?},
  author={Sugawara, Saku and Nangia, Nikita and Warstadt, Alex and Bowman, Samuel R},
  journal={arXiv preprint arXiv:2203.06342},
  year={2022}
}

@article{rahman2017integrating,
  title={Integrating cognitive views into psychometric models for reading comprehension assessment},
  author={Rahman, Taslima and Mislevy, Robert J},
  journal={ETS Research Report Series},
  volume={2017},
  number={1},
  pages={1--16},
  year={2017},
  publisher={Wiley Online Library}
}

@inproceedings{desai2019towards,
  title={Towards Predicting Difficulty of Reading Comprehension Questions.},
  author={Desai, Takshak and Moldovan, Dan I},
  booktitle={FLAIRS},
  pages={8--13},
  year={2019}
}

@book{lord2012applications,
  title={Applications of item response theory to practical testing problems},
  author={Lord, Frederic M},
  year={2012},
  publisher={Routledge}
}

@article{fischer2024question,
  title={Question: How do Large Language Models perform on the Question Answering tasks? Answer},
  author={Fischer, Kevin and F{\"u}rst, Darren and Steindl, Sebastian and Lindner, Jakob and Sch{\"a}fer, Ulrich},
  journal={arXiv preprint arXiv:2412.12893},
  year={2024}
}

@inproceedings{dutulescu2024hard,
  title={How Hard Can This Question Be? An Exploratory Analysis of Features Assessing Question Difficulty Using LLMs},
  author={Dutulescu, Andreea and Ruseti, Stefan and Dascalu, Mihai and Mcnamara, Danielle},
  booktitle={Proceedings of the 17th International Conference on Educational Data Mining},
  pages={802--808},
  year={2024}
}

@article{sabatini2019sara,
  title={SARA reading components tests, RISE forms: Technical adequacy and test design},
  author={Sabatini, John and Weeks, Jonathan and O'Reilly, Tenaha and Bruce, Kelly and Steinberg, Jonathan and Chao, Szu-Fu},
  journal={ETS Research Report Series},
  volume={2019},
  number={1},
  pages={1--30},
  year={2019},
  publisher={Wiley Online Library}
}

@article{sabatini2015sara,
  title={SARA reading components tests, RISE forms: Technical adequacy and test design},
  author={Sabatini, John and Bruce, Kelly and Steinberg, Jonathan and Weeks, Jonathan},
  journal={ETS Research Report Series},
  volume={2015},
  number={2},
  pages={1--20},
  year={2015},
  publisher={Wiley Online Library}
}

@article{sabatini2023framework,
  title={A framework of literacy development and how AI can transform theory and practice},
  author={Sabatini, John and Graesser, Arthur C and Hollander, John and O'Reilly, Tenaha},
  journal={British Journal of Educational Technology},
  volume={54},
  number={5},
  pages={1174--1203},
  year={2023},
  publisher={Wiley Online Library}
}

@article{hollander2023importance,
  title={Importance of learner characteristics in intelligent tutoring for adult literacy},
  author={Hollander, John and Sabatini, John and Graesser, Art and Greenberg, Daphne and Oâ€™Reilly, Tenaha and Frijters, Jan},
  journal={Discourse Processes},
  volume={60},
  number={4-5},
  pages={397--409},
  year={2023},
  publisher={Taylor \& Francis}
}

@inproceedings{zhang2024predicting,
  title={Predicting learning performance with large language models: a study in adult literacy},
  author={Zhang, Liang and Lin, Jionghao and Borchers, Conrad and Sabatini, John and Hollander, John and Cao, Meng and Hu, Xiangen},
  booktitle={International Conference on Human-Computer Interaction},
  pages={333--353},
  year={2024},
  organization={Springer}
}

@article{xu2025towards,
  title={Towards Large Reasoning Models: A Survey of Reinforced Reasoning with Large Language Models},
  author={Xu, Fengli and Hao, Qianyue and Zong, Zefang and Wang, Jingwei and Zhang, Yunke and Wang, Jingyi and Lan, Xiaochong and Gong, Jiahui and Ouyang, Tianjian and Meng, Fanjin and others},
  journal={arXiv preprint arXiv:2501.09686},
  year={2025}
}

@article{van2016assessment,
  title={Assessment of fit of item response theory models used in large-scale educational survey assessments},
  author={van Rijn, Peter W and Sinharay, Sandip and Haberman, Shelby J and Johnson, Matthew S},
  journal={Large-Scale Assessments in Education},
  volume={4},
  pages={1--23},
  year={2016},
  publisher={Springer}
}

@inproceedings{uto2023difficulty,
  title={Difficulty-controllable neural question generation for reading comprehension using item response theory},
  author={Uto, Masaki and Tomikawa, Yuto and Suzuki, Ayaka},
  booktitle={Proceedings of the 18th workshop on innovative use of NLP for building educational applications (BEA 2023)},
  pages={119--129},
  year={2023}
}

@inproceedings{teruyoshi2024enhancing,
  title={Enhancing Diversity in Difficulty-Controllable Question Generation for Reading Comprehension via Extended T5},
  author={Teruyoshi, GOTO and TOMIKAWA, Yuto and Masaki, UTO},
  booktitle={International Conference on Computers in Education},
  year={2024}
}

@article{landi2010examination,
  title={An examination of the relationship between reading comprehension, higher-level and lower-level reading sub-skills in adults},
  author={Landi, Nicole},
  journal={Reading and writing},
  volume={23},
  number={6},
  pages={701--717},
  year={2010},
  publisher={Springer}
}

@book{snow2002reading,
  title={Reading for understanding: Toward an R\&D program in reading comprehension},
  author={Snow, Catherine},
  year={2002},
  publisher={Rand Corporation}
}

@article{hollander2021intelligent,
  title={An Intelligent Tutoring System for Improving Adult Literacy Skills in Digital Environments.},
  author={Hollander, John and Sabatini, John and Graesser, Art},
  journal={Grantee Submission},
  year={2021},
  publisher={ERIC}
}

@inproceedings{xu2024adaption,
  title={Adaption-of-thought: Learning question difficulty improves large language models for reasoning},
  author={Xu, Mayi and Li, Yongqi and Sun, Ke and Qian, Tieyun},
  booktitle={Proceedings of the 2024 Conference on Empirical Methods in Natural Language Processing},
  pages={5468--5495},
  year={2024}
}

@article{sauberli2024automatic,
  title={Automatic generation and evaluation of reading comprehension test items with large language models},
  author={S{\"a}uberli, Andreas and Clematide, Simon},
  journal={arXiv preprint arXiv:2404.07720},
  year={2024}
}


@inproceedings{park2024large,
  title={Large Language Models are Students at Various Levels: Zero-shot Question Difficulty Estimation},
  author={Park, Jae-Woo and Park, Seong-Jin and Won, Hyun-Sik and Kim, Kang-Min},
  booktitle={Findings of the Association for Computational Linguistics: EMNLP 2024},
  pages={8157--8177},
  year={2024}
}

@article{zhang2024spl,
  title={SPL: A Socratic Playground for Learning Powered by Large Language Model},
  author={Zhang, Liang and Lin, Jionghao and Kuang, Ziyi and Xu, Sheng and Hu, Xiangen},
  journal={arXiv preprint arXiv:2406.13919},
  year={2024}
}

@article{latif2024systematic,
  title={A systematic assessment of openai o1-preview for higher order thinking in education},
  author={Latif, Ehsan and Zhou, Yifan and Guo, Shuchen and Gao, Yizhu and Shi, Lehong and Nayaaba, Matthew and Lee, Gyeonggeon and Zhang, Liang and Bewersdorff, Arne and Fang, Luyang and others},
  journal={arXiv preprint arXiv:2410.21287},
  year={2024}
}

@article{zhang2024large,
  title={Large Language Models for Time Series: A Survey},
  author={Zhang, Xiyuan and Chowdhury, Ranak Roy and Gupta, Rajesh K and Shang, Jingbo},
  journal={arXiv preprint arXiv:2402.01801},
  year={2024}
}

@article{jin2023time,
  title={Time-llm: Time series forecasting by reprogramming large language models},
  author={Jin, Ming and Wang, Shiyu and Ma, Lintao and Chu, Zhixuan and Zhang, James Y and Shi, Xiaoming and Chen, Pin-Yu and Liang, Yuxuan and Li, Yuan-Fang and Pan, Shirui and others},
  journal={arXiv preprint arXiv:2310.01728},
  year={2023}
}

@article{gruver2023large,
  title={Large language models are zero-shot time series forecasters},
  author={Gruver, Nate and Finzi, Marc and Qiu, Shikai and Wilson, Andrew Gordon},
  journal={arXiv preprint arXiv:2310.07820},
  year={2023}
}

@article{ahn2024large,
  title={Large Language Models for Mathematical Reasoning: Progresses and Challenges},
  author={Ahn, Janice and Verma, Rishu and Lou, Renze and Liu, Di and Zhang, Rui and Yin, Wenpeng},
  journal={arXiv preprint arXiv:2402.00157},
  year={2024}
}

@article{imani2023mathprompter,
  title={Mathprompter: Mathematical reasoning using large language models},
  author={Imani, Shima and Du, Liang and Shrivastava, Harsh},
  journal={arXiv preprint \\ arXiv:2303.05398},
  year={2023}
}

@article{hsu2018automated,
  title={Automated estimation of item difficulty for multiple-choice tests: An application of word embedding techniques},
  author={Hsu, Fu-Yuan and Lee, Hahn-Ming and Chang, Tao-Hsing and Sung, Yao-Ting},
  journal={Information Processing \& Management},
  volume={54},
  number={6},
  pages={969--984},
  year={2018},
  publisher={Elsevier}
}

@inproceedings{huang2017question,
  title={Question Difficulty Prediction for READING Problems in Standard Tests},
  author={Huang, Zhenya and Liu, Qi and Chen, Enhong and Zhao, Hongke and Gao, Mingyong and Wei, Si and Su, Yu and Hu, Guoping},
  booktitle={Proceedings of the AAAI conference on artificial intelligence},
  volume={31},
  number={1},
  year={2017}
}


@article{alkhuzaey2024text,
  title={Text-based question difficulty prediction: A systematic review of automatic approaches},
  author={AlKhuzaey, Samah and Grasso, Floriana and Payne, Terry R and Tamma, Valentina},
  journal={International Journal of Artificial Intelligence in Education},
  volume={34},
  number={3},
  pages={862--914},
  year={2024},
  publisher={Springer}
}

@article{collins2014computational,
  title={Computational assessment of text readability: A survey of current and future research},
  author={Collins-Thompson, Kevyn},
  journal={ITL-International Journal of Applied Linguistics},
  volume={165},
  number={2},
  pages={97--135},
  year={2014},
  publisher={John Benjamins}
}

@article{artstein2017inter,
  title={Inter-annotator agreement},
  author={Artstein, Ron},
  journal={Handbook of linguistic annotation},
  pages={297--313},
  year={2017},
  publisher={Springer}
}

@inproceedings{snow2008cheap,
  title={Cheap and fast--but is it good? evaluating non-expert annotations for natural language tasks},
  author={Snow, Rion and Oâ€™connor, Brendan and Jurafsky, Dan and Ng, Andrew Y},
  booktitle={Proceedings of the 2008 conference on empirical methods in natural language processing},
  pages={254--263},
  year={2008}
}

@techreport{mcnamara2002coh,
  title={Coh-Metrix: Automated cohesion and coherence scores to predict text readability and facilitate comprehension},
  author={McNamara, Danielle S and Louwerse, Max M and Graesser, Arthur C},
  year={2002},
  institution={Technical report, Institute for Intelligent Systems, University of Memphis~â€¦}
}

@article{lockwood2014handbook,
  title={Handbook of Automated Essay Evaluation Current Applications and New Directions Mark D. Shermis and Jill Burstein (eds.)(2013)},
  author={Lockwood, Jane},
  journal={Writing \& Pedagogy},
  volume={6},
  number={2},
  pages={437--442},
  year={2014},
  publisher={University of Toronto Press}
}

@book{embretson2013item,
  title={Item response theory for psychologists},
  author={Embretson, Susan E and Reise, Steven P},
  year={2013},
  publisher={Psychology Press}
}

@article{kincaid1975derivation,
  title={Derivation of new readability formulas (automated readability index, fog count and flesch reading ease formula) for navy enlisted personnel},
  author={Kincaid, J Peter and Fishburne Jr, Robert P and Rogers, Richard L and Chissom, Brad S},
  year={1975},
  publisher={Institute for Simulation and Training, University of Central Florida}
}

@article{chall1995readability,
  title={Readability revisited: The new Dale-Chall readability formula},
  author={Chall, Jeanne Sternlicht and Dale, Edgar},
  journal={(No Title)},
  year={1995}
}

@article{psyridou2023reading,
  title={Reading difficulties identification: A comparison of neural networks, linear, and mixture models},
  author={Psyridou, Maria and Tolvanen, Asko and Patel, Priyanka and Khanolainen, Daria and Lerkkanen, Marja-Kristiina and Poikkeus, Anna-Maija and Torppa, Minna},
  journal={Scientific Studies of Reading},
  volume={27},
  number={1},
  pages={39--66},
  year={2023},
  publisher={Taylor \& Francis}
}

@article{smith2021integrating,
  title={Integrating SARA Assessment with Reading Comprehension Training in Auto Tutor.},
  author={Smith, E Halle and Hollander, John and Graesser, Art C and Sabatini, John and Hu, Xiangen},
  journal={English Teaching},
  volume={76},
  pages={17--29},
  year={2021},
  publisher={ERIC}
}


@article{yapp2023effects,
  title={Effects of reading strategy instruction in English as a second language on studentsâ€™ academic reading comprehension},
  author={Yapp, Deborah and de Graaff, Rick and van den Bergh, Huub},
  journal={Language Teaching Research},
  volume={27},
  number={6},
  pages={1456--1479},
  year={2023},
  publisher={SAGE Publications Sage UK: London, England}
}