@article{bousmalis2016domain,
  title={Domain separation networks},
  author={Bousmalis, Konstantinos and Trigeorgis, George and Silberman, Nathan and Krishnan, Dilip and Erhan, Dumitru},
  journal={Advances in neural information processing systems},
  volume={29},
  year={2016}
}

@inproceedings{carlucci2019domain,
  title={Domain generalization by solving jigsaw puzzles},
  author={Carlucci, Fabio M and D'Innocente, Antonio and Bucci, Silvia and Caputo, Barbara and Tommasi, Tatiana},
  booktitle={Proceedings of the IEEE/CVF conference on computer vision and pattern recognition},
  pages={2229--2238},
  year={2019}
}

@article{chawla2022gene,
  title={Gene expression based inference of cancer drug sensitivity},
  author={Chawla, Smriti and Rockstroh, Anja and Lehman, Melanie and Ratther, Ellca and Jain, Atishay and Anand, Anuneet and Gupta, Apoorva and Bhattacharya, Namrata and Poonia, Sarita and Rai, Priyadarshini and others},
  journal={Nature communications},
  volume={13},
  number={1},
  pages={5680},
  year={2022},
  publisher={Nature Publishing Group UK London}
}

@article{chen2022deep,
  title={Deep transfer learning of cancer drug responses by integrating bulk and single-cell RNA-seq data},
  author={Chen, Junyi and Wang, Xiaoying and Ma, Anjun and Wang, Qi-En and Liu, Bingqiang and Li, Lang and Xu, Dong and Ma, Qin},
  journal={Nature Communications},
  volume={13},
  number={1},
  pages={6494},
  year={2022},
  publisher={Nature Publishing Group UK London}
}

@article{chen2022discriminative,
  title={Discriminative adversarial domain generalization with meta-learning based cross-domain validation},
  author={Chen, Keyu and Zhuang, Di and Chang, J Morris},
  journal={Neurocomputing},
  volume={467},
  pages={418--426},
  year={2022},
  publisher={Elsevier}
}

@inproceedings{ghifary2015domain,
  title={Domain generalization for object recognition with multi-task autoencoders},
  author={Ghifary, Muhammad and Kleijn, W Bastiaan and Zhang, Mengjie and Balduzzi, David},
  booktitle={Proceedings of the IEEE international conference on computer vision},
  pages={2551--2559},
  year={2015}
}

@article{gretton2012kernel,
  title={A kernel two-sample test},
  author={Gretton, Arthur and Borgwardt, Karsten M and Rasch, Malte J and Sch{\"o}lkopf, Bernhard and Smola, Alexander},
  journal={The Journal of Machine Learning Research},
  volume={13},
  number={1},
  pages={723--773},
  year={2012},
  publisher={JMLR. org}
}

@article{he2022context,
  title={A context-aware deconfounding autoencoder for robust prediction of personalized clinical drug response from cell-line compound screening},
  author={He, Di and Liu, Qiao and Wu, You and Xie, Lei},
  journal={Nature Machine Intelligence},
  volume={4},
  number={10},
  pages={879--892},
  year={2022},
  publisher={Nature Publishing Group UK London}
}

@inproceedings{jia2020single,
  title={Single-side domain generalization for face anti-spoofing},
  author={Jia, Yunpei and Zhang, Jie and Shan, Shiguang and Chen, Xilin},
  booktitle={Proceedings of the IEEE/CVF Conference on Computer Vision and Pattern Recognition},
  pages={8484--8493},
  year={2020}
}

@inproceedings{li2018domain,
  title={Domain generalization with adversarial feature learning},
  author={Li, Haoliang and Pan, Sinno Jialin and Wang, Shiqi and Kot, Alex C},
  booktitle={Proceedings of the IEEE conference on computer vision and pattern recognition},
  pages={5400--5409},
  year={2018}
}

@article{shankar2018generalizing,
  title={Generalizing across domains via cross-gradient training},
  author={Shankar, Shiv and Piratla, Vihari and Chakrabarti, Soumen and Chaudhuri, Siddhartha and Jyothi, Preethi and Sarawagi, Sunita},
  journal={arXiv preprint arXiv:1804.10745},
  year={2018}
}

@inproceedings{shao2019multi,
  title={Multi-adversarial discriminative deep domain generalization for face presentation attack detection},
  author={Shao, Rui and Lan, Xiangyuan and Li, Jiawei and Yuen, Pong C},
  booktitle={Proceedings of the IEEE/CVF conference on computer vision and pattern recognition},
  pages={10023--10031},
  year={2019}
}

@article{sicilia2023domain,
  title={Domain adversarial neural networks for domain generalization: When it works and how to improve},
  author={Sicilia, Anthony and Zhao, Xingchen and Hwang, Seong Jae},
  journal={Machine Learning},
  volume={112},
  number={7},
  pages={2685--2721},
  year={2023},
  publisher={Springer}
}

@article{tian2022neuron,
  title={Neuron coverage-guided domain generalization},
  author={Tian, Chris Xing and Li, Haoliang and Xie, Xiaofei and Liu, Yang and Wang, Shiqi},
  journal={IEEE Transactions on Pattern Analysis and Machine Intelligence},
  volume={45},
  number={1},
  pages={1302--1311},
  year={2022},
  publisher={IEEE}
}

@article{wang2022generalizing,
  title={Generalizing to unseen domains: A survey on domain generalization},
  author={Wang, Jindong and Lan, Cuiling and Liu, Chang and Ouyang, Yidong and Qin, Tao and Lu, Wang and Chen, Yiqiang and Zeng, Wenjun and Philip, S Yu},
  journal={IEEE transactions on knowledge and data engineering},
  volume={35},
  number={8},
  pages={8052--8072},
  year={2022},
  publisher={IEEE}
}

@article{yang2012genomics,
  title={Genomics of Drug Sensitivity in Cancer (GDSC): a resource for therapeutic biomarker discovery in cancer cells},
  author={Yang, Wanjuan and Soares, Jorge and Greninger, Patricia and Edelman, Elena J and Lightfoot, Howard and Forbes, Simon and Bindal, Nidhi and Beare, Dave and Smith, James A and Thompson, I Richard and others},
  journal={Nucleic acids research},
  volume={41},
  number={D1},
  pages={D955--D961},
  year={2012},
  publisher={Oxford University Press}
}

@inproceedings{yue2019domain,
  title={Domain randomization and pyramid consistency: Simulation-to-real generalization without accessing target domain data},
  author={Yue, Xiangyu and Zhang, Yang and Zhao, Sicheng and Sangiovanni-Vincentelli, Alberto and Keutzer, Kurt and Gong, Boqing},
  booktitle={Proceedings of the IEEE/CVF international conference on computer vision},
  pages={2100--2110},
  year={2019}
}

@inproceedings{zhang2022towards,
  title={Towards principled disentanglement for domain generalization},
  author={Zhang, Hanlin and Zhang, Yi-Fan and Liu, Weiyang and Weller, Adrian and Sch{\"o}lkopf, Bernhard and Xing, Eric P},
  booktitle={Proceedings of the IEEE/CVF conference on computer vision and pattern recognition},
  pages={8024--8034},
  year={2022}
}

@article{zheng2023enabling,
  title={Enabling Single-Cell Drug Response Annotations from Bulk RNA-Seq Using SCAD},
  author={Zheng, Zetian and Chen, Junyi and Chen, Xingjian and Huang, Lei and Xie, Weidun and Lin, Qiuzhen and Li, Xiangtao and Wong, Ka-Chun},
  journal={Advanced Science},
  volume={10},
  number={11},
  pages={2204113},
  year={2023},
  publisher={Wiley Online Library}
}

@article{zhou2021domain,
  title={Domain generalization with mixstyle},
  author={Zhou, Kaiyang and Yang, Yongxin and Qiao, Yu and Xiang, Tao},
  journal={arXiv preprint arXiv:2104.02008},
  year={2021}
}

