
@inproceedings{oord2018representation,
  title={Representation Learning with Contrastive Predictive Coding},
  author={van den Oord, Aaron and Li, Yazhe and Vinyals, Oriol},
  booktitle={Advances in Neural Information Processing Systems (NeurIPS)},
  volume={31},
  year={2018},
  url={https://arxiv.org/abs/1807.03748}
}

@article{2013Genomics,
  title={Genomics of Drug Sensitivity in Cancer (GDSC): a resource for therapeutic biomarker discovery in cancer cells},
  author={ Wanjuan, Yang  and  Jorge, Soares  and  Patricia, Greninger  and  Edelman, Elena J  and  Howard, Lightfoot  and  Simon, Forbes  and  Nidhi, Bindal  and  Dave, Beare  and  Smith, James A  and  Richard, Thompson I.  and },
  journal={Nucleic Acids Research},
  number={D1},
  pages={D955},
  year={2013},
}

@article{aissa2021single,
  title={Single-cell transcriptional changes associated with drug tolerance and response to combination therapies in cancer},
  author={Aissa, Alexandre F and Islam, Abul BMMK and Ariss, Majd M and Go, Cammille C and Rader, Alexandra E and Conrardy, Ryan D and Gajda, Alexa M and Rubio-Perez, Carlota and Valyi-Nagy, Klara and Pasquinelli, Mary and others},
  journal={Nature communications},
  volume={12},
  number={1},
  pages={1628},
  year={2021},
  publisher={Nature Publishing Group UK London}
}


@article{ho2018single,
  title={Single-cell RNA-seq analysis identifies markers of resistance to targeted BRAF inhibitors in melanoma cell populations},
  author={Ho, Yu-Jui and Anaparthy, Naishitha and Molik, David and Mathew, Grinu and Aicher, Toby and Patel, Ami and Hicks, James and Hammell, Molly Gale},
  journal={Genome research},
  volume={28},
  number={9},
  pages={1353--1363},
  year={2018},
  publisher={Cold Spring Harbor Lab}
}



@article{zheng2023enabling,
  title={Enabling Single-Cell Drug Response Annotations from Bulk RNA-Seq Using SCAD},
  author={Zheng, Zetian and Chen, Junyi and Chen, Xingjian and Huang, Lei and Xie, Weidun and Lin, Qiuzhen and Li, Xiangtao and Wong, Ka-Chun},
  journal={Advanced Science},
  pages={2204113},
  year={2023},
  publisher={Wiley Online Library}
}


@article{he2022context,
  title={A context-aware deconfounding autoencoder for robust prediction of personalized clinical drug response from cell-line compound screening},
  author={He, Di and Liu, Qiao and Wu, You and Xie, Lei},
  journal={Nature Machine Intelligence},
  volume={4},
  number={10},
  pages={879--892},
  year={2022},
  publisher={Nature Publishing Group UK London}
}

@article{bousmalis2016domain,
  title={Domain separation networks},
  author={Bousmalis, Konstantinos and Trigeorgis, George and Silberman, Nathan and Krishnan, Dilip and Erhan, Dumitru},
  journal={Advances in neural information processing systems},
  volume={29},
  year={2016}
}

@article{hutter2018cancer,
  title={The cancer genome atlas: creating lasting value beyond its data},
  author={Hutter, Carolyn and Zenklusen, Jean Claude},
  journal={Cell},
  volume={173},
  number={2},
  pages={283--285},
  year={2018},
  publisher={Elsevier}
}
@article{he2022context,
  title={A context-aware deconfounding autoencoder for robust prediction of personalized clinical drug response from cell-line compound screening},
  author={He, Di and Liu, Qiao and Wu, You and Xie, Lei},
  journal={Nature Machine Intelligence},
  volume={4},
  number={10},
  pages={879--892},
  year={2022},
  publisher={Nature Publishing Group UK London}
}
@article{bousmalis2016domain,
  title={Domain separation networks},
  author={Bousmalis, Konstantinos and Trigeorgis, George and Silberman, Nathan and Krishnan, Dilip and Erhan, Dumitru},
  journal={Advances in neural information processing systems},
  volume={29},
  year={2016}
}
@article{chawla2022gene,
  title={Gene expression based inference of cancer drug sensitivity},
  author={Chawla, Smriti and Rockstroh, Anja and Lehman, Melanie and Ratther, Ellca and Jain, Atishay and Anand, Anuneet and Gupta, Apoorva and Bhattacharya, Namrata and Poonia, Sarita and Rai, Priyadarshini and others},
  journal={Nature communications},
  volume={13},
  number={1},
  pages={5680},
  year={2022},
  publisher={Nature Publishing Group UK London}
}
@article{chen2022deep,
  title={Deep transfer learning of cancer drug responses by integrating bulk and single-cell RNA-seq data},
  author={Chen, Junyi and Wang, Xiaoying and Ma, Anjun and Wang, Qi-En and Liu, Bingqiang and Li, Lang and Xu, Dong and Ma, Qin},
  journal={Nature Communications},
  volume={13},
  number={1},
  pages={6494},
  year={2022},
  publisher={Nature Publishing Group UK London}
}
@article{gretton2012kernel,
  title={A kernel two-sample test},
  author={Gretton, Arthur and Borgwardt, Karsten M and Rasch, Malte J and Sch{\"o}lkopf, Bernhard and Smola, Alexander},
  journal={The Journal of Machine Learning Research},
  volume={13},
  number={1},
  pages={723--773},
  year={2012},
  publisher={JMLR. org}
}
@article{zheng2023enabling,
  title={Enabling Single-Cell Drug Response Annotations from Bulk RNA-Seq Using SCAD},
  author={Zheng, Zetian and Chen, Junyi and Chen, Xingjian and Huang, Lei and Xie, Weidun and Lin, Qiuzhen and Li, Xiangtao and Wong, Ka-Chun},
  journal={Advanced Science},
  volume={10},
  number={11},
  pages={2204113},
  year={2023},
  publisher={Wiley Online Library}
}
@article{yang2012genomics,
  title={Genomics of Drug Sensitivity in Cancer (GDSC): a resource for therapeutic biomarker discovery in cancer cells},
  author={Yang, Wanjuan and Soares, Jorge and Greninger, Patricia and Edelman, Elena J and Lightfoot, Howard and Forbes, Simon and Bindal, Nidhi and Beare, Dave and Smith, James A and Thompson, I Richard and others},
  journal={Nucleic acids research},
  volume={41},
  number={D1},
  pages={D955--D961},
  year={2012},
  publisher={Oxford University Press}
}
@inproceedings{muandet2013domain,
  title={Domain generalization via invariant feature representation},
  author={Muandet, Krikamol and Balduzzi, David and Sch{\"o}lkopf, Bernhard},
  booktitle={International conference on machine learning},
  pages={10--18},
  year={2013},
  organization={PMLR}
}
@inproceedings{ghifary2015domain,
  title={Domain generalization for object recognition with multi-task autoencoders},
  author={Ghifary, Muhammad and Kleijn, W Bastiaan and Zhang, Mengjie and Balduzzi, David},
  booktitle={Proceedings of the IEEE international conference on computer vision},
  pages={2551--2559},
  year={2015}
}
@inproceedings{xu2014exploiting,
  title={Exploiting low-rank structure from latent domains for domain generalization},
  author={Xu, Zheng and Li, Wen and Niu, Li and Xu, Dong},
  booktitle={Computer Vision--ECCV 2014: 13th European Conference, Zurich, Switzerland, September 6-12, 2014, Proceedings, Part III 13},
  pages={628--643},
  year={2014},
  organization={Springer}
}
@inproceedings{khosla2012undoing,
  title={Undoing the damage of dataset bias},
  author={Khosla, Aditya and Zhou, Tinghui and Malisiewicz, Tomasz and Efros, Alexei A and Torralba, Antonio},
  booktitle={Computer Vision--ECCV 2012: 12th European Conference on Computer Vision, Florence, Italy, October 7-13, 2012, Proceedings, Part I 12},
  pages={158--171},
  year={2012},
  organization={Springer}
}

@article{wang2022generalizing,
  title={Generalizing to unseen domains: A survey on domain generalization},
  author={Wang, Jindong and Lan, Cuiling and Liu, Chang and Ouyang, Yidong and Qin, Tao and Lu, Wang and Chen, Yiqiang and Zeng, Wenjun and Philip, S Yu},
  journal={IEEE transactions on knowledge and data engineering},
  volume={35},
  number={8},
  pages={8052--8072},
  year={2022},
  publisher={IEEE}
}


@inproceedings{jia2020single,
  title={Single-side domain generalization for face anti-spoofing},
  author={Jia, Yunpei and Zhang, Jie and Shan, Shiguang and Chen, Xilin},
  booktitle={Proceedings of the IEEE/CVF Conference on Computer Vision and Pattern Recognition},
  pages={8484--8493},
  year={2020}
}

@article{shankar2018generalizing,
  title={Generalizing across domains via cross-gradient training},
  author={Shankar, Shiv and Piratla, Vihari and Chakrabarti, Soumen and Chaudhuri, Siddhartha and Jyothi, Preethi and Sarawagi, Sunita},
  journal={arXiv preprint arXiv:1804.10745},
  year={2018}
}

@inproceedings{yue2019domain,
  title={Domain randomization and pyramid consistency: Simulation-to-real generalization without accessing target domain data},
  author={Yue, Xiangyu and Zhang, Yang and Zhao, Sicheng and Sangiovanni-Vincentelli, Alberto and Keutzer, Kurt and Gong, Boqing},
  booktitle={Proceedings of the IEEE/CVF international conference on computer vision},
  pages={2100--2110},
  year={2019}
}


@article{zhou2021domain,
  title={Domain generalization with mixstyle},
  author={Zhou, Kaiyang and Yang, Yongxin and Qiao, Yu and Xiang, Tao},
  journal={arXiv preprint arXiv:2104.02008},
  year={2021}
}

@inproceedings{ghifary2015domain,
  title={Domain generalization for object recognition with multi-task autoencoders},
  author={Ghifary, Muhammad and Kleijn, W Bastiaan and Zhang, Mengjie and Balduzzi, David},
  booktitle={Proceedings of the IEEE international conference on computer vision},
  pages={2551--2559},
  year={2015}
}


@inproceedings{li2018domain,
  title={Domain generalization with adversarial feature learning},
  author={Li, Haoliang and Pan, Sinno Jialin and Wang, Shiqi and Kot, Alex C},
  booktitle={Proceedings of the IEEE conference on computer vision and pattern recognition},
  pages={5400--5409},
  year={2018}
}

@inproceedings{shao2019multi,
  title={Multi-adversarial discriminative deep domain generalization for face presentation attack detection},
  author={Shao, Rui and Lan, Xiangyuan and Li, Jiawei and Yuen, Pong C},
  booktitle={Proceedings of the IEEE/CVF conference on computer vision and pattern recognition},
  pages={10023--10031},
  year={2019}
}

@article{sicilia2023domain,
  title={Domain adversarial neural networks for domain generalization: When it works and how to improve},
  author={Sicilia, Anthony and Zhao, Xingchen and Hwang, Seong Jae},
  journal={Machine Learning},
  volume={112},
  number={7},
  pages={2685--2721},
  year={2023},
  publisher={Springer}
}

@inproceedings{zhang2022towards,
  title={Towards principled disentanglement for domain generalization},
  author={Zhang, Hanlin and Zhang, Yi-Fan and Liu, Weiyang and Weller, Adrian and Sch{\"o}lkopf, Bernhard and Xing, Eric P},
  booktitle={Proceedings of the IEEE/CVF conference on computer vision and pattern recognition},
  pages={8024--8034},
  year={2022}
}

@article{chen2022discriminative,
  title={Discriminative adversarial domain generalization with meta-learning based cross-domain validation},
  author={Chen, Keyu and Zhuang, Di and Chang, J Morris},
  journal={Neurocomputing},
  volume={467},
  pages={418--426},
  year={2022},
  publisher={Elsevier}
}

@article{tian2022neuron,
  title={Neuron coverage-guided domain generalization},
  author={Tian, Chris Xing and Li, Haoliang and Xie, Xiaofei and Liu, Yang and Wang, Shiqi},
  journal={IEEE Transactions on Pattern Analysis and Machine Intelligence},
  volume={45},
  number={1},
  pages={1302--1311},
  year={2022},
  publisher={IEEE}
}

@inproceedings{carlucci2019domain,
  title={Domain generalization by solving jigsaw puzzles},
  author={Carlucci, Fabio M and D'Innocente, Antonio and Bucci, Silvia and Caputo, Barbara and Tommasi, Tatiana},
  booktitle={Proceedings of the IEEE/CVF conference on computer vision and pattern recognition},
  pages={2229--2238},
  year={2019}
}

@inproceedings{vaswani2017attention,
  title={Attention Is All You Need},
  author={Vaswani, Ashish and Shazeer, Noam and Parmar, Niki and Uszkoreit, Jakob and Jones, Llion and Gomez, Aidan N and Kaiser, {\L}ukasz and Polosukhin, Illia},
  booktitle={Advances in Neural Information Processing Systems},
  volume={30},
  pages={5998--6008},
  year={2017}
}


@inproceedings{lv2022causality,
  title={Causality inspired representation learning for domain generalization},
  author={Lv, Fangrui and Liang, Jian and Li, Shuang and Zang, Bin and Liu, Chi Harold and Wang, Ziteng and Liu, Di},
  booktitle={Proceedings of the IEEE/CVF conference on computer vision and pattern recognition},
  pages={8046--8056},
  year={2022}
}

@article{Liu2024scAdaDrug,
  title={Towards generalization of drug response prediction to single cells and patients utilizing importance-aware multi-source domain transfer learning},
  author={Liu, Hui and Duan, Wei and Judong Luo},
  journal={arXiv preprint arXiv:2403.05260},
  year={2024}
}


@article{Barretina2012,
  title={The Cancer Cell Line Encyclopedia enables predictive modeling of anticancer drug sensitivity},
  author={Barretina, Jordi and Caponigro, Giordano and Stransky, Nicolas and Venkatesan, Kavitha and Margolin, Adam A and Kim, Sangwoo and Wilson, Cameron J and Leh{\'a}r, Jaroslav and Kryukov, Gregory V and Sonkin, Dmitriy and others},
  journal={Nature},
  volume={483},
  number={7391},
  pages={603--607},
  year={2012},
  publisher={Nature Publishing Group}
}


@article{yang2012genomics,
  title={Genomics of Drug Sensitivity in Cancer (GDSC): a resource for therapeutic biomarker discovery in cancer cells},
  author={Yang, Wanjuan and Soares, Jorge and Greninger, Patricia and Edelman, Elena J and Lightfoot, Howard and Forbes, Simon and Bindal, Nidhi and Beare, Dave and Smith, James A and Thompson, I Richard and others},
  journal={Nucleic acids research},
  volume={41},
  number={D1},
  pages={D955--D961},
  year={2012},
  publisher={Oxford University Press}
}

@article{ma2021few,
  title={Few-shot learning creates predictive models of drug response that translate from high-throughput screens to individual patients},
  author={Ma, Jianzhu and Fong, Samson H and Luo, Yunan and Bakkenist, Christopher J and Shen, John Paul and Mourragui, Soufiane and Wessels, Lodewyk FA and Hafner, Marc and Sharan, Roded and Peng, Jian and others},
  journal={Nature Cancer},
  volume={2},
  number={2},
  pages={233--244},
  year={2021},
  publisher={Nature Publishing Group US New York}
}


@article{han2023tisch2,
  title={TISCH2: expanded datasets and new tools for single-cell transcriptome analyses of the tumor microenvironment},
  author={Han, Ya and Wang, Yuting and Dong, Xin and Sun, Dongqing and Liu, Zhaoyang and Yue, Jiali and Wang, Haiyun and Li, Taiwen and Wang, Chenfei},
  journal={Nucleic acids research},
  volume={51},
  number={D1},
  pages={D1425--D1431},
  year={2023},
  publisher={Oxford University Press}
}

@article{franzen2019panglaodb,
  title={PanglaoDB: a web server for exploration of mouse and human single-cell RNA sequencing data},
  author={Franz{\'e}n, Oscar and Gan, Li-Ming and Bj{\"o}rkegren, Johan LM},
  journal={Database},
  volume={2019},
  pages={baz046},
  year={2019},
  publisher={Oxford University Press}
}