# introduction
@article{stechly2024chain,
  title={Chain of thoughtlessness: An analysis of cot in planning},
  author={Stechly, Kaya and Valmeekam, Karthik and Kambhampati, Subbarao},
  journal={arXiv preprint arXiv:2405.04776},
  year={2024}
}
@article{du2023improving,
  title={Improving factuality and reasoning in language models through multiagent debate},
  author={Du, Yilun and Li, Shuang and Torralba, Antonio and Tenenbaum, Joshua B and Mordatch, Igor},
  journal={arXiv preprint arXiv:2305.14325},
  year={2023}
}

@article{zhuo2024prosa,
  title={ProSA: Assessing and Understanding the Prompt Sensitivity of LLMs},
  author={Zhuo, Jingming and Zhang, Songyang and Fang, Xinyu and Duan, Haodong and Lin, Dahua and Chen, Kai},
  journal={arXiv preprint arXiv:2410.12405},
  year={2024}
}
@article{anagnostidis2024susceptible,
  title={How Susceptible are LLMs to Influence in Prompts?},
  author={Anagnostidis, Sotiris and Bulian, Jannis},
  journal={arXiv preprint arXiv:2408.11865},
  year={2024}
}

#lora
@inproceedings{
hu2022lora,
title={Lo{RA}: Low-Rank Adaptation of Large Language Models},
author={Edward J Hu and Yelong Shen and Phillip Wallis and Zeyuan Allen-Zhu and Yuanzhi Li and Shean Wang and Lu Wang and Weizhu Chen},
booktitle={International Conference on Learning Representations},
year={2022}
}

###benchmarks

@inproceedings{ahn-etal-2024-large,
    title = "Large Language Models for Mathematical Reasoning: Progresses and Challenges",
    author = "Ahn, Janice  and
      Verma, Rishu  and
      Lou, Renze  and
      Liu, Di  and
      Zhang, Rui  and
      Yin, Wenpeng",
    editor = "Falk, Neele  and
      Papi, Sara  and
      Zhang, Mike",
    booktitle = "Proceedings of the 18th Conference of the European Chapter of the Association for Computational Linguistics: Student Research Workshop",
    month = mar,
    year = "2024",
    address = "St. Julian{'}s, Malta",
    publisher = "Association for Computational Linguistics",
    url = "https://aclanthology.org/2024.eacl-srw.17",
    pages = "225--237",
}

# gsm8k
@article{cobbe2021gsm8k,
  title={Training Verifiers to Solve Math Word Problems},
  author={Cobbe, Karl and Kosaraju, Vineet and Bavarian, Mohammad and Chen, Mark and Jun, Heewoo and Kaiser, Lukasz and Plappert, Matthias and Tworek, Jerry and Hilton, Jacob and Nakano, Reiichiro and Hesse, Christopher and Schulman, John},
  journal={arXiv preprint arXiv:2110.14168},
  year={2021}
}

# AQuA-RAT
@article{ling2017program,
  title={Program induction by rationale generation: Learning to solve and explain algebraic word problems},
  author={Ling, Wang and Yogatama, Dani and Dyer, Chris and Blunsom, Phil},
  journal={ACL},
  year={2017}
}

# MATH
@article{hendrycks2021measuring,
  title={Measuring mathematical problem solving with the math dataset},
  author={Hendrycks, Dan and Burns, Collin and Kadavath, Saurav and Arora, Akul and Basart, Steven and Tang, Eric and Song, Dawn and Steinhardt, Jacob},
  journal={arXiv preprint arXiv:2103.03874},
  year={2021}
}


# intro

# mt-beench
@article{zheng2023judging,
  title={Judging llm-as-a-judge with mt-bench and chatbot arena},
  author={Zheng, Lianmin and Chiang, Wei-Lin and Sheng, Ying and Zhuang, Siyuan and Wu, Zhanghao and Zhuang, Yonghao and Lin, Zi and Li, Zhuohan and Li, Dacheng and Xing, Eric and others},
  journal={Advances in Neural Information Processing Systems},
  volume={36},
  pages={46595--46623},
  year={2023}
}

# alpaca 2.0
@article{dubois2024length,
  title={Length-controlled alpacaeval: A simple way to debias automatic evaluators},
  author={Dubois, Yann and Galambosi, Bal{\'a}zs and Liang, Percy and Hashimoto, Tatsunori B},
  journal={arXiv preprint arXiv:2404.04475},
  year={2024}
}


########### related works
@article{mirzadeh2024gsm,
  title={GSM-Symbolic: Understanding the Limitations of Mathematical Reasoning in Large Language Models},
  author={Mirzadeh, Iman and Alizadeh, Keivan and Shahrokhi, Hooman and Tuzel, Oncel and Bengio, Samy and Farajtabar, Mehrdad},
  journal={arXiv preprint arXiv:2410.05229},
  year={2024}
}

@article{kambhampati2024can,
  title={Can large language models reason and plan?},
  author={Kambhampati, Subbarao},
  journal={Annals of the New York Academy of Sciences},
  volume={1534},
  number={1},
  pages={15--18},
  year={2024},
  publisher={Wiley Online Library}
}

@inproceedings{valmeekam2022large,
  title={Large language models still can't plan (a benchmark for LLMs on planning and reasoning about change)},
  author={Valmeekam, Karthik and Olmo, Alberto and Sreedharan, Sarath and Kambhampati, Subbarao},
  booktitle={NeurIPS 2022 Foundation Models for Decision Making Workshop},
  year={2022}
}

@article{jiang2024mixtral,
  title={Mixtral of experts},
  author={Jiang, Albert Q and Sablayrolles, Alexandre and Roux, Antoine and Mensch, Arthur and Savary, Blanche and Bamford, Chris and Chaplot, Devendra Singh and Casas, Diego de las and Hanna, Emma Bou and Bressand, Florian and others},
  journal={arXiv preprint arXiv:2401.04088},
  year={2024}
}

@misc{sky_t1_2025,
  author       = {NovaSky Team},
  title        = {Sky-T1: Train your own O1 preview model within \$450},
  howpublished = {https://novasky-ai.github.io/posts/sky-t1},
  note         = {Accessed: 2025-01-09},
  year         = {2025}
}

@article{chen2022program,
  title = {Program of Thoughts Prompting: Disentangling Computation from Reasoning for Numerical Reasoning Tasks},
  author = {Wenhu Chen and Xueguang Ma and Xinyi Wang and William W. Cohen},
  journal={Transactions on Machine Learning Research},
  year = {2023},
}

# moa
@article{wang2024mixture,
  title={Mixture-of-Agents Enhances Large Language Model Capabilities},
  author={Wang, Junlin and Wang, Jue and Athiwaratkun, Ben and Zhang, Ce and Zou, James},
  journal={arXiv preprint arXiv:2406.04692},
  year={2024}
}


# MoE
@article{shazeer2017outrageously,
  title={Outrageously large neural networks: The sparsely-gated mixture-of-experts layer},
  author={Shazeer, Noam and Mirhoseini, Azalia and Maziarz, Krzysztof and Davis, Andy and Le, Quoc and Hinton, Geoffrey and Dean, Jeff},
  journal={arXiv preprint arXiv:1701.06538},
  year={2017}
}

# struggle to reason and planning
@article{chen2024can,
  title={Can We Rely on LLM Agents to Draft Long-Horizon Plans? Let's Take TravelPlanner as an Example},
  author={Chen, Yanan and Pesaranghader, Ali and Sadhu, Tanmana and Yi, Dong Hoon},
  journal={arXiv preprint arXiv:2408.06318},
  year={2024}
}

@article{xie2024travelplanner,
  title={Travelplanner: A benchmark for real-world planning with language agents},
  author={Xie, Jian and Zhang, Kai and Chen, Jiangjie and Zhu, Tinghui and Lou, Renze and Tian, Yuandong and Xiao, Yanghua and Su, Yu},
  journal={arXiv preprint arXiv:2402.01622},
  year={2024}
}

@article{valmeekam2024llms,
  title={LLMs Still Can't Plan; Can LRMs? A Preliminary Evaluation of OpenAI's o1 on PlanBench},
  author={Valmeekam, Karthik and Stechly, Kaya and Kambhampati, Subbarao},
  journal={arXiv preprint arXiv:2409.13373},
  year={2024}
}

@article{wang2024planning,
  title={On The Planning Abilities of OpenAI's o1 Models: Feasibility, Optimality, and Generalizability},
  author={Wang, Kevin and Li, Junbo and Bhatt, Neel P and Xi, Yihan and Liu, Qiang and Topcu, Ufuk and Wang, Zhangyang},
  journal={arXiv preprint arXiv:2409.19924},
  year={2024}
}
@article{xie2024revealing,
  title={Revealing the Barriers of Language Agents in Planning},
  author={Xie, Jian and Zhang, Kexun and Chen, Jiangjie and Yuan, Siyu and Zhang, Kai and Zhang, Yikai and Li, Lei and Xiao, Yanghua},
  journal={arXiv preprint arXiv:2410.12409},
  year={2024}
}


# cot
@article{wei2022chain,
  title={Chain-of-thought prompting elicits reasoning in large language models},
  author={Wei, Jason and Wang, Xuezhi and Schuurmans, Dale and Bosma, Maarten and Xia, Fei and Chi, Ed and Le, Quoc V and Zhou, Denny and others},
  journal={Advances in neural information processing systems},
  volume={35},
  pages={24824--24837},
  year={2022}
}
@article{kojima2022large,
  title={Large language models are zero-shot reasoners},
  author={Kojima, Takeshi and Gu, Shixiang Shane and Reid, Machel and Matsuo, Yutaka and Iwasawa, Yusuke},
  journal={Advances in neural information processing systems},
  volume={35},
  pages={22199--22213},
  year={2022}
}
@inproceedings{fu2022complexity,
  title={Complexity-based prompting for multi-step reasoning},
  author={Fu, Yao and Peng, Hao and Sabharwal, Ashish and Clark, Peter and Khot, Tushar},
  booktitle={The Eleventh International Conference on Learning Representations},
  year={2022}
}




# ToT
@article{yao2024tree,
  title={Tree of thoughts: Deliberate problem solving with large language models},
  author={Yao, Shunyu and Yu, Dian and Zhao, Jeffrey and Shafran, Izhak and Griffiths, Tom and Cao, Yuan and Narasimhan, Karthik},
  journal={Advances in Neural Information Processing Systems},
  volume={36},
  year={2024}
}

# graph of thought
@article{yao2023beyond,
  title={Beyond Chain-of-Thought, Effective Graph-of-Thought Reasoning in Language Models},
  author={Yao, Yao and Li, Zuchao and Zhao, Hai},
  journal={arXiv preprint arXiv:2305.16582},
  year={2023}
}

@article{ling2024deductive,
  title={Deductive verification of chain-of-thought reasoning},
  author={Ling, Zhan and Fang, Yunhao and Li, Xuanlin and Huang, Zhiao and Lee, Mingu and Memisevic, Roland and Su, Hao},
  journal={Advances in Neural Information Processing Systems},
  volume={36},
  year={2024}
}


# verify 
@article{lightman2023let,
  title={Let's verify step by step},
  author={Lightman, Hunter and Kosaraju, Vineet and Burda, Yura and Edwards, Harri and Baker, Bowen and Lee, Teddy and Leike, Jan and Schulman, John and Sutskever, Ilya and Cobbe, Karl},
  journal={arXiv preprint arXiv:2305.20050},
  year={2023}
}
@article{cobbe2021training,
  title={Training verifiers to solve math word problems},
  author={Cobbe, Karl and Kosaraju, Vineet and Bavarian, Mohammad and Chen, Mark and Jun, Heewoo and Kaiser, Lukasz and Plappert, Matthias and Tworek, Jerry and Hilton, Jacob and Nakano, Reiichiro and others},
  journal={arXiv preprint arXiv:2110.14168},
  year={2021}
}


@article{kumar2024training,
  title={Training language models to self-correct via reinforcement learning},
  author={Kumar, Aviral and Zhuang, Vincent and Agarwal, Rishabh and Su, Yi and Co-Reyes, John D and Singh, Avi and Baumli, Kate and Iqbal, Shariq and Bishop, Colton and Roelofs, Rebecca and others},
  journal={arXiv preprint arXiv:2409.12917},
  year={2024}
}


#### model emsemble
# reranking 

# fusion
@article{wang2023fusing,
  title={Fusing models with complementary expertise},
  author={Wang, Hongyi and Polo, Felipe Maia and Sun, Yuekai and Kundu, Souvik and Xing, Eric and Yurochkin, Mikhail},
  journal={arXiv preprint arXiv:2310.01542},
  year={2023}
}
@article{shnitzer2023large,
  title={Large language model routing with benchmark datasets},
  author={Shnitzer, Tal and Ou, Anthony and Silva, M{\'\i}rian and Soule, Kate and Sun, Yuekai and Solomon, Justin and Thompson, Neil and Yurochkin, Mikhail},
  journal={arXiv preprint arXiv:2309.15789},
  year={2023}
}
@article{lu2023routing,
  title={Routing to the expert: Efficient reward-guided ensemble of large language models},
  author={Lu, Keming and Yuan, Hongyi and Lin, Runji and Lin, Junyang and Yuan, Zheng and Zhou, Chang and Zhou, Jingren},
  journal={arXiv preprint arXiv:2311.08692},
  year={2023}
}

# cascading manner
@article{chen2023frugalgpt,
  title={Frugalgpt: How to use large language models while reducing cost and improving performance},
  author={Chen, Lingjiao and Zaharia, Matei and Zou, James},
  journal={arXiv preprint arXiv:2305.05176},
  year={2023}
}

# fusion
@article{jiang2023llm,
  title={Llm-blender: Ensembling large language models with pairwise ranking and generative fusion},
  author={Jiang, Dongfu and Ren, Xiang and Lin, Bill Yuchen},
  journal={arXiv preprint arXiv:2306.02561},
  year={2023}
}
@article{huang2024enabling,
  title={Enabling ensemble learning for heterogeneous large language models with deep parallel collaboration},
  author={Huang, Yichong and Feng, Xiaocheng and Li, Baohang and Xiang, Yang and Wang, Hui and Qin, Bing and Liu, Ting},
  journal={arXiv preprint arXiv:2404.12715},
  year={2024}
}

# multi agent
@article{guo2024large,
  title={Large language model based multi-agents: A survey of progress and challenges},
  author={Guo, Taicheng and Chen, Xiuying and Wang, Yaqi and Chang, Ruidi and Pei, Shichao and Chawla, Nitesh V and Wiest, Olaf and Zhang, Xiangliang},
  journal={arXiv preprint arXiv:2402.01680},
  year={2024}
}


@article{liu2024agentlite,
  title={AgentLite: A Lightweight Library for Building and Advancing Task-Oriented LLM Agent System},
  author={Liu, Zhiwei and Yao, Weiran and Zhang, Jianguo and Yang, Liangwei and Liu, Zuxin and Tan, Juntao and Choubey, Prafulla K and Lan, Tian and Wu, Jason and Wang, Huan and others},
  journal={arXiv preprint arXiv:2402.15538},
  year={2024}
}
@article{hong2023metagpt,
  title={Metagpt: Meta programming for multi-agent collaborative framework},
  author={Hong, Sirui and Zheng, Xiawu and Chen, Jonathan and Cheng, Yuheng and Wang, Jinlin and Zhang, Ceyao and Wang, Zili and Yau, Steven Ka Shing and Lin, Zijuan and Zhou, Liyang and others},
  journal={arXiv preprint arXiv:2308.00352},
  year={2023}
}

@article{wang2024rethinking,
  title={Rethinking the Bounds of LLM Reasoning: Are Multi-Agent Discussions the Key?},
  author={Wang, Qineng and Wang, Zihao and Su, Ying and Tong, Hanghang and Song, Yangqiu},
  journal={arXiv preprint arXiv:2402.18272},
  year={2024}
}


# In-Context Supervised Fine-tuning Methods
@article{li2023think,
  title={Think outside the code: Brainstorming boosts large language models in code generation},
  author={Li, Xin-Ye and Xue, Jiang-Tian and Xie, Zheng and Li, Ming},
  journal={arXiv preprint arXiv:2305.10679},
  year={2023}
}
@article{lee2023teaching,
  title={Teaching arithmetic to small transformers},
  author={Lee, Nayoung and Sreenivasan, Kartik and Lee, Jason D and Lee, Kangwook and Papailiopoulos, Dimitris},
  journal={arXiv preprint arXiv:2307.03381},
  year={2023}
}

@article{mukherjee2023orca,
  title={Orca: Progressive learning from complex explanation traces of gpt-4},
  author={Mukherjee, Subhabrata and Mitra, Arindam and Jawahar, Ganesh and Agarwal, Sahaj and Palangi, Hamid and Awadallah, Ahmed},
  journal={arXiv preprint arXiv:2306.02707},
  year={2023}
}

@inproceedings{wei2024magicoder,
  title={Magicoder: Empowering code generation with oss-instruct},
  author={Wei, Yuxiang and Wang, Zhe and Liu, Jiawei and Ding, Yifeng and Zhang, Lingming},
  booktitle={Forty-first International Conference on Machine Learning},
  year={2024}
}


% future work
@article{zhang2022automatic,
  title={Automatic chain of thought prompting in large language models},
  author={Zhang, Zhuosheng and Zhang, Aston and Li, Mu and Smola, Alex},
  journal={arXiv preprint arXiv:2210.03493},
  year={2022}
}
