@inproceedings{hicke2023t5,
  title={{T5 meets Tybalt: Author Attribution in Early Modern English Drama Using Large Language Models}},
  author={Hicke, Rebecca MM and Mimno, David},
  booktitle={Proceedings of the 4th Computational Humanities Research Conference (CHR 2023)},
  pages={274--302},
  year={2023},
}

@article{UCHIDA2024100089,
title = {{Using early LLMs for corpus linguistics: Examining ChatGPT's potential and limitations}},
journal = {Applied Corpus Linguistics},
volume = {4},
number = {1},
pages = {1--9},
year = {2024},
author = {Satoru Uchida},
}

@misc{kuzman2023troubling,
  title={{Troubling Times for PhD Research on Text Categorization? ChatGPT for Automatic Genre Identification}},
  author={Kuzman, Taja},
  year={2023}
}

@inproceedings{huang2024large,
      title={{Can Large Language Models Identify Authorship?}},
      author={Baixiang Huang and Canyu Chen and Kai Shu},
      year={2024},
      booktitle={Proceedings of the 2024 Conference on Empirical Methods in Natural Language Processing (EMNLP 2024)}
}

@misc{huang2024alms,
      title={{ALMs: Authorial Language Models for Authorship Attribution}}, 
      author={Weihang Huang and Akira Murakami and Jack Grieve},
      year={2024},
      eprint={2401.12005},
      archivePrefix={arXiv},
      primaryClass={cs.CL}
}

@misc{adewumi2024limitations,
      title={{On the Limitations of Large Language Models (LLMs): False Attribution}}, 
      author={Tosin Adewumi and Nudrat Habib and Lama Alkhaled and Elisa Barney},
      year={2024},
      eprint={2404.04631},
      archivePrefix={arXiv},
      primaryClass={cs.CL}
}

@inproceedings{najafi2022text,
  title={{Text-to-Text Transformer in Authorship Verification Via Stylistic and Semantical Analysis}},
  author={Najafi, Maryam and Tavan, Ehsan},
  year={2022},
  booktitle={Proceedings of the 13th Conference and Labs of the Evaluation Forum (CLEF 2022)}
}

@article{chung2022scaling,
      title={{Scaling Instruction-Finetuned Language Models}}, 
      author={Hyung Won Chung and Le Hou and Shayne Longpre and Barret Zoph and Yi Tay and William Fedus and Yunxuan Li and Xuezhi Wang and Mostafa Dehghani and Siddhartha Brahma and Albert Webson and Shixiang Shane Gu and Zhuyun Dai and Mirac Suzgun and Xinyun Chen and Aakanksha Chowdhery and Alex Castro-Ros and Marie Pellat and Kevin Robinson and Dasha Valter and Sharan Narang and Gaurav Mishra and Adams Yu and Vincent Zhao and Yanping Huang and Andrew Dai and Hongkun Yu and Slav Petrov and Ed H. Chi and Jeff Dean and Jacob Devlin and Adam Roberts and Denny Zhou and Quoc V. Le and Jason Wei},
      year={2024},
      journal={Journal of Machine Learning Research},
      volume={25},
      pages={1--53}
}

@misc{llama3,
  author = {Meta},
  title = {{Introducing Meta Llama 3: The most capable openly available LLM to date}},
  year = 2024,
  institution="Meta"
}

@article{smith2011improving,
  title={{Improving Authorship Attribution: Optimizing Burrows' Delta Method}},
  author={Smith, Peter WH and Aldridge, William},
  journal={Journal of Quantitative Linguistics},
  volume={18},
  number={1},
  pages={63--88},
  year={2011},
}

@inproceedings{
hu2022lora,
title={{LoRA: Low-Rank Adaptation of Large Language Models}},
author={Edward J Hu and Yelong Shen and Phillip Wallis and Zeyuan Allen-Zhu and Yuanzhi Li and Shean Wang and Lu Wang and Weizhu Chen},
booktitle={In the Proceedings of the 10th International Conference on Learning Representations (ICLR 2022)},
year={2022},
}

@article{monroe2008fightin,
  title={{Fightin' Words: Lexical Feature Selection and Evaluation for Identifying the Content of Political Conflict}},
  author={Monroe, Burt L and Colaresi, Michael P and Quinn, Kevin M},
  journal={Political Analysis},
  volume={16},
  number={4},
  pages={372--403},
  year={2008},
}

@inproceedings{NIPS2017_8a20a862,
 author = {Lundberg, Scott M and Lee, Su-In},
 booktitle = {Proceedings of the 31st Conference on Neural Information Processing Systems (NIPS 2017)},
 pages = {1--10},
 title = {{A Unified Approach to Interpreting Model Predictions}},
 year = {2017}
}

@inproceedings{sarti-etal-2023-inseq,
    title = {{Inseq: An Interpretability Toolkit for Sequence Generation Models}},
    author = "Sarti, Gabriele  and
      Feldhus, Nils  and
      Sickert, Ludwig  and
      van der Wal, Oskar and
      Nissim, Malvina and
      Bisazza, Arianna",
    booktitle = "Proceedings of the 61st Annual Meeting of the Association for Computational Linguistics (Volume 3: System Demonstrations)",
    year = "2023",
    pages = "421--435",
}

@inproceedings{chang-etal-2023-speak,
    title = {{Speak, Memory: An Archaeology of Books Known to {C}hat{GPT}/{GPT}-4}},
    author = "Chang, Kent  and
      Cramer, Mackenzie  and
      Soni, Sandeep  and
      Bamman, David",
    booktitle = "Proceedings of the 2023 Conference on Empirical Methods in Natural Language Processing (EMNLP 2023)",
    year = "2023",
    pages = "7312--7327",
}

@article{mosteller1972deciding,
  title={{Inference in an Authorship Problem: A Comparative Study of Discrimination Methods Applied to the Authorship of the Disputed Federalist Papers}},
  journal={Journal of the American Statistical Association},
  volume={58},
  number={302},
  author={Mosteller, Frederick and Wallace, David L},
  pages={275--309},
  year={1963},
}

@misc{xiao2023streamingllm,
        title={{Efficient Streaming Language Models with Attention Sinks}},
        author={Xiao, Guangxuan and Tian, Yuandong and Chen, Beidi and Han, Song and Lewis, Mike},
        journal={arXiv},
        year={2023}
        }


@inproceedings{d2023chatbot,
  title={{The Chatbot and the Canon: Poetry Memorization in LLMs}},
  author={D’Souza, Lyra and Mimno, David},
  booktitle={Proceedings of the 4th Computational Humanities Research Conference (CHR 2024)},
  pages={475--489},
  year={2023}
}

@misc{allison2011quantitative,
  title={{Quantitative Formalism: an Experiment}},
  author={Allison, Sarah and Ryan Heuser and Matthew Jockers and Franco Moretti and Miachel Witmore},
  year={2011},
  institution={Stanford Literary Lab}
}

@inproceedings{kim-etal-2017-investigating,
    title = {{Investigating the Relationship between Literary Genres and Emotional Plot Development}},
    author = "Kim, Evgeny  and
      Pad{\'o}, Sebastian  and
      Klinger, Roman",
    booktitle = "Proceedings of the Joint {SIGHUM} Workshop on Computational Linguistics for Cultural Heritage, Social Sciences, Humanities and Literature",
    year = "2017",
    pages = "17--26",
}

@book{calvo2021novel,
  title={{The Novel in the Spanish Silver Age: A Digital Analysis of Genre Using Machine Learning}},
  author={Calvo Tello, Jos{\'e}},
  year={2021},
  publisher={Bielefeld University Press}
}

@inproceedings{coll-ardanuy-sporleder-2014-structure,
    title = {{Structure-based Clustering of Novels}},
    author = "Coll Ardanuy, Mariona  and
      Sporleder, Caroline",
    booktitle = "Proceedings of the 3rd Workshop on Computational Linguistics for Literature ({CLFL})",
    year = "2014",
    doi = "10.3115/v1/W14-0905",
    pages = "31--39"
}

@article{sobchuk2024computational,
  title={{Computational thematics: comparing algorithms for clustering the genres of literary fiction}},
  author={Sobchuk, Oleg and {\v{S}}e{\c{l}}a, Artjoms},
  journal={Humanities and Social Sciences Communications},
  volume={11},
  number={1},
  pages={1--12},
  year={2024}
}

@inproceedings{underwood2013mapping,
  title={{Mapping Mutable Genres in Structurally Complex Volumes}},
  author={Underwood, Ted and Black, Michael L and Auvil, Loretta and Capitanu, Boris},
  booktitle={Proceedings of the 2013 IEEE International Conference on Big Data},
  pages={95--103},
  year={2013},
}

@article{al2018stylometric,
  title={{Stylometric analysis of classical Arabic texts for genre detection}},
  author={Al-Yahya, Maha},
  journal={The Electronic Library},
  volume={36},
  number={5},
  pages={842--855},
  year={2018}
}

@article{ardanuy2015clustering,
  title={{Clustering of Novels Represented as Social Networks}},
  author={Ardanuy, Mariona Coll and Sporleder, Caroline},
  journal={Linguistic Issues in Language Technology},
  volume={12},
  number={4},
  year={2015},
  pages={1--31}
}

@inproceedings{hettinger2016classification,
  title={{Classification of Literary Subgenres}},
  author={Hettinger, Lena and Reger, Isabella and Jannidis, Fotis and Hotho, Andreas},
  booktitle={Proceedings of the Jahrestagung des Verbands Digital Humanities im Deutschsprachigen Raum},
  year={2016}
}

@inproceedings{roussinov2025controlling,
  title={{Controlling Out-of-Domain Gaps in LLMs for Genre Classification and Generated Text Detection}},
  author={Roussinov, Dmitri and Sharoff, Serge and Puchnina, Nadezhda},
  booktitle={Proceedings of the 31st International Conference on Computational Linguistics (COLING 2025)},
  pages={3329--3344},
  year={2025}
}


@article{make5030059,
AUTHOR = {Kuzman, Taja and Mozetič, Igor and Ljubešić, Nikola},
TITLE = {{Automatic Genre Identification for Robust Enrichment of Massive Text Collections: Investigation of Classification Methods in the Era of Large Language Models}},
JOURNAL = {Machine Learning and Knowledge Extraction},
VOLUME = {5},
YEAR = {2023},
NUMBER = {3},
PAGES = {1149--1175},
DOI = {10.3390/make5030059}
}

@inproceedings{bamman2024classification,
  title={{On Classification with Large Language Models in Cultural Analytics}},
  author={Bamman, David and Chang, Kent K and Lucy, Li and Zhou, Naitian},
  booktitle={Proceedings of the 5th Computational Humanities Research Conference (CHR 2024)},
  pages={494--527},
  year={2024}
}

@inproceedings{sharmaa2020rise,
  title={{The Rise and Fall of Genre Differentiation in English-Language Fiction}},
  author={Sharmaa, Aniruddha and Hu, Y and Wu, P and Shang, W and Singhal, S and Underwood, T},
  booktitle={Proceedings of the 1st Workshop on Computational Humanities Research (CHR 2020)},
  pages={97--114},
  year={2020}
}

@misc{liu2020deepgenre,
  title={{DeepGenre: Deep Neural Networks for Genre Classification in Literary Works}},
  author={Liu, S and Huang, Z and Li, Y and Sun, Z and Wu, J and Zhang, H},
  year={2020}
}

@article{huang2024authorship,
  title={{Authorship Attribution in the Era of LLMs: Problems, Methodologies, and Challenges}},
  author={Huang, Baixiang and Chen, Canyu and Shu, Kai},
  journal={ACM SIGKDD Explorations Newsletter},
  volume = {26}, 
  number = {2}, 
  year={2025},
  pages = {21--43},
  publisher = {Association for Computing Machinery},
}

@inproceedings{vaswani2017attention,
  title={{Attention Is All You Need}},
   author = {Vaswani, Ashish and Shazeer, Noam and Parmar, Niki and Uszkoreit, Jakob and Jones, Llion and Gomez, Aidan N and Kaiser, \Lukasz and Polosukhin, Illia},
  booktitle={Proceedings of the 31st Conference on Neural Information Processing Systems (NIPS 2017)},
  year={2017},
  pages={1--11}
}

@misc{wen2024aidbench,
  title={{AIDBench: A benchmark for evaluating the authorship identification capability of large language models}},
  author={Wen, Zichen and Guo, Dadi and Zhang, Huishuai},
  journal={arXiv preprint arXiv:2411.13226},
  year={2024}
}

@article{underwood2016genres,
title = {{The Life Cycles of Genres}},
author = "Underwood, {William E}",
year = "2016",
doi = "10.22148/16.005",
journal = "Journal of Cultural Analytics",
volume = 2,
number = 2,
pages={1--25}
}