@article{UCHIDA2024100089,
title = {{Using early LLMs for corpus linguistics: Examining ChatGPT's potential and limitations}},
journal = {Applied Corpus Linguistics},
volume = {4},
number = {1},
pages = {1--9},
year = {2024},
author = {Satoru Uchida},
}

@misc{adewumi2024limitations,
      title={{On the Limitations of Large Language Models (LLMs): False Attribution}}, 
      author={Tosin Adewumi and Nudrat Habib and Lama Alkhaled and Elisa Barney},
      year={2024},
      eprint={2404.04631},
      archivePrefix={arXiv},
      primaryClass={cs.CL}
}

@article{al2018stylometric,
  title={{Stylometric analysis of classical Arabic texts for genre detection}},
  author={Al-Yahya, Maha},
  journal={The Electronic Library},
  volume={36},
  number={5},
  pages={842--855},
  year={2018}
}

@misc{allison2011quantitative,
  title={{Quantitative Formalism: an Experiment}},
  author={Allison, Sarah and Ryan Heuser and Matthew Jockers and Franco Moretti and Miachel Witmore},
  year={2011},
  institution={Stanford Literary Lab}
}

@article{ardanuy2015clustering,
  title={{Clustering of Novels Represented as Social Networks}},
  author={Ardanuy, Mariona Coll and Sporleder, Caroline},
  journal={Linguistic Issues in Language Technology},
  volume={12},
  number={4},
  year={2015},
  pages={1--31}
}

@inproceedings{bamman2024classification,
  title={{On Classification with Large Language Models in Cultural Analytics}},
  author={Bamman, David and Chang, Kent K and Lucy, Li and Zhou, Naitian},
  booktitle={Proceedings of the 5th Computational Humanities Research Conference (CHR 2024)},
  pages={494--527},
  year={2024}
}

@book{calvo2021novel,
  title={{The Novel in the Spanish Silver Age: A Digital Analysis of Genre Using Machine Learning}},
  author={Calvo Tello, Jos{\'e}},
  year={2021},
  publisher={Bielefeld University Press}
}

@inproceedings{coll-ardanuy-sporleder-2014-structure,
    title = {{Structure-based Clustering of Novels}},
    author = "Coll Ardanuy, Mariona  and
      Sporleder, Caroline",
    booktitle = "Proceedings of the 3rd Workshop on Computational Linguistics for Literature ({CLFL})",
    year = "2014",
    doi = "10.3115/v1/W14-0905",
    pages = "31--39"
}

@inproceedings{hettinger2016classification,
  title={{Classification of Literary Subgenres}},
  author={Hettinger, Lena and Reger, Isabella and Jannidis, Fotis and Hotho, Andreas},
  booktitle={Proceedings of the Jahrestagung des Verbands Digital Humanities im Deutschsprachigen Raum},
  year={2016}
}

@inproceedings{hicke2023t5,
  title={{T5 meets Tybalt: Author Attribution in Early Modern English Drama Using Large Language Models}},
  author={Hicke, Rebecca MM and Mimno, David},
  booktitle={Proceedings of the 4th Computational Humanities Research Conference (CHR 2023)},
  pages={274--302},
  year={2023},
}

@misc{huang2024alms,
      title={{ALMs: Authorial Language Models for Authorship Attribution}}, 
      author={Weihang Huang and Akira Murakami and Jack Grieve},
      year={2024},
      eprint={2401.12005},
      archivePrefix={arXiv},
      primaryClass={cs.CL}
}

@article{huang2024authorship,
  title={{Authorship Attribution in the Era of LLMs: Problems, Methodologies, and Challenges}},
  author={Huang, Baixiang and Chen, Canyu and Shu, Kai},
  journal={ACM SIGKDD Explorations Newsletter},
  volume = {26}, 
  number = {2}, 
  year={2025},
  pages = {21--43},
  publisher = {Association for Computing Machinery},
}

@inproceedings{huang2024large,
      title={{Can Large Language Models Identify Authorship?}},
      author={Baixiang Huang and Canyu Chen and Kai Shu},
      year={2024},
      booktitle={Proceedings of the 2024 Conference on Empirical Methods in Natural Language Processing (EMNLP 2024)}
}

@inproceedings{kim-etal-2017-investigating,
    title = {{Investigating the Relationship between Literary Genres and Emotional Plot Development}},
    author = "Kim, Evgeny  and
      Pad{\'o}, Sebastian  and
      Klinger, Roman",
    booktitle = "Proceedings of the Joint {SIGHUM} Workshop on Computational Linguistics for Cultural Heritage, Social Sciences, Humanities and Literature",
    year = "2017",
    pages = "17--26",
}

@misc{kuzman2023troubling,
  title={{Troubling Times for PhD Research on Text Categorization? ChatGPT for Automatic Genre Identification}},
  author={Kuzman, Taja},
  year={2023}
}

@misc{liu2020deepgenre,
  title={{DeepGenre: Deep Neural Networks for Genre Classification in Literary Works}},
  author={Liu, S and Huang, Z and Li, Y and Sun, Z and Wu, J and Zhang, H},
  year={2020}
}

@article{make5030059,
AUTHOR = {Kuzman, Taja and Mozetič, Igor and Ljubešić, Nikola},
TITLE = {{Automatic Genre Identification for Robust Enrichment of Massive Text Collections: Investigation of Classification Methods in the Era of Large Language Models}},
JOURNAL = {Machine Learning and Knowledge Extraction},
VOLUME = {5},
YEAR = {2023},
NUMBER = {3},
PAGES = {1149--1175},
DOI = {10.3390/make5030059}
}

@inproceedings{najafi2022text,
  title={{Text-to-Text Transformer in Authorship Verification Via Stylistic and Semantical Analysis}},
  author={Najafi, Maryam and Tavan, Ehsan},
  year={2022},
  booktitle={Proceedings of the 13th Conference and Labs of the Evaluation Forum (CLEF 2022)}
}

@inproceedings{roussinov2025controlling,
  title={{Controlling Out-of-Domain Gaps in LLMs for Genre Classification and Generated Text Detection}},
  author={Roussinov, Dmitri and Sharoff, Serge and Puchnina, Nadezhda},
  booktitle={Proceedings of the 31st International Conference on Computational Linguistics (COLING 2025)},
  pages={3329--3344},
  year={2025}
}

@inproceedings{sharmaa2020rise,
  title={{The Rise and Fall of Genre Differentiation in English-Language Fiction}},
  author={Sharmaa, Aniruddha and Hu, Y and Wu, P and Shang, W and Singhal, S and Underwood, T},
  booktitle={Proceedings of the 1st Workshop on Computational Humanities Research (CHR 2020)},
  pages={97--114},
  year={2020}
}

@article{sobchuk2024computational,
  title={{Computational thematics: comparing algorithms for clustering the genres of literary fiction}},
  author={Sobchuk, Oleg and {\v{S}}e{\c{l}}a, Artjoms},
  journal={Humanities and Social Sciences Communications},
  volume={11},
  number={1},
  pages={1--12},
  year={2024}
}

@inproceedings{underwood2013mapping,
  title={{Mapping Mutable Genres in Structurally Complex Volumes}},
  author={Underwood, Ted and Black, Michael L and Auvil, Loretta and Capitanu, Boris},
  booktitle={Proceedings of the 2013 IEEE International Conference on Big Data},
  pages={95--103},
  year={2013},
}

@article{underwood2016genres,
title = {{The Life Cycles of Genres}},
author = "Underwood, {William E}",
year = "2016",
doi = "10.22148/16.005",
journal = "Journal of Cultural Analytics",
volume = 2,
number = 2,
pages={1--25}
}

@inproceedings{vaswani2017attention,
  title={{Attention Is All You Need}},
   author = {Vaswani, Ashish and Shazeer, Noam and Parmar, Niki and Uszkoreit, Jakob and Jones, Llion and Gomez, Aidan N and Kaiser, \Lukasz and Polosukhin, Illia},
  booktitle={Proceedings of the 31st Conference on Neural Information Processing Systems (NIPS 2017)},
  year={2017},
  pages={1--11}
}

@misc{wen2024aidbench,
  title={{AIDBench: A benchmark for evaluating the authorship identification capability of large language models}},
  author={Wen, Zichen and Guo, Dadi and Zhang, Huishuai},
  journal={arXiv preprint arXiv:2411.13226},
  year={2024}
}

