
@inproceedings{smithFoundationsQuantitativeInformation2009,
	address = {Berlin, Heidelberg},
	series = {Lecture {Notes} in {Computer} {Science}},
	title = {On the {Foundations} of {Quantitative} {Information} {Flow}},
	isbn = {978-3-642-00596-1},
	doi = {10.1007/978-3-642-00596-1_21},
	language = {en},
	booktitle = {Foundations of {Software} {Science} and {Computational} {Structures}},
	publisher = {Springer},
	author = {Smith, Geoffrey},
	editor = {de Alfaro, Luca},
	year = {2009},
	keywords = {Equivalence Class, Mutual Information, Probabilistic Program, Shannon Entropy, Threat Model},
	pages = {288--302},
	file = {Full Text PDF:/Users/Jie/Zotero/storage/6ND3STC2/Smith - 2009 - On the Foundations of Quantitative Information Flo.pdf:application/pdf},
}


@article{jaeger2000observable,
  title={Observable operator models for discrete stochastic time series},
  author={Jaeger, Herbert},
  journal={Neural computation},
  volume={12},
  number={6},
  pages={1371--1398},
  year={2000}
}

@inproceedings{khouzaniLeakageMinimalDesignUniversality2017,
	address = {Santa Barbara, CA},
	title = {Leakage-{Minimal} {Design}: {Universality}, {Limitations}, and {Applications}},
	isbn = {978-1-5386-3217-8},
	shorttitle = {Leakage-{Minimal} {Design}},
	url = {https://ieeexplore.ieee.org/document/8049728/},
	doi = {10.1109/CSF.2017.40},
	language = {en},
	urldate = {2023-05-30},
	booktitle = {2017 {IEEE} 30th {Computer} {Security} {Foundations} {Symposium} ({CSF})},
	publisher = {IEEE},
	author = {Khouzani, Mhr. and Malacaria, Pasquale},
	month = aug,
	year = {2017},
	keywords = {shuo-arl, tbam\_tech\_master},
	pages = {305--317},
	file = {Khouzani and Malacaria - 2017 - Leakage-Minimal Design Universality, Limitations,.pdf:/Users/Jie/Zotero/storage/MDCUNMP2/Khouzani and Malacaria - 2017 - Leakage-Minimal Design Universality, Limitations,.pdf:application/pdf},
}

@inproceedings{song2010hilbert,
    author={Song, Le and Boots, Byron and Siddiqi, Sajid M and Gordon, Geoffrey J and Smola, Alex},
    title={Hilbert space embeddings of hidden Markov models},
    booktitle={Proceedings of the International Conference on Machine Learning},
     year={2010}
}

@article{jacob2016overview,
  title={Overview of discrete event systems opacity: Models, validation, and quantification},
  author={Jacob, Romain and Lesage, Jean-Jacques and Faure, Jean-Marc},
  journal={Annual reviews in control},
  volume={41},
  pages={135--146},
  year={2016},
  publisher={Elsevier}
}

@misc{ZackWhittaker,
    title={How Strava's "anonymized" fitness tracking data spilled government secrets},
    author={Zack Whittaker},
    howpublished={\url{https://www.zdnet.com/article/strava-anonymized-fitness-tracking-data-government-opsec/}},
    note={published: 2018-01-29}
    
}

@misc{JimCottons,
    title={How Strava Data Leaked Locations of Trump, Putin, Macron, and More},
    author={Jim Cotton},
    howpublished={\url{https://velo.outsideonline.com/news/how-strava-data-leaked-locations-of-world-leaders-including-trump-putin-macron/}},
    note={published: 2024-11-07}
    
}

@article{zeng2019quantitative,
  title={Quantitative analysis of opacity in cloud computing systems},
  author={Zeng, Wen and Koutny, Maciej},
  journal={IEEE Transactions on Cloud Computing},
  volume={9},
  number={3},
  pages={1210--1219},
  year={2019},
  publisher={IEEE}
}

@article{mazare2004using,
  title={Using unification for opacity properties},
  author={Mazar{\'e}, Laurent},
  journal={Proceedings of the 4th IFIP WG1},
  volume={7},
  pages={165--176},
  year={2004}
}

@article{watson2012multi,
  title={A multi-level security model for partitioning workflows over federated clouds},
  author={Watson, Paul},
  journal={Journal of Cloud Computing: Advances, Systems and Applications},
  volume={1},
  pages={1--15},
  year={2012},
  publisher={Springer}
}

@article{guo2020overview,
  title={Overview of opacity in discrete event systems},
  author={Guo, Ye and Jiang, Xiaoning and Guo, Chen and Wang, Shouguang and Karoui, Oussama},
  journal={IEEE Access},
  volume={8},
  pages={48731--48741},
  year={2020},
  publisher={IEEE}
}

@article{berard2015probabilistic,
  title={Probabilistic opacity for Markov decision processes},
  author={B{\'e}rard, B{\'e}atrice and Chatterjee, Krishnendu and Sznajder, Nathalie},
  journal={Information Processing Letters},
  volume={115},
  number={1},
  pages={52--59},
  year={2015},
  publisher={Elsevier}
}

@article{bryans2008opacity,
  title={Opacity generalised to transition systems},
  author={Bryans, Jeremy W and Koutny, Maciej and Mazar{\'e}, Laurent and Ryan, Peter YA},
  journal={International Journal of Information Security},
  volume={7},
  pages={421--435},
  year={2008},
  publisher={Springer}
}

@article{bryans2005modelling,
  title={Modelling opacity using Petri nets},
  author={Bryans, Jeremy W and Koutny, Maciej and Ryan, Peter YA},
  journal={Electronic Notes in Theoretical Computer Science},
  volume={121},
  pages={101--115},
  year={2005},
  publisher={Elsevier}
}

@article{keroglou2018probabilistic,
  title={Probabilistic system opacity in discrete event systems},
  author={Keroglou, Christoforos and Hadjicostis, Christoforos N},
  journal={Discrete Event Dynamic Systems},
  volume={28},
  pages={289--314},
  year={2018},
  publisher={Springer}
}

@inproceedings{saboori2007notions,
  title={Notions of security and opacity in discrete event systems},
  author={Saboori, Anooshiravan and Hadjicostis, Christoforos N},
  booktitle={2007 46th IEEE Conference on Decision and Control},
  pages={5056--5061},
  year={2007},
  organization={IEEE}
}

@book{saboori2010verification,
  title={Verification and enforcement of state-based notions of opacity in discrete event systems},
  author={Saboori, Anooshiravan},
  year={2010},
  publisher={University of Illinois at Urbana-Champaign}
}

@article{saboori2011opacity,
  title={Opacity-enforcing supervisory strategies via state estimator constructions},
  author={Saboori, Anooshiravan and Hadjicostis, Christoforos N},
  journal={IEEE Transactions on Automatic Control},
  volume={57},
  number={5},
  pages={1155--1165},
  year={2011},
  publisher={IEEE}
}

@article{wu2013comparative,
  title={Comparative analysis of related notions of opacity in centralized and coordinated architectures},
  author={Wu, Yi-Chin and Lafortune, St{\'e}phane},
  journal={Discrete Event Dynamic Systems},
  volume={23},
  number={3},
  pages={307--339},
  year={2013},
  publisher={Springer}
}

@inproceedings{udupa2023opacity,
  title={Opacity-enforcing active perception and control against eavesdropping attacks},
  author={Udupa, Sumukha and Rahmani, Hazhar and Fu, Jie},
  booktitle={International Conference on Decision and Game Theory for Security},
  pages={329--348},
  year={2023},
  organization={Springer}
}

@article{xie2021opacity,
  title={Opacity enforcing supervisory control using nondeterministic supervisors},
  author={Xie, Yifan and Yin, Xiang and Li, Shaoyuan},
  journal={IEEE Transactions on Automatic Control},
  volume={67},
  number={12},
  pages={6567--6582},
  year={2021},
  publisher={IEEE}
}

@article{yin2019infinite,
  title={Infinite-step opacity and K-step opacity of stochastic discrete-event systems},
  author={Yin, Xiang and Li, Zhaojian and Wang, Weilin and Li, Shaoyuan},
  journal={Automatica},
  volume={99},
  pages={266--274},
  year={2019},
  publisher={Elsevier}
}

@article{saboori2013current,
  title={Current-state opacity formulations in probabilistic finite automata},
  author={Saboori, Anooshiravan and Hadjicostis, Christoforos N},
  journal={IEEE Transactions on automatic control},
  volume={59},
  number={1},
  pages={120--133},
  year={2013},
  publisher={IEEE}
}


@inproceedings{saboori2010opacity,
  title={Opacity verification in stochastic discrete event systems},
  author={Saboori, Anooshiravan and Hadjicostis, Christoforos N},
  booktitle={49th IEEE Conference on Decision and Control (CDC)},
  pages={6759--6764},
  year={2010},
  organization={IEEE}
}

@article{shi2024information,
  title={Information-Theoretic Opacity-Enforcement in Markov Decision Processes},
  author={Shi, Chongyang and Bu, Yuheng and Fu, Jie},
  journal={arXiv preprint arXiv:2405.00157},
  year={2024}
}



@article{udupa2024planning,
  title={Planning with Probabilistic Opacity and Transparency: A Computational Model of Opaque/Transparent Observations},
  author={Udupa, Sumukha and Fu, Jie},
  journal={arXiv preprint arXiv:2405.05408},
  year={2024}
}


@article{berard2015quantifying,
  title={Quantifying opacity},
  author={B{\'e}rard, B{\'e}atrice and Mullins, John and Sassolas, Mathieu},
  journal={Mathematical Structures in Computer Science},
  volume={25},
  number={2},
  pages={361--403},
  year={2015},
  publisher={Cambridge University Press}
}

@article{helouet2018opacity,
  title={Opacity with powerful attackers},
  author={H{\'e}lou{\"e}t, Lo{\"\i}c and Marchand, Herv{\'e} and Ricker, Laurie},
  journal={IFAC-PapersOnLine},
  volume={51},
  number={7},
  pages={464--471},
  year={2018},
  publisher={Elsevier}
}

@article{cassez2012synthesis,
  title={Synthesis of opaque systems with static and dynamic masks},
  author={Cassez, Franck and Dubreil, J{\'e}r{\'e}my and Marchand, Herv{\'e}},
  journal={Formal Methods in System Design},
  volume={40},
  pages={88--115},
  year={2012},
  publisher={Springer}
}

@article{yin2019synthesis,
  title={Synthesis of dynamic masks for infinite-step opacity},
  author={Yin, Xiang and Li, Shaoyuan},
  journal={IEEE Transactions on Automatic Control},
  volume={65},
  number={4},
  pages={1429--1441},
  year={2019},
  publisher={IEEE}
}

@article{ji2019opacity,
  title={Opacity enforcement using nondeterministic publicly known edit functions},
  author={Ji, Yiding and Yin, Xiang and Lafortune, St{\'e}phane},
  journal={IEEE Transactions on Automatic Control},
  volume={64},
  number={10},
  pages={4369--4376},
  year={2019},
  publisher={IEEE}
}

@article{ji2018enforcement,
  title={Enforcement of opacity by public and private insertion functions},
  author={Ji, Yiding and Wu, Yi-Chin and Lafortune, St{\'e}phane},
  journal={Automatica},
  volume={93},
  pages={369--378},
  year={2018},
  publisher={Elsevier}
}

@article{sears2016minimal,
  title={Minimal sensor activation and minimal communication in discrete-event systems},
  author={Sears, David and Rudie, Karen},
  journal={Discrete Event Dynamic Systems},
  volume={26},
  number={2},
  pages={295--349},
  year={2016},
  publisher={Springer}
}

@article{cassez2008fault,
  title={Fault diagnosis with static and dynamic observers},
  author={Cassez, Franck and Tripakis, Stavros},
  journal={Fundamenta informaticae},
  volume={88},
  number={4},
  pages={497--540},
  year={2008},
  publisher={IOS Press}
}

@article{thorsley2007active,
  title={Active acquisition of information for diagnosis and supervisory control of discrete event systems},
  author={Thorsley, David and Teneketzis, Demosthenis},
  journal={Discrete Event Dynamic Systems},
  volume={17},
  pages={531--583},
  year={2007},
  publisher={Springer}
}

@article{wang2010minimization,
  title={Minimization of dynamic sensor activation in discrete event systems for the purpose of control},
  author={Wang, Weilin and Lafortune, St{\'e}phane and Lin, Feng and Girard, Anouck R},
  journal={IEEE Transactions on Automatic Control},
  volume={55},
  number={11},
  pages={2447--2461},
  year={2010},
  publisher={IEEE}
}

@article{shu2013online,
  title={Online sensor activation for detectability of discrete event systems},
  author={Shu, Shaolong and Huang, Zhiqiang and Lin, Feng},
  journal={IEEE Transactions on Automation Science and Engineering},
  volume={10},
  number={2},
  pages={457--461},
  year={2013},
  publisher={IEEE}
}

@article{yin2019general,
  title={A general approach for optimizing dynamic sensor activation for discrete event systems},
  author={Yin, Xiang and Lafortune, St{\'e}phane},
  journal={Automatica},
  volume={105},
  pages={376--383},
  year={2019},
  publisher={Elsevier}
}

@article{zhang2015maximum,
  title={Maximum information release while ensuring opacity in discrete event systems},
  author={Zhang, Bo and Shu, Shaolong and Lin, Feng},
  journal={IEEE Transactions on Automation Science and Engineering},
  volume={12},
  number={3},
  pages={1067--1079},
  year={2015},
  publisher={IEEE}
}

@inproceedings{wintenberg2022dynamic,
  title={A dynamic obfuscation framework for security and utility},
  author={Wintenberg, Andrew and Blischke, Matthew and Lafortune, St{\'e}phane and Ozay, Necmiye},
  booktitle={2022 ACM/IEEE 13th International Conference on Cyber-Physical Systems (ICCPS)},
  pages={236--246},
  year={2022},
  organization={IEEE}
}

@article{hassan2019differential,
  title={Differential privacy techniques for cyber physical systems: A survey},
  author={Hassan, Muneeb Ul and Rehmani, Mubashir Husain and Chen, Jinjun},
  journal={IEEE Communications Surveys \& Tutorials},
  volume={22},
  number={1},
  pages={746--789},
  year={2019},
  publisher={IEEE}
}

@article{sutton1999policy,
  title={Policy gradient methods for reinforcement learning with function approximation},
  author={Sutton, Richard S and McAllester, David and Singh, Satinder and Mansour, Yishay},
  journal={Advances in neural information processing systems},
  volume={12},
  year={1999}
}