@inproceedings{BEATs,
  author       = {Sanyuan Chen and
                  Yu Wu and
                  Chengyi Wang and
                  Shujie Liu and
                  Daniel Tompkins and
                  Zhuo Chen and
                  Wanxiang Che and
                  Xiangzhan Yu and
                  Furu Wei},
  editor       = {Andreas Krause and
                  Emma Brunskill and
                  Kyunghyun Cho and
                  Barbara Engelhardt and
                  Sivan Sabato and
                  Jonathan Scarlett},
  title        = {BEATs: Audio Pre-Training with Acoustic Tokenizers},
  booktitle    = {International Conference on Machine Learning, {ICML} 2023, 23-29 July
                  2023, Honolulu, Hawaii, {USA}},
  series       = {Proceedings of Machine Learning Research},
  volume       = {202},
  pages        = {5178--5193},
  publisher    = {{PMLR}},
  year         = {2023},
  url          = {https://proceedings.mlr.press/v202/chen23ag.html},
  timestamp    = {Wed, 12 Jun 2024 14:22:04 +0200},
  biburl       = {https://dblp.org/rec/conf/icml/ChenW00T0CYW23.bib},
  bibsource    = {dblp computer science bibliography, https://dblp.org}
}

@article{GAMA,
  author       = {Sreyan Ghosh and
                  Sonal Kumar and
                  Ashish Seth and
                  Chandra Kiran Reddy Evuru and
                  Utkarsh Tyagi and
                  Sakshi Singh and
                  Oriol Nieto and
                  Ramani Duraiswami and
                  Dinesh Manocha},
  title        = {{GAMA:} {A} Large Audio-Language Model with Advanced Audio Understanding
                  and Complex Reasoning Abilities},
  journal      = {arXiv preprint arXiv:2406.11768},
  year         = {2024},
}

@article{SALMONN,
  title={Salmonn: Towards generic hearing abilities for large language models},
  author={Tang, Changli and Yu, Wenyi and Sun, Guangzhi and Chen, Xianzhao and Tan, Tian and Li, Wei and Lu, Lu and Ma, Zejun and Zhang, Chao},
  journal={arXiv preprint arXiv:2310.13289},
  year={2023}
}

@article{WavLM,
  author       = {Sanyuan Chen and
                  Chengyi Wang and
                  Zhengyang Chen and
                  Yu Wu and
                  Shujie Liu and
                  Zhuo Chen and
                  Jinyu Li and
                  Naoyuki Kanda and
                  Takuya Yoshioka and
                  Xiong Xiao and
                  Jian Wu and
                  Long Zhou and
                  Shuo Ren and
                  Yanmin Qian and
                  Yao Qian and
                  Jian Wu and
                  Michael Zeng and
                  Xiangzhan Yu and
                  Furu Wei},
  title        = {WavLM: Large-Scale Self-Supervised Pre-Training for Full Stack Speech
                  Processing},
  journal      = {{IEEE} J. Sel. Top. Signal Process.},
  volume       = {16},
  number       = {6},
  pages        = {1505--1518},
  year         = {2022},
  url          = {https://doi.org/10.1109/JSTSP.2022.3188113},
  doi          = {10.1109/JSTSP.2022.3188113},
  timestamp    = {Fri, 13 Dec 2024 07:52:49 +0100},
  biburl       = {https://dblp.org/rec/journals/jstsp/ChenWCWLCLKYXWZ22.bib},
  bibsource    = {dblp computer science bibliography, https://dblp.org}
}

@article{audiobench,
  title={Audiobench: A universal benchmark for audio large language models},
  author={Wang, Bin and Zou, Xunlong and Lin, Geyu and Sun, Shuo and Liu, Zhuohan and Zhang, Wenyu and Liu, Zhengyuan and Aw, AiTi and Chen, Nancy F},
  journal={arXiv preprint arXiv:2406.16020},
  year={2024}
}

@article{bu2024roadmap,
  title={Roadmap towards superhuman speech understanding using large language models},
  author={Bu, Fan and Zhang, Yuhao and Wang, Xidong and Wang, Benyou and Liu, Qun and Li, Haizhou},
  journal={arXiv preprint arXiv:2410.13268},
  year={2024}
}

@inproceedings{dynamic_superb,
  author       = {Chien{-}Yu Huang and
                  Ke{-}Han Lu and
                  Shih{-}Heng Wang and
                  Chi{-}Yuan Hsiao and
                  Chun{-}Yi Kuan and
                  Haibin Wu and
                  Siddhant Arora and
                  Kai{-}Wei Chang and
                  Jiatong Shi and
                  Yifan Peng and
                  Roshan S. Sharma and
                  Shinji Watanabe and
                  Bhiksha Ramakrishnan and
                  Shady Shehata and
                  Hung{-}Yi Lee},
  title        = {Dynamic-Superb: Towards a Dynamic, Collaborative, and Comprehensive
                  Instruction-Tuning Benchmark For Speech},
  booktitle    = {{IEEE} International Conference on Acoustics, Speech and Signal Processing,
                  {ICASSP} 2024, Seoul, Republic of Korea, April 14-19, 2024},
  pages        = {12136--12140},
  publisher    = {{IEEE}},
  year         = {2024},
  url          = {https://doi.org/10.1109/ICASSP48485.2024.10448257},
  doi          = {10.1109/ICASSP48485.2024.10448257},
  timestamp    = {Wed, 07 Aug 2024 12:26:13 +0200},
  biburl       = {https://dblp.org/rec/conf/icassp/HuangLWHKWACSPS24.bib},
  bibsource    = {dblp computer science bibliography, https://dblp.org}
}

@article{fang2024llama,
  title={Llama-omni: Seamless speech interaction with large language models},
  author={Fang, Qingkai and Guo, Shoutao and Zhou, Yan and Ma, Zhengrui and Zhang, Shaolei and Feng, Yang},
  journal={arXiv preprint arXiv:2409.06666},
  year={2024}
}

@article{geng2025osum,
  title={OSUM: Advancing Open Speech Understanding Models with Limited Resources in Academia},
  author={Geng, Xuelong and Wei, Kun and Shao, Qijie and Liu, Shuiyun and Lin, Zhennan and Zhao, Zhixian and Li, Guojian and Tian, Wenjie and Chen, Peikun and Li, Yangze and others},
  journal={arXiv preprint arXiv:2501.13306},
  year={2025}
}

@article{ji2024wavchat,
  title={WavChat: A Survey of Spoken Dialogue Models},
  author={Ji, Shengpeng and Chen, Yifu and Fang, Minghui and Zuo, Jialong and Lu, Jingyu and Wang, Hanting and Jiang, Ziyue and Zhou, Long and Liu, Shujie and Cheng, Xize and others},
  journal={arXiv preprint arXiv:2411.13577},
  year={2024}
}

@article{qwen2audio,
  title={Qwen2-Audio Technical Report},
  author={Chu, Yunfei and Xu, Jin and Yang, Qian and Wei, Haojie and Wei, Xipin and Guo, Zhifang and Leng, Yichong and Lv, Yuanjun and He, Jinzheng and Lin, Junyang and others},
  journal={arXiv preprint arXiv:2407.10759},
  year={2024}
}

@article{qwenaudio,
  title={Qwen-audio: Advancing universal audio understanding via unified large-scale audio-language models},
  author={Chu, Yunfei and Xu, Jin and Zhou, Xiaohuan and Yang, Qian and Zhang, Shiliang and Yan, Zhijie and Zhou, Chang and Zhou, Jingren},
  journal={arXiv preprint arXiv:2311.07919},
  year={2023}
}

@article{sdeval,
  title={SD-Eval: A Benchmark Dataset for Spoken Dialogue Understanding Beyond Words},
  author={Ao, Junyi and Wang, Yuancheng and Tian, Xiaohai and Chen, Dekun and Zhang, Jun and Lu, Lu and Wang, Yuxuan and Li, Haizhou and Wu, Zhizheng},
  journal={arXiv preprint arXiv:2406.13340},
  year={2024}
}

@inproceedings{song-etal-2025-less,
    title = "Less is More: A Simple yet Effective Token Reduction Method for Efficient Multi-modal {LLM}s",
    author = "Song, Dingjie  and
      Wang, Wenjun  and
      Chen, Shunian  and
      Wang, Xidong  and
      Guan, Michael X.  and
      Wang, Benyou",
    editor = "Rambow, Owen  and
      Wanner, Leo  and
      Apidianaki, Marianna  and
      Al-Khalifa, Hend  and
      Eugenio, Barbara Di  and
      Schockaert, Steven",
    booktitle = "Proceedings of the 31st International Conference on Computational Linguistics",
    month = jan,
    year = "2025",
    address = "Abu Dhabi, UAE",
    publisher = "Association for Computational Linguistics",
    url = "https://aclanthology.org/2025.coling-main.508/",
    pages = "7614--7623",

}

@article{wavllm,
  title={Wavllm: Towards robust and adaptive speech large language model},
  author={Hu, Shujie and Zhou, Long and Liu, Shujie and Chen, Sanyuan and Hao, Hongkun and Pan, Jing and Liu, Xunying and Li, Jinyu and Sivasankaran, Sunit and Liu, Linquan and others},
  journal={arXiv preprint arXiv:2404.00656},
  year={2024}
}

@article{zhou2024lima,
  title={Lima: Less is more for alignment},
  author={Zhou, Chunting and Liu, Pengfei and Xu, Puxin and Iyer, Srinivasan and Sun, Jiao and Mao, Yuning and Ma, Xuezhe and Efrat, Avia and Yu, Ping and Yu, Lili and others},
  journal={Advances in Neural Information Processing Systems},
  volume={36},
  year={2024}
}

