@article{borgonovo2016sensitivity,
	title={Sensitivity analysis: A review of recent advances},
	author={Borgonovo, Emanuele and Plischke, Elmar},
	journal={European Journal of Operational Research},
	volume={248},
	number={3},
	pages={869--887},
	year={2016},
	publisher={Elsevier}
}

@article{fissler2023sensitivity,
	title={Sensitivity measures based on scoring functions},
	author={Fissler, Tobias and Pesenti, Silvana M},
	journal={European Journal of Operational Research},
	volume={307},
	number={3},
	pages={1408--1423},
	year={2023},
	publisher={Elsevier}
}

@inproceedings{gorbunov2021marina,
	title={MARINA: Faster non-convex distributed learning with compression},
	author={Gorbunov, Eduard and Burlachenko, Konstantin P and Li, Zhize and Richt{\'a}rik, Peter},
	booktitle={International Conference on Machine Learning},
	pages={3788--3798},
	year={2021},
	organization={PMLR}
}

@book{isichenko2021quantitative,
	title={Quantitative portfolio management: The art and science of statistical arbitrage},
	author={Isichenko, Michael},
	year={2021},
	publisher={John Wiley \& Sons}
}

@book{karatzas2021portfolio,
	title={Portfolio theory and arbitrage: a course in mathematical finance},
	author={Karatzas, Ioannis and Kardaras, Constantinos},
	volume={214},
	year={2021},
	publisher={American Mathematical Soc.}
}

@inproceedings{karimireddy2020scaffold,
	title={Scaffold: Stochastic controlled averaging for federated learning},
	author={Karimireddy, Sai Praneeth and Kale, Satyen and Mohri, Mehryar and Reddi, Sashank and Stich, Sebastian and Suresh, Ananda Theertha},
	booktitle={International conference on machine learning},
	pages={5132--5143},
	year={2020},
	organization={PMLR}
}

@inproceedings{khaled2020tighter,
	title={Tighter theory for local SGD on identical and heterogeneous data},
	author={Khaled, Ahmed and Mishchenko, Konstantin and Richt{\'a}rik, Peter},
	booktitle={International Conference on Artificial Intelligence and Statistics},
	pages={4519--4529},
	year={2020},
	organization={PMLR}
}

@article{li2020federated,
	title={Federated optimization in heterogeneous networks},
	author={Li, Tian and Sahu, Anit Kumar and Zaheer, Manzil and Sanjabi, Maziar and Talwalkar, Ameet and Smith, Virginia},
	journal={Proceedings of Machine Learning and Systems},
	volume={2},
	pages={429--450},
	year={2020}
}

@article{pesenti2021cascade,
	title={Cascade sensitivity measures},
	author={Pesenti, Silvana M and Millossovich, Pietro and Tsanakas, Andreas},
	journal={Risk Analysis},
	volume={41},
	number={12},
	pages={2392--2414},
	year={2021},
	publisher={Wiley Online Library}
}

@article{pesenti2024differential,
	title={Differential quantile-based sensitivity in discontinuous models},
	author={Pesenti, Silvana M and Millossovich, Pietro and Tsanakas, Andreas},
	journal={European Journal of Operational Research},
	year={2024},
	publisher={Elsevier}
}

@inproceedings{shang2021capital,
	title={Capital Structure and Arbitrage},
	author={Shang, Ke},
	booktitle={2021 3rd International Conference on Economic Management and Cultural Industry (ICEMCI 2021)},
	pages={414--417},
	year={2021},
	organization={Atlantis Press}
}

@article{wang2019adaptive,
	title={Adaptive federated learning in resource constrained edge computing systems},
	author={Wang, Shiqiang and Tuor, Tiffany and Salonidis, Theodoros and Leung, Kin K and Makaya, Christian and He, Ting and Chan, Kevin},
	journal={IEEE Journal on Selected Areas in Communications},
	volume={37},
	number={6},
	pages={1205--1221},
	year={2019},
	publisher={IEEE}
}

@article{xu2023personalized,
	title={Personalized federated learning with feature alignment and classifier collaboration},
	author={Xu, Jian and Tong, Xinyi and Huang, Shao-Lun},
	journal={arXiv preprint arXiv:2306.11867},
	year={2023}
}

@article{yang2021achieving,
	title={Achieving linear speedup with partial worker participation in non-iid federated learning},
	author={Yang, Haibo and Fang, Minghong and Liu, Jia},
	journal={arXiv preprint arXiv:2101.11203},
	year={2021}
}

@inproceedings{yi2023fedgh,
	title={FedGH: Heterogeneous federated learning with generalized global header},
	author={Yi, Liping and Wang, Gang and Liu, Xiaoguang and Shi, Zhuan and Yu, Han},
	booktitle={Proceedings of the 31st ACM International Conference on Multimedia},
	pages={8686--8696},
	year={2023}
}

@article{zhang2024eliminating,
	title={Eliminating domain bias for federated learning in representation space},
	author={Zhang, Jianqing and Hua, Yang and Cao, Jian and Wang, Hao and Song, Tao and Xue, Zhengui and Ma, Ruhui and Guan, Haibing},
	journal={Advances in Neural Information Processing Systems},
	volume={36},
	year={2024}
}

@article{zhao2018federated,
	title={Federated learning with non-iid data},
	author={Zhao, Yue and Li, Meng and Lai, Liangzhen and Suda, Naveen and Civin, Damon and Chandra, Vikas},
	journal={arXiv preprint arXiv:1806.00582},
	year={2018}
}

