@article{li2024convergence,
	title={Convergence analysis of sequential federated learning on heterogeneous data},
	author={Li, Yipeng and Lyu, Xinchen},
	journal={Advances in Neural Information Processing Systems},
	volume={36},
	year={2024}
}

@article{shi2023personalized,
	title={Personalized federated learning via domain adaptation with an application to distributed 3D printing},
	author={Shi, Naichen and Kontar, Raed Al},
	journal={Technometrics},
	volume={65},
	number={3},
	pages={328--339},
	year={2023},
	publisher={Taylor \& Francis}
}

@inproceedings{tan2022fedproto,
	title={Fedproto: Federated prototype learning across heterogeneous clients},
	author={Tan, Yue and Long, Guodong and Liu, Lu and Zhou, Tianyi and Lu, Qinghua and Jiang, Jing and Zhang, Chengqi},
	booktitle={Proceedings of the AAAI Conference on Artificial Intelligence},
	volume={36},
	number={8},
	pages={8432--8440},
	year={2022}
}

@article{wu2022communication,
	title={Communication-efficient federated learning via knowledge distillation},
	author={Wu, Chuhan and Wu, Fangzhao and Lyu, Lingjuan and Huang, Yongfeng and Xie, Xing},
	journal={Nature communications},
	volume={13},
	number={1},
	pages={2032},
	year={2022},
	publisher={Nature Publishing Group UK London}
}

@inproceedings{luo2022adapt,
	title={Adapt to adaptation: Learning personalization for cross-silo federated learning},
	author={Luo, Jun and Wu, Shandong},
	booktitle={IJCAI: proceedings of the conference},
	volume={2022},
	pages={2166},
	year={2022},
	organization={NIH Public Access}
}

@article{buehler2019deep,
	title={Deep hedging},
	author={Buehler, Hans and Gonon, Lukas and Teichmann, Josef and Wood, Ben},
	journal={Quantitative Finance},
	volume={19},
	number={8},
	pages={1271--1291},
	year={2019},
	publisher={Taylor \& Francis}
}

@inproceedings{karimireddy2020scaffold,
	title={Scaffold: Stochastic controlled averaging for federated learning},
	author={Karimireddy, Sai Praneeth and Kale, Satyen and Mohri, Mehryar and Reddi, Sashank and Stich, Sebastian and Suresh, Ananda Theertha},
	booktitle={International Conference on Machine Learning},
	pages={5132--5143},
	year={2020},
	organization={PMLR}
}

@inproceedings{gorbunov2021marina,
	title={MARINA: Faster non-convex distributed learning with compression},
	author={Gorbunov, Eduard and Burlachenko, Konstantin P and Li, Zhize and Richt{\'a}rik, Peter},
	booktitle={International Conference on Machine Learning},
	pages={3788--3798},
	year={2021},
	organization={PMLR}
}

@article{xu2023personalized,
	title={Personalized federated learning with feature alignment and classifier collaboration},
	author={Xu, Jian and Tong, Xinyi and Huang, Shao-Lun},
	journal={arXiv preprint arXiv:2306.11867},
	year={2023}
}

@article{zhang2024eliminating,
	title={Eliminating domain bias for federated learning in representation space},
	author={Zhang, Jianqing and Hua, Yang and Cao, Jian and Wang, Hao and Song, Tao and Xue, Zhengui and Ma, Ruhui and Guan, Haibing},
	journal={Advances in Neural Information Processing Systems},
	volume={36},
	year={2024}
}

@inproceedings{zhang2023fedala,
	title={Fedala: Adaptive local aggregation for personalized federated learning},
	author={Zhang, Jianqing and Hua, Yang and Wang, Hao and Song, Tao and Xue, Zhengui and Ma, Ruhui and Guan, Haibing},
	booktitle={Proceedings of the AAAI Conference on Artificial Intelligence},
	volume={37},
	number={9},
	pages={11237--11244},
	year={2023}
}

@inproceedings{yi2023fedgh,
	title={FedGH: Heterogeneous federated learning with generalized global header},
	author={Yi, Liping and Wang, Gang and Liu, Xiaoguang and Shi, Zhuan and Yu, Han},
	booktitle={Proceedings of the 31st ACM International Conference on Multimedia},
	pages={8686--8696},
	year={2023}
}

@article{zhao2018federated,
	title={Federated learning with non-iid data},
	author={Zhao, Yue and Li, Meng and Lai, Liangzhen and Suda, Naveen and Civin, Damon and Chandra, Vikas},
	journal={arXiv preprint arXiv:1806.00582},
	year={2018}
}

@article{li2019convergence,
	title={On the convergence of fedavg on non-iid data},
	author={Li, Xiang and Huang, Kaixuan and Yang, Wenhao and Wang, Shusen and Zhang, Zhihua},
	journal={arXiv preprint arXiv:1907.02189},
	year={2019}
}

@inproceedings{khaled2020tighter,
	title={Tighter theory for local SGD on identical and heterogeneous data},
	author={Khaled, Ahmed and Mishchenko, Konstantin and Richt{\'a}rik, Peter},
	booktitle={International Conference on Artificial Intelligence and Statistics},
	pages={4519--4529},
	year={2020},
	organization={PMLR}
}

@article{yang2021achieving,
	title={Achieving linear speedup with partial worker participation in non-iid federated learning},
	author={Yang, Haibo and Fang, Minghong and Liu, Jia},
	journal={arXiv preprint arXiv:2101.11203},
	year={2021}
}

@article{wang2019adaptive,
	title={Adaptive federated learning in resource constrained edge computing systems},
	author={Wang, Shiqiang and Tuor, Tiffany and Salonidis, Theodoros and Leung, Kin K and Makaya, Christian and He, Ting and Chan, Kevin},
	journal={IEEE Journal on Selected Areas in Communications},
	volume={37},
	number={6},
	pages={1205--1221},
	year={2019},
	publisher={IEEE}
}

@article{li2020federated,
	title={Federated optimization in heterogeneous networks},
	author={Li, Tian and Sahu, Anit Kumar and Zaheer, Manzil and Sanjabi, Maziar and Talwalkar, Ameet and Smith, Virginia},
	journal={Proceedings of Machine Learning and Systems},
	volume={2},
	pages={429--450},
	year={2020}
}

@article{kairouz2021advances,
	title={Advances and open problems in federated learning},
	author={Kairouz, Peter and McMahan, H Brendan and Avent, Brendan and Bellet, Aur{\'e}lien and Bennis, Mehdi and Bhagoji, Arjun Nitin and Bonawitz, Kallista and Charles, Zachary and Cormode, Graham and Cummings, Rachel and others},
	journal={Foundations and Trends{\textregistered} in Machine Learning},
	volume={14},
	number={1--2},
	pages={1--210},
	year={2021},
	publisher={Now Publishers, Inc.}
}

@article{
	zhao2025federated,
	title={Federated Learning with Efficient Local Adaptation for Realized Volatility Prediction},
	author={Lei Zhao and Lin Cai and Wu-Sheng Lu},
	journal={Transactions on Machine Learning Research},
	issn={2835-8856},
	year={2025},
}


@article{zhao2024tailored,
	title={Tailored Federated Learning With Adaptive Central Acceleration on Diversified Global Models},
	author={Zhao, Lei and Cai, Lin and Lu, Wu-Sheng},
	journal={IEEE Transactions on Neural Networks and Learning Systems},
	year={2024},
	publisher={IEEE}
}

@article{jaimungal2022robust,
	title={Robust risk-aware reinforcement learning},
	author={Jaimungal, Sebastian and Pesenti, Silvana M and Wang, Ye Sheng and Tatsat, Hariom},
	journal={SIAM Journal on Financial Mathematics},
	volume={13},
	number={1},
	pages={213--226},
	year={2022},
	publisher={SIAM}
}

@article{kroell2024stressing,
	title={Stressing dynamic loss models},
	author={Kroell, Emma and Pesenti, Silvana M and Jaimungal, Sebastian},
	journal={Insurance: Mathematics and Economics},
	volume={114},
	pages={56--78},
	year={2024},
	publisher={Elsevier}
}

@article{pesenti2023risk,
	title={Risk budgeting allocation for dynamic risk measures},
	author={Pesenti, Silvana M and Jaimungal, Sebastian and Saporito, Yuri F and Targino, Rodrigo S},
	journal={arXiv preprint arXiv:2305.11319},
	year={2023}
}

@article{wang2013variance,
	title={Variance reduction for stochastic gradient optimization},
	author={Wang, Chong and Chen, Xi and Smola, Alexander J and Xing, Eric P},
	journal={Advances in neural information processing systems},
	volume={26},
	year={2013}
}

@book{karatzas2021portfolio,
	title={Portfolio theory and arbitrage: a course in mathematical finance},
	author={Karatzas, Ioannis and Kardaras, Constantinos},
	volume={214},
	year={2021},
	publisher={American Mathematical Soc.}
}

@article{wang2020federated,
	title={Federated learning with matched averaging},
	author={Wang, Hongyi and Yurochkin, Mikhail and Sun, Yuekai and Papailiopoulos, Dimitris and Khazaeni, Yasaman},
	journal={arXiv preprint arXiv:2002.06440},
	year={2020}
}

@inproceedings{karimireddy2020scaffold,
	title={Scaffold: Stochastic controlled averaging for federated learning},
	author={Karimireddy, Sai Praneeth and Kale, Satyen and Mohri, Mehryar and Reddi, Sashank and Stich, Sebastian and Suresh, Ananda Theertha},
	booktitle={International conference on machine learning},
	pages={5132--5143},
	year={2020},
	organization={PMLR}
}

@article{fissler2023sensitivity,
	title={Sensitivity measures based on scoring functions},
	author={Fissler, Tobias and Pesenti, Silvana M},
	journal={European Journal of Operational Research},
	volume={307},
	number={3},
	pages={1408--1423},
	year={2023},
	publisher={Elsevier}
}

@article{pesenti2021cascade,
	title={Cascade sensitivity measures},
	author={Pesenti, Silvana M and Millossovich, Pietro and Tsanakas, Andreas},
	journal={Risk Analysis},
	volume={41},
	number={12},
	pages={2392--2414},
	year={2021},
	publisher={Wiley Online Library}
}

@article{pesenti2024differential,
	title={Differential quantile-based sensitivity in discontinuous models},
	author={Pesenti, Silvana M and Millossovich, Pietro and Tsanakas, Andreas},
	journal={European Journal of Operational Research},
	year={2024},
	publisher={Elsevier}
}

@article{borgonovo2016sensitivity,
	title={Sensitivity analysis: A review of recent advances},
	author={Borgonovo, Emanuele and Plischke, Elmar},
	journal={European Journal of Operational Research},
	volume={248},
	number={3},
	pages={869--887},
	year={2016},
	publisher={Elsevier}
}

@article{chatterjee2023federated,
	title={Federated learning empowered recommendation model for financial consumer services},
	author={Chatterjee, Pushpita and Das, Debashis and Rawat, Danda B},
	journal={IEEE Transactions on Consumer Electronics},
	year={2023},
	publisher={IEEE}
}

@article{oktian2022building,
	title={Building trusted federated learning on blockchain},
	author={Oktian, Yustus Eko and Stanley, Brian and Lee, Sang-Gon},
	journal={Symmetry},
	volume={14},
	number={7},
	pages={1407},
	year={2022},
	publisher={MDPI}
}

@incollection{long2020federated,
	title={Federated learning for open banking},
	author={Long, Guodong and Tan, Yue and Jiang, Jing and Zhang, Chengqi},
	booktitle={Federated learning: privacy and incentive},
	pages={240--254},
	year={2020},
	publisher={Springer}
}

@article{lee2020learning,
	title={Learning bounds for risk-sensitive learning},
	author={Lee, Jaeho and Park, Sejun and Shin, Jinwoo},
	journal={Advances in Neural Information Processing Systems},
	volume={33},
	pages={13867--13879},
	year={2020}
}

@article{gagne2021two,
	title={Two steps to risk sensitivity},
	author={Gagne, Christopher and Dayan, Peter},
	journal={Advances in Neural Information Processing Systems},
	volume={34},
	pages={22209--22220},
	year={2021}
}

@book{isichenko2021quantitative,
	title={Quantitative portfolio management: The art and science of statistical arbitrage},
	author={Isichenko, Michael},
	year={2021},
	publisher={John Wiley \& Sons}
}

@inproceedings{shang2021capital,
	title={Capital Structure and Arbitrage},
	author={Shang, Ke},
	booktitle={2021 3rd International Conference on Economic Management and Cultural Industry (ICEMCI 2021)},
	pages={414--417},
	year={2021},
	organization={Atlantis Press}
}

@article{mellor2017arbitrage,
	title={Arbitrage, uncertainty and the new ethos of capitalism},
	author={Mellor, Philip A and Shilling, Chris},
	journal={The Sociological Review},
	volume={65},
	number={1},
	pages={21--36},
	year={2017},
	publisher={SAGE Publications Sage UK: London, England}
}

@book{bank2011basel,
	title={Basel III: A global regulatory framework for more resilient banks and banking systems},
	author={Bank for International Settlements},
	year={2011},
	publisher={BIS}
}

@techreport{anderson2021arbitrage,
	title={Arbitrage capital of global banks},
	author={Anderson, Alyssa G and Du, Wenxin and Schlusche, Bernd},
	year={2021},
	institution={National Bureau of Economic Research}
}

@article{du2018deviations,
	title={Deviations from covered interest rate parity},
	author={Du, Wenxin and Tepper, Alexander and Verdelhan, Adrien},
	journal={The Journal of Finance},
	volume={73},
	number={3},
	pages={915--957},
	year={2018},
	publisher={Wiley Online Library}
}

@article{banegas2020reserve,
	title={Reserve balances, the federal funds market and arbitrage in the new regulatory framework},
	author={Banegas, Ayelen and Tase, Manjola},
	journal={Journal of Banking \& Finance},
	volume={118},
	pages={105893},
	year={2020},
	publisher={Elsevier}
}