% Use this file for citations not found in the ACL Anthology (contained in "anthology.bib").



@article{fang2020deep,
  title={Deep learning for sequential recommendation: Algorithms, influential factors, and evaluations},
  author={Fang, Hui and Zhang, Danning and Shu, Yiheng and Guo, Guibing},
  journal={ACM Transactions on Information Systems (TOIS)},
  pages={1--42},
  year={2020}
}

@article{zeng2024scaling,
  title={Scaling of search and learning: A roadmap to reproduce o1 from reinforcement learning perspective},
  author={Zeng, Zhiyuan and Cheng, Qinyuan and Yin, Zhangyue and Wang, Bo and Li, Shimin and Zhou, Yunhua and Guo, Qipeng and Huang, Xuanjing and Qiu, Xipeng},
  journal={arXiv preprint arXiv:2412.14135},
  year={2024}
}

@article{zheng2024judging,
  title={Judging llm-as-a-judge with mt-bench and chatbot arena},
  author={Zheng, Lianmin and Chiang, Wei-Lin and Sheng, Ying and Zhuang, Siyuan and Wu, Zhanghao and Zhuang, Yonghao and Lin, Zi and Li, Zhuohan and Li, Dacheng and Xing, Eric and others},
  journal={Advances in Neural Information Processing Systems},
  volume={36},
  year={2024}
}

@article{shi2024judging,
  title={Judging the judges: A systematic investigation of position bias in pairwise comparative assessments by llms},
  author={Shi, Lin and Ma, Chiyu and Liang, Wenhua and Ma, Weicheng and Vosoughi, Soroush},
  journal={arXiv preprint arXiv:2406.07791},
  year={2024}
}

@article{brown1986evaluations,
  title={Evaluations of self and others: Self-enhancement biases in social judgments},
  author={Brown, Jonathon D},
  journal={Social cognition},
  volume={4},
  number={4},
  pages={353--376},
  year={1986}
}

@inproceedings{chen2024m3,
  title={M3-Embedding: Multi-Linguality, Multi-Functionality, Multi-Granularity Text Embeddings Through Self-Knowledge Distillation},
  author={Chen, Jianlyu and Xiao, Shitao and Zhang, Peitian and Luo, Kun and Lian, Defu and Liu, Zheng},
  booktitle={Findings of the Association for Computational Linguistics ACL 2024},
  pages={2318--2335},
  year={2024}
}

@inproceedings{ester1996density,
  title={A density-based algorithm for discovering clusters in large spatial databases with noise},
  author={Ester, Martin and Kriegel, Hans-Peter and Sander, J{\"o}rg and Xu, Xiaowei and others},
  booktitle = {Proceedings of the Second International Conference on Knowledge Discovery and Data Mining},
  pages = {226â€“231},
  year={1996}
}

@misc{o1_blog,
      title={Learning to Reason with LLMs}, 
      author={OpenAI},
      year={2024},
      url={https://openai.com/index/learning-to-reason-with-llms/},
}

@misc{o1_system_card,
      title={OpenAI o1 System Card}, 
      author={OpenAI},
      year={2024},
      url={https://cdn.openai.com/o1-system-card-20241205.pdf},
}

@misc{o3,
      title={OpenAI o3-mini}, 
      author={OpenAI},
      year={2025},
      url={https://openai.com/index/openai-o3-mini/},
}

@misc{ckaude_3_5_sonnet,
      title={Claude 3.5 sonnet.}, 
      author={Anthropic},
      year={2024},
      url={https://www.anthropic.com/news/claude-3-5-sonnet},
}

@misc{gpt_4o_mini,
      title={GPT-4o mini: advancing cost-efficient intelligence}, 
      author={OpenAI},
      year={2024},
      url={https://openai.com/index/gpt-4o-mini-advancing-cost-efficient-intelligence/},
}

@misc{gemini_2.0_flash,
      title={Introducing Gemini 2.0: our new AI model for the agentic era}, 
      author={Google Deepmind},
      year={2024},
      url={https://blog.google/technology/google-deepmind/google-gemini-ai-update-december-2024/},
}

@misc{gemini_2.0_flash_thinking,
      title={Gemini 2.0 Flash Thinking Experimental}, 
      author={Google Deepmind},
      year={2024},
      url={https://deepmind.google/technologies/gemini/flash-thinking/},
}

@article{deepseek_v3,
  title={Deepseek-v3 technical report},
  author={Liu, Aixin and Feng, Bei and Xue, Bing and Wang, Bingxuan and Wu, Bochao and Lu, Chengda and Zhao, Chenggang and Deng, Chengqi and Zhang, Chenyu and Ruan, Chong and others},
  journal={arXiv preprint arXiv:2412.19437},
  year={2024}
}

@article{deepseek_r1,
  title={Deepseek-r1: Incentivizing reasoning capability in llms via reinforcement learning},
  author={Guo, Daya and Yang, Dejian and Zhang, Haowei and Song, Junxiao and Zhang, Ruoyu and Xu, Runxin and Zhu, Qihao and Ma, Shirong and Wang, Peiyi and Bi, Xiao and others},
  journal={arXiv preprint arXiv:2501.12948},
  year={2025}
}

@misc{qwq,
    title = {QwQ: Reflect Deeply on the Boundaries of the Unknown},
    url = {https://qwenlm.github.io/blog/qwq-32b-preview/},
    author = {Qwen Team},
    month = {November},
    year = {2024}
}

@article{qwen_2.5,
  title={Qwen2.5 technical report},
  author={Yang, An and Yang, Baosong and Zhang, Beichen and Hui, Binyuan and Zheng, Bo and Yu, Bowen and Li, Chengyuan and Liu, Dayiheng and Huang, Fei and Wei, Haoran and others},
  journal={arXiv preprint arXiv:2412.15115},
  year={2024}
}

@inproceedings{xi2024towards,
  title={Towards open-world recommendation with knowledge augmentation from large language models},
  author={Xi, Yunjia and Liu, Weiwen and Lin, Jianghao and Cai, Xiaoling and Zhu, Hong and Zhu, Jieming and Chen, Bo and Tang, Ruiming and Zhang, Weinan and Yu, Yong},
  booktitle={Proceedings of the 18th ACM Conference on Recommender Systems},
  pages={12--22},
  year={2024}
}

@inproceedings{wei2024llmrec,
  title={Llmrec: Large language models with graph augmentation for recommendation},
  author={Wei, Wei and Ren, Xubin and Tang, Jiabin and Wang, Qinyong and Su, Lixin and Cheng, Suqi and Wang, Junfeng and Yin, Dawei and Huang, Chao},
  booktitle={Proceedings of the 17th ACM International Conference on Web Search and Data Mining},
  pages={806--815},
  year={2024}
}

@article{wang2023zero,
  title={Zero-shot next-item recommendation using large pretrained language models},
  author={Wang, Lei and Lim, Ee-Peng},
  journal={arXiv preprint arXiv:2304.03153},
  year={2023}
}

@article{wang2023enhancing,
  title={Enhancing recommender systems with large language model reasoning graphs},
  author={Wang, Yan and Chu, Zhixuan and Ouyang, Xin and Wang, Simeng and Hao, Hongyan and Shen, Yue and Gu, Jinjie and Xue, Siqiao and Zhang, James Y and Cui, Qing and others},
  journal={arXiv preprint arXiv:2308.10835},
  year={2023}
}

@inproceedings{acharya2023llm,
  title={Llm based generation of item-description for recommendation system},
  author={Acharya, Arkadeep and Singh, Brijraj and Onoe, Naoyuki},
  booktitle={Proceedings of the 17th ACM Conference on Recommender Systems},
  pages={1204--1207},
  year={2023}
}

@inproceedings{ren2024representation,
  title={Representation learning with large language models for recommendation},
  author={Ren, Xubin and Wei, Wei and Xia, Lianghao and Su, Lixin and Cheng, Suqi and Wang, Junfeng and Yin, Dawei and Huang, Chao},
  booktitle={Proceedings of the ACM on Web Conference 2024},
  pages={3464--3475},
  year={2024}
}

@inproceedings{sun2024large,
  title={Large language models enhanced collaborative filtering},
  author={Sun, Zhongxiang and Si, Zihua and Zang, Xiaoxue and Zheng, Kai and Song, Yang and Zhang, Xiao and Xu, Jun},
  booktitle={Proceedings of the 33rd ACM International Conference on Information and Knowledge Management},
  pages={2178--2188},
  year={2024}
}

@article{wu2024survey,
  title={A survey on large language models for recommendation},
  author={Wu, Likang and Zheng, Zhi and Qiu, Zhaopeng and Wang, Hao and Gu, Hongchao and Shen, Tingjia and Qin, Chuan and Zhu, Chen and Zhu, Hengshu and Liu, Qi and others},
  journal={World Wide Web},
  volume={27},
  number={5},
  pages={60},
  year={2024},
  publisher={Springer}
}

@article{kahneman2011thinking,
  title={Thinking, fast and slow},
  author={Kahneman, Daniel},
  journal={Farrar, Straus and Giroux},
  year={2011}
}

@article{ji2025test,
  title={Test-time Computing: from System-1 Thinking to System-2 Thinking},
  author={Ji, Yixin and Li, Juntao and Ye, Hai and Wu, Kaixin and Xu, Jia and Mo, Linjian and Zhang, Min},
  journal={arXiv preprint arXiv:2501.02497},
  year={2025}
}

@article{wei2022chain,
  title={Chain-of-thought prompting elicits reasoning in large language models},
  author={Wei, Jason and Wang, Xuezhi and Schuurmans, Dale and Bosma, Maarten and Xia, Fei and Chi, Ed and Le, Quoc V and Zhou, Denny and others},
  journal={Advances in neural information processing systems},
  volume={35},
  pages={24824--24837},
  year={2022}
}

@article{snell2024Scaling,
  title={Scaling llm test-time compute optimally can be more effective than scaling model parameters},
  author={Snell, Charlie and Lee, Jaehoon and Xu, Kelvin and Kumar, Aviral},
  journal={arXiv preprint arXiv:2408.03314},
  year={2024}
}

@article{wang2024openr,
  title={Openr: An open source framework for advanced reasoning with large language models},
  author={Wang, Jun and Fang, Meng and Wan, Ziyu and Wen, Muning and Zhu, Jiachen and Liu, Anjie and Gong, Ziqin and Song, Yan and Chen, Lei and Ni, Lionel M and others},
  journal={arXiv preprint arXiv:2410.09671},
  year={2024}
}

@article{o1-coder,
  title={o1-coder: an o1 replication for coding},
  author={Zhang, Yuxiang and Wu, Shangxi and Yang, Yuqi and Shu, Jiangming and Xiao, Jinlin and Kong, Chao and Sang, Jitao},
  journal={arXiv preprint arXiv:2412.00154},
  year={2024}
}

@inproceedings{rendle2009bpr,
  title={BPR: Bayesian personalized ranking from implicit feedback},
  author={Rendle, Steffen and Freudenthaler, Christoph and Gantner, Zeno and Schmidt-Thieme, Lars},
  booktitle={Proceedings of the Twenty-Fifth Conference on Uncertainty in Artificial Intelligence},
  pages={452--461},
  year={2009}
}

@inproceedings{he2017neural,
  title={Neural collaborative filtering},
  author={He, Xiangnan and Liao, Lizi and Zhang, Hanwang and Nie, Liqiang and Hu, Xia and Chua, Tat-Seng},
  booktitle={Proceedings of the 26th international conference on world wide web},
  pages={173--182},
  year={2017}
}

@inproceedings{ni2019justifying,
  title={Justifying recommendations using distantly-labeled reviews and fine-grained aspects},
  author={Ni, Jianmo and Li, Jiacheng and McAuley, Julian},
  booktitle={Proceedings of the 2019 conference on empirical methods in natural language processing and the 9th international joint conference on natural language processing (EMNLP-IJCNLP)},
  pages={188--197},
  year={2019}
}

@article{konda1999actor,
  title={Actor-critic algorithms},
  author={Konda, Vijay and Tsitsiklis, John},
  journal={Advances in neural information processing systems},
  volume={12},
  year={1999}
}

@article{xie2023self,
  title={Self-evaluation guided beam search for reasoning},
  author={Xie, Yuxi and Kawaguchi, Kenji and Zhao, Yiran and Zhao, James Xu and Kan, Min-Yen and He, Junxian and Xie, Michael},
  journal={Advances in Neural Information Processing Systems},
  volume={36},
  pages={41618--41650},
  year={2023}
}

@article{cobbe2021training,
  title={Training verifiers to solve math word problems},
  author={Cobbe, Karl and Kosaraju, Vineet and Bavarian, Mohammad and Chen, Mark and Jun, Heewoo and Kaiser, Lukasz and Plappert, Matthias and Tworek, Jerry and Hilton, Jacob and Nakano, Reiichiro and others},
  journal={arXiv preprint arXiv:2110.14168},
  year={2021}
}

@article{browne2012survey,
  title={A survey of monte carlo tree search methods},
  author={Browne, Cameron B and Powley, Edward and Whitehouse, Daniel and Lucas, Simon M and Cowling, Peter I and Rohlfshagen, Philipp and Tavener, Stephen and Perez, Diego and Samothrakis, Spyridon and Colton, Simon},
  journal={IEEE Transactions on Computational Intelligence and AI in games},
  volume={4},
  number={1},
  pages={1--43},
  year={2012},
}

@article{liu2023chatgpt,
  title={Is chatgpt a good recommender? a preliminary study},
  author={Liu, Junling and Liu, Chao and Zhou, Peilin and Lv, Renjie and Zhou, Kang and Zhang, Yan},
  journal={arXiv preprint arXiv:2304.10149},
  year={2023}
}

@inproceedings{dai2023uncovering,
  title={Uncovering chatgptâ€™s capabilities in recommender systems},
  author={Dai, Sunhao and Shao, Ninglu and Zhao, Haiyuan and Yu, Weijie and Si, Zihua and Xu, Chen and Sun, Zhongxiang and Zhang, Xiao and Xu, Jun},
  booktitle={Proceedings of the 17th ACM Conference on Recommender Systems},
  pages={1126--1132},
  year={2023}
}

@inproceedings{geng2022recommendation,
  title={Recommendation as language processing (rlp): A unified pretrain, personalized prompt \& predict paradigm (p5)},
  author={Geng, Shijie and Liu, Shuchang and Fu, Zuohui and Ge, Yingqiang and Zhang, Yongfeng},
  booktitle={Proceedings of the 16th ACM Conference on Recommender Systems},
  pages={299--315},
  year={2022}
}

@article{chiang2024chatbot,
  title={Chatbot arena: An open platform for evaluating llms by human preference},
  author={Chiang, Wei-Lin and Zheng, Lianmin and Sheng, Ying and Angelopoulos, Anastasios Nikolas and Li, Tianle and Li, Dacheng and Zhang, Hao and Zhu, Banghua and Jordan, Michael and Gonzalez, Joseph E and others},
  journal={arXiv preprint arXiv:2403.04132},
  year={2024}
}

@article{yao2025unveiling,
  title={Unveiling the Mechanisms of Explicit CoT Training: How Chain-of-Thought Enhances Reasoning Generalization},
  author={Yao, Xinhao and Ren, Ruifeng and Liao, Yun and Liu, Yong},
  journal={arXiv preprint arXiv:2502.04667},
  year={2025}
}

@article{dubey2024llama,
  title={The llama 3 herd of models},
  author={Dubey, Abhimanyu and Jauhri, Abhinav and Pandey, Abhinav and Kadian, Abhishek and Al-Dahle, Ahmad and Letman, Aiesha and Mathur, Akhil and Schelten, Alan and Yang, Amy and Fan, Angela and others},
  journal={arXiv preprint arXiv:2407.21783},
  year={2024}
}

@article{metropolis1949monte,
  title={The monte carlo method},
  author={Metropolis, Nicholas and Ulam, Stanislaw},
  journal={Journal of the American statistical association},
  volume={44},
  number={247},
  pages={335--341},
  year={1949},
  publisher={Taylor \& Francis}
}

@article{brown2024large,
  title={Large language monkeys: Scaling inference compute with repeated sampling},
  author={Brown, Bradley and Juravsky, Jordan and Ehrlich, Ryan and Clark, Ronald and Le, Quoc V and R{\'e}, Christopher and Mirhoseini, Azalia},
  journal={arXiv preprint arXiv:2407.21787},
  year={2024}
}

@article{madaan2024self,
  title={Self-refine: Iterative refinement with self-feedback},
  author={Madaan, Aman and Tandon, Niket and Gupta, Prakhar and Hallinan, Skyler and Gao, Luyu and Wiegreffe, Sarah and Alon, Uri and Dziri, Nouha and Prabhumoye, Shrimai and Yang, Yiming and others},
  journal={Advances in Neural Information Processing Systems},
  volume={36},
  year={2024}
}

@article{silver2016mastering,
  title={Mastering the game of Go with deep neural networks and tree search},
  author={Silver, David and Huang, Aja and Maddison, Chris J and Guez, Arthur and Sifre, Laurent and Van Den Driessche, George and Schrittwieser, Julian and Antonoglou, Ioannis and Panneershelvam, Veda and Lanctot, Marc and others},
  journal={nature},
  volume={529},
  number={7587},
  pages={484--489},
  year={2016},
}

@article{xin2024deepseek,
  title={Deepseek-prover-v1. 5: Harnessing proof assistant feedback for reinforcement learning and monte-carlo tree search},
  author={Xin, Huajian and Ren, ZZ and Song, Junxiao and Shao, Zhihong and Zhao, Wanjia and Wang, Haocheng and Liu, Bo and Zhang, Liyue and Lu, Xuan and Du, Qiushi and others},
  journal={arXiv preprint arXiv:2408.08152},
  year={2024}
}

@article{he2024impact,
  title={The impact of recommendation system on user satisfaction: A moderated mediation approach},
  author={He, Xinyue and Liu, Qi and Jung, Sunho},
  journal={Journal of Theoretical and Applied Electronic Commerce Research},
  volume={19},
  number={1},
  pages={448--466},
  year={2024}
}

@article{o1_journey_part2,
  title={O1 Replication Journey--Part 2: Surpassing O1-preview through Simple Distillation, Big Progress or Bitter Lesson?},
  author={Huang, Zhen and Zou, Haoyang and Li, Xuefeng and Liu, Yixiu and Zheng, Yuxiang and Chern, Ethan and Xia, Shijie and Qin, Yiwei and Yuan, Weizhe and Liu, Pengfei},
  journal={arXiv preprint arXiv:2411.16489},
  year={2024}
}

@article{min2024imitate,
  title={Imitate, explore, and self-improve: A reproduction report on slow-thinking reasoning systems},
  author={Min, Yingqian and Chen, Zhipeng and Jiang, Jinhao and Chen, Jie and Deng, Jia and Hu, Yiwen and Tang, Yiru and Wang, Jiapeng and Cheng, Xiaoxue and Song, Huatong and others},
  journal={arXiv preprint arXiv:2412.09413},
  year={2024}
}

@article{hou2024bridging,
  title={Bridging language and items for retrieval and recommendation},
  author={Hou, Yupeng and Li, Jiacheng and He, Zhankui and Yan, An and Chen, Xiusi and McAuley, Julian},
  journal={arXiv preprint arXiv:2403.03952},
  year={2024}
}

@article{zhang2024text,
  title={Text-like Encoding of Collaborative Information in Large Language Models for Recommendation},
  author={Zhang, Yang and Bao, Keqin and Yan, Ming and Wang, Wenjie and Feng, Fuli and He, Xiangnan},
  journal={arXiv preprint arXiv:2406.03210},
  year={2024}
}

@article{sheng2024language,
  title={Language Representations Can be What Recommenders Need: Findings and Potentials},
  author={Sheng, Leheng and Zhang, An and Zhang, Yi and Chen, Yuxin and Wang, Xiang and Chua, Tat-Seng},
  journal={arXiv preprint arXiv:2407.05441},
  year={2024}
}

@article{lee2024star,
  title={STAR: A Simple Training-free Approach for Recommendations using Large Language Models},
  author={Lee, Dong-Ho and Kraft, Adam and Jin, Long and Mehta, Nikhil and Xu, Taibai and Hong, Lichan and Chi, Ed H and Yi, Xinyang},
  journal={arXiv preprint arXiv:2410.16458},
  year={2024}
}

@inproceedings{yuan2023go,
  title={Where to go next for recommender systems? id-vs. modality-based recommender models revisited},
  author={Yuan, Zheng and Yuan, Fajie and Song, Yu and Li, Youhua and Fu, Junchen and Yang, Fei and Pan, Yunzhu and Ni, Yongxin},
  booktitle={Proceedings of the 46th International ACM SIGIR Conference on Research and Development in Information Retrieval},
  pages={2639--2649},
  year={2023}
}

@inproceedings{liu2024llm,
  title={Llm-esr: Large language models enhancement for long-tailed sequential recommendation},
  author={Liu, Qidong and Wu, Xian and Wang, Yejing and Zhang, Zijian and Tian, Feng and Zheng, Yefeng and Zhao, Xiangyu},
  booktitle={The Thirty-eighth Annual Conference on Neural Information Processing Systems},
  year={2024}
}

@article{huang2022towards,
  title={Towards reasoning in large language models: A survey},
  author={Huang, Jie and Chang, Kevin Chen-Chuan},
  journal={arXiv preprint arXiv:2212.10403},
  year={2022}
}

@article{qi2024mutual,
  title={Mutual reasoning makes smaller llms stronger problem-solvers},
  author={Qi, Zhenting and Ma, Mingyuan and Xu, Jiahang and Zhang, Li Lyna and Yang, Fan and Yang, Mao},
  journal={arXiv preprint arXiv:2408.06195},
  year={2024}
}

@article{zhang2024accessing,
  title={Accessing gpt-4 level mathematical olympiad solutions via monte carlo tree self-refine with llama-3 8b},
  author={Zhang, Di and Huang, Xiaoshui and Zhou, Dongzhan and Li, Yuqiang and Ouyang, Wanli},
  journal={arXiv preprint arXiv:2406.07394},
  year={2024}
}

@article{chen2024alphamath,
  title={AlphaMath Almost Zero: process Supervision without process},
  author={Chen, Guoxin and Liao, Minpeng and Li, Chengxi and Fan, Kai},
  journal={arXiv preprint arXiv:2405.03553},
  year={2024}
}

@article{yang2024qwen2,
  title={Qwen2. 5-math technical report: Toward mathematical expert model via self-improvement},
  author={Yang, An and Zhang, Beichen and Hui, Binyuan and Gao, Bofei and Yu, Bowen and Li, Chengpeng and Liu, Dayiheng and Tu, Jianhong and Zhou, Jingren and Lin, Junyang and others},
  journal={arXiv preprint arXiv:2409.12122},
  year={2024}
}

@article{shao2024deepseekmath,
  title={Deepseekmath: Pushing the limits of mathematical reasoning in open language models},
  author={Shao, Zhihong and Wang, Peiyi and Zhu, Qihao and Xu, Runxin and Song, Junxiao and Bi, Xiao and Zhang, Haowei and Zhang, Mingchuan and Li, YK and Wu, Y and others},
  journal={arXiv preprint arXiv:2402.03300},
  year={2024}
}

@article{yue2024inference,
  title={Inference scaling for long-context retrieval augmented generation},
  author={Yue, Zhenrui and Zhuang, Honglei and Bai, Aijun and Hui, Kai and Jagerman, Rolf and Zeng, Hansi and Qin, Zhen and Wang, Dong and Wang, Xuanhui and Bendersky, Michael},
  journal={arXiv preprint arXiv:2410.04343},
  year={2024}
}

@article{sun2025rearter,
  title={ReARTeR: Retrieval-Augmented Reasoning with Trustworthy Process Rewarding},
  author={Sun, Zhongxiang and Wang, Qipeng and Yu, Weijie and Zang, Xiaoxue and Zheng, Kai and Xu, Jun and Zhang, Xiao and Yang, Song and Li, Han},
  journal={arXiv preprint arXiv:2501.07861},
  year={2025}
}