@inproceedings{anisotropic,
  title={Learning to remove: Towards isotropic pre-trained bert embedding},
  author={Liang, Yuxin and Cao, Rui and Zheng, Jie and Ren, Jie and Gao, Ling},
  booktitle={Artificial Neural Networks and Machine Learning--ICANN 2021: 30th International Conference on Artificial Neural Networks, Bratislava, Slovakia, September 14--17, 2021, Proceedings, Part V 30},
  pages={448--459},
  year={2021},
  organization={Springer}
}

@book{cs,
  title={Compressed sensing: theory and applications},
  author={Eldar, Yonina C and Kutyniok, Gitta},
  year={2012},
  publisher={Cambridge university press}
}

@article{dl,
  title={Emergence of simple-cell receptive field properties by learning a sparse code for natural images},
  author={Olshausen, Bruno A and Field, David J},
  journal={Nature},
  volume={381},
  number={6583},
  pages={607--609},
  year={1996},
  publisher={Nature Publishing Group UK London}
}

@article{ksvd,
  title={K-SVD: An algorithm for designing overcomplete dictionaries for sparse representation},
  author={Aharon, Michal and Elad, Michael and Bruckstein, Alfred},
  journal={IEEE Transactions on signal processing},
  volume={54},
  number={11},
  pages={4311--4322},
  year={2006},
  publisher={IEEE}
}

@article{ksvd-efficient,
  title={Efficient implementation of the K-SVD algorithm using batch orthogonal matching pursuit},
  author={Rubinstein, Ron and Zibulevsky, Michael and Elad, Michael},
  journal={Cs Technion},
  volume={40},
  number={8},
  pages={1--15},
  year={2008}
}

@inproceedings{lista,
  title={Learning fast approximations of sparse coding},
  author={Gregor, Karol and LeCun, Yann},
  booktitle={Proceedings of the 27th international conference on international conference on machine learning},
  pages={399--406},
  year={2010}
}

@article{moe-llm,
  title={Outrageously large neural networks: The sparsely-gated mixture-of-experts layer},
  author={Shazeer, Noam and Mirhoseini, Azalia and Maziarz, Krzysztof and Davis, Andy and Le, Quoc and Hinton, Geoffrey and Dean, Jeff},
  journal={arXiv preprint arXiv:1701.06538},
  year={2017}
}

@inproceedings{odl,
  title={Online dictionary learning for sparse coding},
  author={Mairal, Julien and Bach, Francis and Ponce, Jean and Sapiro, Guillermo},
  booktitle={Proceedings of the 26th annual international conference on machine learning},
  pages={689--696},
  year={2009}
}

@inproceedings{omp,
  title={Orthogonal matching pursuit: Recursive function approximation with applications to wavelet decomposition},
  author={Pati, Yagyensh Chandra and Rezaiifar, Ramin and Krishnaprasad, Perinkulam Sambamurthy},
  booktitle={Proceedings of 27th Asilomar conference on signals, systems and computers},
  pages={40--44},
  year={1993},
  organization={IEEE}
}

