@article{Adadi2018-article,
  author  = {Adadi, A. and Berrada, M.},
  title   = {Peeking Inside the Black-Box: A Survey on Explainable Artificial Intelligence (XAI)},
  journal = {IEEE Access},
  volume  = {6},
  pages   = {52138--52160},
  year    = {2018},
  doi     = {10.1109/ACCESS.2018.2870052}
}

@article{Angelov2021-article,
  author  = {Angelov, P. P. and Soares, E. A. and Jiang, R. and Arnold, N. I. and Atkinson, P. M.},
  title   = {Explainable artificial intelligence: an analytical review},
  journal = {WIREs Data Mining and Knowledge Discovery},
  volume  = {11},
  number  = {5},
  pages   = {e1424},
  year    = {2021},
  doi     = {10.1002/widm.1424},
  url     = {https://doi.org/10.1002/widm.1424}
}

@article{Arrieta2020-article,
  author  = {Barredo Arrieta, A. and D{\'{\i}}az-Rodr{\'{\i}}guez, N. and Del Ser, J. and Bennetot, A. and Tabik, S. and Barbado, A. and Garcia, S. and Gil-Lopez, S. and Molina, D. and Benjamins, R. and Chatila, R. and Herrera, F.},
  title   = {Explainable Artificial Intelligence (XAI): Concepts, taxonomies, opportunities and challenges toward responsible AI},
  journal = {Information Fusion},
  volume  = {58},
  pages   = {82--115},
  year    = {2020},
  doi     = {10.1016/j.inffus.2019.12.012},
  url     = {https://doi.org/10.1016/j.inffus.2019.12.012}
}

@inproceedings{Degen2023-inproceedings,
  author    = {Degen, H. and Budnik, C. and Gross, R. and Rothering, M.},
  title     = {How To Explain It To a Model Manager? A Qualitative User Study About Understandability, Trustworthiness, Actionability, and Action Efficacy},
  booktitle = {Artificial Intelligence in HCI: 4th International Conference, AI-HCI 2023, held as Part of the 25th HCI International Conference, HCII 2023},
  pages     = {209--242},
  year      = {2023},
  address   = {Copenhagen, Denmark},
  publisher = {Springer Nature Switzerland AG},
  doi       = {10.1007/978-3-031-35891-3\_14},
  url       = {https://doi.org/10.1007/978-3-031-35891-3\_14}
}

@inproceedings{Degen2024-inproceedings,
  author    = {Degen, H. and Budnik, C.},
  title     = {How to Explain it to System Testers? A Qualitative User Study About Understandability, Validatability, Predictability, and Trustworthiness},
  booktitle = {Artificial Intelligence in HCI: 5th International Conference, AI-HCI 2024, held as Part of the 26th HCI International Conference, HCII 2024},
  pages     = {153--178},
  year      = {2024},
  address   = {Washington, DC, USA},
  publisher = {Springer-Verlag},
  doi       = {10.1007/978-3-031-60606-9\_10},
  url       = {https://doi.org/10.1007/978-3-031-60606-9\_10}
}

@inproceedings{Dosilovic2018-inproceedings,
  author    = {Došilović, F. K. and Brčić, M. and Hlupić, N.},
  title     = {Explainable artificial intelligence: A survey},
  booktitle = {2018 41st International Convention on Information and Communication Technology, Electronics and Microelectronics (MIPRO)},
  pages     = {0210--0215},
  year      = {2018},
  month     = {May},
  doi       = {10.23919/MIPRO.2018.8400040}
}

@inproceedings{Garcia2018-XAI-MentalModel-inproceedings,
  author    = {Chiyah Garcia, F. J. and Robb, D. A. and Liu, X. and Laskov, A. and Patron, P. and Hastie, H.},
  title     = {Explainable Autonomy: A Study of Explanation Styles for Building Clear Mental Models},
  booktitle = {Proceedings of the 11th International Conference on Natural Language Generation},
  pages     = {99--108},
  year      = {2018},
  month     = {Nov},
  publisher = {Association for Computational Linguistics},
  address   = {The Netherlands},
  doi       = {10.18653/v1/W18-6511},
  url       = {https://aclanthology.org/W18-6511/}
}

@incollection{Gentner2001-incollection,
  author    = {Gentner, D.},
  title     = {Mental Models, Psychology of},
  booktitle = {International Encyclopedia of the Social \& Behavioral Sciences},
  editor    = {Smelser, N. J. and Baltes, P. B.},
  pages     = {9683--9687},
  publisher = {Pergamon},
  address   = {Oxford},
  year      = {2001},
  doi       = {10.1016/B0-08-043076-7/01487-X},
  url       = {https://www.sciencedirect.com/science/article/pii/B008043076701487X}
}

@article{Guidotti2019-article,
  author  = {Guidotti, R. and Monreale, A. and Ruggieri, S. and Turini, F. and Giannotti, F. and Pedreschi, D.},
  title   = {A Survey of Methods for Explaining Black Box Models},
  journal = {ACM Computing Surveys},
  volume  = {51},
  number  = {5},
  pages   = {1--42},
  year    = {2018},
  month   = {Aug},
  doi     = {10.1145/3236009},
  url     = {https://doi.org/10.1145/3236009}
}

@article{Hoffman2018-article,
  author  = {Hoffman, R. R. and Miller, T. and Mueller, S. T. and Klein, G. and Clancey, W. J.},
  title   = {Explaining Explanation, Part 4: A Deep Dive on Deep Nets},
  journal = {IEEE Intelligent Systems},
  volume  = {33},
  number  = {03},
  pages   = {87--95},
  year    = {2018},
  month   = {May},
  doi     = {10.1109/MIS.2018.033001421}
}

@misc{Hoffman2019metrics-misc,
  author = {Hoffman, R. R. and Mueller, S. T. and Klein, G. and Litman, J.},
  title  = {Metrics for explainable AI: Challenges and prospects},
  year   = {2019},
  month  = {Feb},
  doi    = {10.48550/arXiv.1812.04608},
  note   = {Preprint}
}

@article{Hoffman2023-MeasureXAI-FrontiersinCS-article,
  author  = {Hoffman, R. R. and Mueller, S. T. and Klein, G. and Litman, J.},
  title   = {Measures for explainable AI: Explanation goodness, user satisfaction, mental models, curiosity, trust, and human-AI performance},
  journal = {Frontiers in Computer Science},
  volume  = {5},
  year    = {2023},
  doi     = {10.3389/fcomp.2023.1096257},
  url     = {https://doi.org/10.3389/fcomp.2023.1096257}
}

@inproceedings{Hu2021-proceedings,
  author    = {Hu, Z. F. and Kuflik, T. and Mocanu, I. G. and Najafian, S. and Shulner Tal, A.},
  title     = {Recent Studies of XAI - Review},
  booktitle = {Adjunct Proceedings of the 29th ACM Conference on User Modeling, Adaptation and Personalization (UMAP '21)},
  pages     = {421--431},
  year      = {2021},
  publisher = {Association for Computing Machinery},
  address   = {New York, NY, USA},
  doi       = {10.1145/3450614.3463354},
  url       = {https://doi.org/10.1145/3450614.3463354}
}

@article{Islam2022-article,
  author  = {Islam, M. R. and Ahmed, M. U. and Barua, S. and Begum, S.},
  title   = {A Systematic Review of Explainable Artificial Intelligence in Terms of Different Application Domains and Tasks},
  journal = {Applied Sciences},
  volume  = {12},
  number  = {3},
  year    = {2022},
  doi     = {10.3390/app12031353},
  url     = {https://www.mdpi.com/2076-3417/12/3/1353}
}

@book{Johnson-Laird1986-book,
  author    = {Johnson-Laird, P. N.},
  title     = {Mental Models: Towards a Cognitive Science of Language, Inference, and Consciousness},
  publisher = {Harvard University Press},
  address   = {USA},
  year      = {1986}
}

@article{Kosko1986-FuzzyCognitiveMaps-IJMMS-article,
  author  = {Kosko, B.},
  title   = {Fuzzy cognitive maps},
  journal = {International Journal of Man-Machine Studies},
  volume  = {24},
  number  = {1},
  pages   = {65--75},
  year    = {1986},
  doi     = {10.1016/S0020-7373(86)80040-2},
  url     = {https://www.sciencedirect.com/science/article/pii/S0020737386800402}
}

@article{Merry2021-article,
  author  = {Merry, M. and Riddle, P. and Warren, J.},
  title   = {A mental models approach for defining explainable artificial intelligence},
  journal = {BMC Medical Informatics and Decision Making},
  volume  = {21},
  number  = {1},
  year    = {2021},
  month   = {Dec},
  doi     = {10.1186/s12911-021-01703-7},
  url     = {https://doi.org/10.1186/s12911-021-01703-7}
}

@article{Miller2019ExplanationIA,
  author  = {Miller, T.},
  title   = {Explanation in Artificial Intelligence: Insights from the Social Sciences},
  journal = {Artificial Intelligence},
  volume  = {267},
  pages   = {1--38},
  year    = {2019},
  month   = {Nov},
  doi     = {10.1016/j.artint.2018.07.007}
}

@article{Mohseni2021-article,
  author  = {Mohseni, S. and Zarei, N. and Ragan, E. D.},
  title   = {A Multidisciplinary Survey and Framework for Design and Evaluation of Explainable AI Systems},
  journal = {ACM Transactions on Interactive Intelligent Systems},
  volume  = {11},
  number  = {3-4},
  year    = {2021},
  month   = {Sep},
  doi     = {10.1145/3387166},
  url     = {https://doi.org/10.1145/3387166}
}

@misc{Mueller2019-article,
  author = {Mueller, S. T. and Hoffman, R. R. and Clancey, W. and Emrey, A. and Klein, G.},
  title  = {Explanation in Human-AI Systems: A Literature Meta-Review, Synopsis of Key Ideas and Publications, and Bibliography for Explainable AI},
  year   = {2019},
  month  = {Feb},
  doi    = {10.48550/ARXIV.1902.01876},
  note   = {Preprint},
  url    = {https://arxiv.org/abs/1902.01876}
}

@misc{Onari2023-XAI-MentalModel-arxiv-article,
  author = {Onari Abbaspour, M. and Grau, I. and Nobile, M. S. and Zhang, Y.},
  title  = {Measuring perceived trust in XAI-assisted decision-making by eliciting a mental model},
  year   = {2023},
  note   = {Preprint, arXiv},
  url    = {https://arxiv.org/abs/2307.11765}
}

@article{Rudin2019-article,
  author  = {Rudin, C.},
  title   = {Stop explaining black box machine learning models for high stakes decisions and use interpretable models instead},
  journal = {Nature Machine Intelligence},
  volume  = {1},
  number  = {5},
  pages   = {206--215},
  year    = {2019},
  month   = {May},
  doi     = {10.1038/s42256-019-0048-x},
  url     = {https://doi.org/10.1038/s42256-019-0048-x}
}

@inproceedings{Rutjes2019-XAI-MentalModel-CHI-inproceedings,
  author    = {Rutjes, H. and Willemsen, M. and IJsselsteijn, W.},
  title     = {Considerations on explainable AI and users’ mental models},
  booktitle = {Where is the Human? Bridging the Gap Between AI and HCI},
  year      = {2019},
  publisher = {Association for Computing Machinery, Inc},
  address   = {New York, NY, USA},
  note      = {cHI 2019 Workshop; Conference date: 04-05-2019 Through 04-05-2019}
}

@inproceedings{Sheridan2023-MentalModel-InProceedings,
  author    = {Sheridan, H. and Murphy, E. and O'Sullivan, D.},
  title     = {Exploring mental models for explainable artificial intelligence: Engaging cross-disciplinary teams using a design thinking approach},
  booktitle = {Artificial Intelligence in HCI},
  pages     = {337--354},
  year      = {2023},
  publisher = {Springer Nature},
  address   = {Cham, Switzerland}
}

@article{Stepin2021-contrastive_counterfactual_explanations-article,
  author  = {Stepin, I. and Alonso, J. M. and Catala, A. and Pereira-Fariña, M.},
  title   = {A survey of contrastive and counterfactual explanation generation methods for explainable artificial intelligence},
  journal = {IEEE Access},
  volume  = {9},
  pages   = {11974--12001},
  year    = {2021},
  month   = {Jan},
  doi     = {10.1109/ACCESS.2021.3051315}
}

@misc{Vilone2020-article,
  author = {Vilone, G. and Longo, L.},
  title  = {Explainable Artificial Intelligence: a Systematic Review},
  year   = {2020},
  month  = {Oct},
  doi    = {10.48550/ARXIV.2006.00093},
  note   = {Preprint},
  url    = {https://arxiv.org/abs/2006.00093}
}

@article{Waa2020_ConfidenceLevel_2020,
  author  = {van der Waa, J. and Schoonderwoerd, T. and van Diggelen, J. and Neerincx, M.},
  title   = {Interpretable confidence measures for decision support systems},
  journal = {International Journal of Human-Computer Studies},
  volume  = {144},
  pages   = {102493},
  year    = {2020},
  month   = {Dec},
  doi     = {10.1016/j.ijhcs.2020.102493},
  url     = {https://doi.org/10.1016/j.ijhcs.2020.102493}
}

@inproceedings{Zhang2020_Confidence_2020,
  author    = {Zhang, Y. and Liao, Q. V. and Bellamy, R. K. E.},
  title     = {Effect of confidence and explanation on accuracy and trust calibration in AI-assisted decision making},
  booktitle = {Proceedings of the 2020 Conference on Fairness, Accountability, and Transparency (FAT* '20)},
  year      = {2020},
  month     = {Jan},
  publisher = {ACM},
  doi       = {10.1145/3351095.3372852},
  url       = {http://dx.doi.org/10.1145/3351095.3372852}
}

