@article{Adadi2018-article,
  author  = {Adadi, A. and Berrada, M.},
  title   = {Peeking Inside the Black-Box: A Survey on Explainable Artificial Intelligence (XAI)},
  journal = {IEEE Access},
  volume  = {6},
  pages   = {52138--52160},
  year    = {2018},
  doi     = {10.1109/ACCESS.2018.2870052}
}

@book{Aggarwal2013-book-learning,
  editor    = {Aggarwal, C. C. and Reddy, C. K.},
  title     = {Data Clustering: Algorithms and Applications},
  publisher = {CRC Press},
  year      = {2014}
}

@article{Andrews2023-article,
  author  = {Andrews, R. W. and Lilly, J. M. and Divya, S. and Feigh, K. M.},
  title   = {The role of shared mental models in human-AI teams: a theoretical review},
  journal = {Theoretical Issues in Ergonomics Science},
  volume  = {24},
  number  = {2},
  pages   = {129--175},
  year    = {2023},
  doi     = {10.1080/1463922X.2022.2061080},
  url     = {https://doi.org/10.1080/1463922X.2022.2061080}
}

@article{Angelov2021-article,
  author  = {Angelov, P. P. and Soares, E. A. and Jiang, R. and Arnold, N. I. and Atkinson, P. M.},
  title   = {Explainable artificial intelligence: an analytical review},
  journal = {WIREs Data Mining and Knowledge Discovery},
  volume  = {11},
  number  = {5},
  pages   = {e1424},
  year    = {2021},
  doi     = {10.1002/widm.1424},
  url     = {https://doi.org/10.1002/widm.1424}
}

@article{Barman2024-Hacculination-article,
  author  = {Barman, D. and Gupo, Z. and Conlan, O.},
  title   = {The Dark Side of Language Models: Exploring the Potential of LLMs in Multimedia Disinformation Generation and Dissemination},
  journal = {Machine Learning with Applications},
  volume  = {16},
  pages   = {100545},
  year    = {2024},
  doi     = {10.1016/j.mlwa.2024.100545},
  url     = {https://www.sciencedirect.com/science/article/pii/S2666827024000215}
}

@article{Arrieta2020-article,
  author  = {Barredo Arrieta, A. and D{\'{\i}}az-Rodr{\'{\i}}guez, N. and Del Ser, J. and Bennetot, A. and Tabik, S. and Barbado, A. and Garcia, S. and Gil-Lopez, S. and Molina, D. and Benjamins, R. and Chatila, R. and Herrera, F.},
  title   = {Explainable Artificial Intelligence (XAI): Concepts, taxonomies, opportunities and challenges toward responsible AI},
  journal = {Information Fusion},
  volume  = {58},
  pages   = {82--115},
  year    = {2020},
  doi     = {10.1016/j.inffus.2019.12.012},
  url     = {https://doi.org/10.1016/j.inffus.2019.12.012}
}

@techreport{Basili1992-techreport,
  author      = {Basili, V. R.},
  title       = {Software Modeling and Measurement: The Goal/Question/Metric Paradigm (CS-TR-2956, UMIACS-TR-92-96)},
  institution = {University of Maryland, Institute for Advanced Computer Studies},
  year        = {1992},
  month       = {Sep},
  note        = {Accessed: 26 Dec. 2023},
  url         = {https://www.cs.umd.edu/~basili/publications/technical/T78.pdf}
}

@inproceedings{Beckers2022-CausalExplanations-inproceedings,
  author    = {Beckers, S.},
  title     = {Causal explanations and XAI},
  booktitle = {Proceedings of the Conference on causal learning and reasoning},
  pages     = {90--109},
  year      = {2022},
  publisher = {PMLR}
}

@misc{Carloni2023-XAI-Rolecausality-arxiv-article,
  author = {Carloni, G. and Berti, A. and Colantonio, S.},
  title  = {The role of causality in explainable artificial intelligence},
  year   = {2023},
  month  = {Sep},
  note   = {Preprint, arXiv},
  url    = {https://arxiv.org/abs/2309.09901}
}

@article{Carroll2022-article,
  author  = {Carroll, J. M.},
  title   = {Why Should Humans Trust AI?},
  journal = {Interactions},
  volume  = {29},
  number  = {4},
  pages   = {73--77},
  year    = {2022},
  month   = {Jun},
  doi     = {10.1145/3538392},
  url     = {https://doi.org/10.1145/3538392}
}

@article{Carvalho2019machine-Article,
  author  = {Carvalho, D. V. and Pereira, E. M. and Cardoso, J. S.},
  title   = {Machine learning interpretability: A survey on methods and metrics},
  journal = {Electronics},
  volume  = {8},
  number  = {8},
  pages   = {832},
  year    = {2019}
}

@book{Chapelle2010-book-learning,
  author    = {Chapelle, O. and Schlkopf, B. and Zien, A.},
  title     = {Semi-Supervised Learning},
  edition   = {1st},
  publisher = {The MIT Press},
  year      = {2010}
}

@article{Chawla2004specialImbalancedData-article,
  author  = {Chawla, N. V. and Japkowicz, N. and Kotcz, A.},
  title   = {Special issue on learning from imbalanced data sets},
  journal = {ACM SIGKDD explorations newsletter},
  volume  = {6},
  number  = {1},
  pages   = {1--6},
  year    = {2004}
}

@inproceedings{Garcia2018-XAI-MentalModel-inproceedings,
  author    = {Chiyah Garcia, F. J. and Robb, D. A. and Liu, X. and Laskov, A. and Patron, P. and Hastie, H.},
  title     = {Explainable Autonomy: A Study of Explanation Styles for Building Clear Mental Models},
  booktitle = {Proceedings of the 11th International Conference on Natural Language Generation},
  pages     = {99--108},
  year      = {2018},
  month     = {Nov},
  publisher = {Association for Computational Linguistics},
  address   = {The Netherlands},
  doi       = {10.18653/v1/W18-6511},
  url       = {https://aclanthology.org/W18-6511/}
}

@article{Chou2023-XAI-Counterfactual-Causal-InfoFusion-article,
  author  = {Chou, Y. L. and Moreira, C. and Bruza, P. and Ouyang, C. and Jorge, J.},
  title   = {Counterfactuals and causability in explainable artificial intelligence: Theory, algorithms, and applications},
  journal = {Information Fusion},
  volume  = {81},
  pages   = {59--83},
  year    = {2022},
  doi     = {10.1016/j.inffus.2021.11.003},
  url     = {https://www.sciencedirect.com/science/article/pii/S1566253521002281}
}

@inproceedings{Degen2024-inproceedings,
  author    = {Degen, H. and Budnik, C.},
  title     = {How to Explain it to System Testers? A Qualitative User Study About Understandability, Validatability, Predictability, and Trustworthiness},
  booktitle = {Artificial Intelligence in HCI: 5th International Conference, AI-HCI 2024, held as Part of the 26th HCI International Conference, HCII 2024},
  pages     = {153--178},
  year      = {2024},
  address   = {Washington, DC, USA},
  publisher = {Springer-Verlag},
  doi       = {10.1007/978-3-031-60606-9\_10},
  url       = {https://doi.org/10.1007/978-3-031-60606-9\_10}
}

@inproceedings{DegenBudnik2021-inproceedings,
  author    = {Degen, H. and Budnik, C. and Chitre, K. and Lintereur, A.},
  title     = {How to Explain it to Facility Managers? A Qualitative, Industrial User Research Study for Explainability},
  booktitle = {HCI International 2021 - Late Breaking Papers: Multimodality, eXtended Reality, and Artificial Intelligence. 23rd HCI International Conference, HCII 2021, Virtual Event},
  pages     = {401--422},
  year      = {2021},
  publisher = {Springer Nature Switzerland AG},
  address   = {Cham, Switzerland},
  doi       = {10.1007/978-3-030-90963-5\_31},
  url       = {https://doi.org/10.1007/978-3-030-90963-5\_31}
}

@inproceedings{Degen2023-inproceedings,
  author    = {Degen, H. and Budnik, C. and Gross, R. and Rothering, M.},
  title     = {How To Explain It To a Model Manager? A Qualitative User Study About Understandability, Trustworthiness, Actionability, and Action Efficacy},
  booktitle = {Artificial Intelligence in HCI: 4th International Conference, AI-HCI 2023, held as Part of the 25th HCI International Conference, HCII 2023},
  pages     = {209--242},
  year      = {2023},
  address   = {Copenhagen, Denmark},
  publisher = {Springer Nature Switzerland AG},
  doi       = {10.1007/978-3-031-35891-3\_14},
  url       = {https://doi.org/10.1007/978-3-031-35891-3\_14}
}

@inproceedings{Dosilovic2018-inproceedings,
  author    = {Došilović, F. K. and Brčić, M. and Hlupić, N.},
  title     = {Explainable artificial intelligence: A survey},
  booktitle = {2018 41st International Convention on Information and Communication Technology, Electronics and Microelectronics (MIPRO)},
  pages     = {0210--0215},
  year      = {2018},
  month     = {May},
  doi       = {10.23919/MIPRO.2018.8400040}
}

@article{Garibay2023-article,
  author  = {Garibay, O. O. and Winslow, B. and Andolina, S. and Antona, M. and Bodenschatz, A. and Coursaris, C. and Falco, G. and Fiore, S. M. and Garibay, I. and Grieman, K. and Havens, J. C. and Jirotka, M. and Kacorri, H. and Karwowski, W. and Kider, J. and Konstan, J. and Koon, S. and Lopez-Gonzalez, M. and Maifeld-Carucci, I. and McGregor, S. and Salvendy, G. and Shneiderman, B. and Stephanidis, C. and Strobel, C. and Ten Holter, C. and Xu, W.},
  title   = {Six Human-Centered Artificial Intelligence Grand Challenges},
  journal = {International Journal of Human–Computer Interaction},
  volume  = {39},
  number  = {3},
  pages   = {391--437},
  year    = {2023},
  doi     = {10.1080/10447318.2022.2153320},
  url     = {https://doi.org/10.1080/10447318.2022.2153320}
}

@incollection{Gentner2001-incollection,
  author    = {Gentner, D.},
  title     = {Mental Models, Psychology of},
  booktitle = {International Encyclopedia of the Social \& Behavioral Sciences},
  editor    = {Smelser, N. J. and Baltes, P. B.},
  pages     = {9683--9687},
  publisher = {Pergamon},
  address   = {Oxford},
  year      = {2001},
  doi       = {10.1016/B0-08-043076-7/01487-X},
  url       = {https://www.sciencedirect.com/science/article/pii/B008043076701487X}
}

@book{Goodfellow2016-Book,
  author    = {Goodfellow, I. and Bengio, Y. and Courville, A.},
  title     = {Deep Learning},
  publisher = {The MIT Press},
  year      = {2016}
}

@article{Guest2006-article,
  author  = {Guest, G. and Bunce, A. and Johnson, L.},
  title   = {How Many Interviews Are Enough?: An Experiment with Data Saturation and Variability},
  journal = {Field Methods},
  volume  = {18},
  number  = {1},
  pages   = {59--82},
  year    = {2006},
  doi     = {10.1177/1525822X05279903},
  url     = {https://doi.org/10.1177/1525822X05279903}
}

@article{Guidotti2019-article,
  author  = {Guidotti, R. and Monreale, A. and Ruggieri, S. and Turini, F. and Giannotti, F. and Pedreschi, D.},
  title   = {A Survey of Methods for Explaining Black Box Models},
  journal = {ACM Computing Surveys},
  volume  = {51},
  number  = {5},
  pages   = {1--42},
  year    = {2018},
  month   = {Aug},
  doi     = {10.1145/3236009},
  url     = {https://doi.org/10.1145/3236009}
}

@article{Gunning2019-article,
  author  = {Gunning, D. and Aha, D.},
  title   = {DARPA's Explainable Artificial Intelligence (XAI) Program},
  journal = {AI Magazine},
  volume  = {40},
  number  = {2},
  pages   = {44--58},
  year    = {2019},
  month   = {Jun},
  doi     = {10.1609/aimag.v40i2.2850},
  url     = {https://ojs.aaai.org/index.php/aimagazine/article/view/2850}
}

@article{He2009learningImbalancedData-article,
  author  = {He, H. and Garcia, E. A.},
  title   = {Learning from imbalanced data},
  journal = {IEEE Transactions on Knowledge and Data Engineering},
  volume  = {21},
  number  = {9},
  pages   = {1263--1284},
  year    = {2009}
}

@article{Hennink2022-article,
  author  = {Hennink, M. and Kaiser, B. N.},
  title   = {Sample sizes for saturation in qualitative research: A systematic review of empirical tests},
  journal = {Social Science \& Medicine},
  volume  = {292},
  pages   = {114523},
  year    = {2022},
  doi     = {10.1016/j.socscimed.2021.114523},
  url     = {https://doi.org/10.1016/j.socscimed.2021.114523}
}

@article{Hoffman2018-article,
  author  = {Hoffman, R. R. and Miller, T. and Mueller, S. T. and Klein, G. and Clancey, W. J.},
  title   = {Explaining Explanation, Part 4: A Deep Dive on Deep Nets},
  journal = {IEEE Intelligent Systems},
  volume  = {33},
  number  = {03},
  pages   = {87--95},
  year    = {2018},
  month   = {May},
  doi     = {10.1109/MIS.2018.033001421}
}

@misc{Hoffman2019metrics-misc,
  author = {Hoffman, R. R. and Mueller, S. T. and Klein, G. and Litman, J.},
  title  = {Metrics for explainable AI: Challenges and prospects},
  year   = {2019},
  month  = {Feb},
  doi    = {10.48550/arXiv.1812.04608},
  note   = {Preprint}
}

@article{Hoffman2023-MeasureXAI-FrontiersinCS-article,
  author  = {Hoffman, R. R. and Mueller, S. T. and Klein, G. and Litman, J.},
  title   = {Measures for explainable AI: Explanation goodness, user satisfaction, mental models, curiosity, trust, and human-AI performance},
  journal = {Frontiers in Computer Science},
  volume  = {5},
  year    = {2023},
  doi     = {10.3389/fcomp.2023.1096257},
  url     = {https://doi.org/10.3389/fcomp.2023.1096257}
}

@inproceedings{Hu2021-proceedings,
  author    = {Hu, Z. F. and Kuflik, T. and Mocanu, I. G. and Najafian, S. and Shulner Tal, A.},
  title     = {Recent Studies of XAI - Review},
  booktitle = {Adjunct Proceedings of the 29th ACM Conference on User Modeling, Adaptation and Personalization (UMAP '21)},
  pages     = {421--431},
  year      = {2021},
  publisher = {Association for Computing Machinery},
  address   = {New York, NY, USA},
  doi       = {10.1145/3450614.3463354},
  url       = {https://doi.org/10.1145/3450614.3463354}
}

@misc{Huang2023-Surveyhallucinationlargelanguage-arxiv,
  author = {Huang, L. and Yu, W. and Ma, W. and Zhong, W. and Feng, Z. and Wang, H. and Chen, Q. and Peng, W. and Feng, X. and Qin, B. and Liu, T.},
  title  = {A Survey on Hallucination in Large Language Models: Principles, Taxonomy, Challenges, and Open Questions},
  year   = {2024},
  month  = {Nov},
  note   = {Preprint, arXiv},
  url    = {https://arxiv.org/abs/2311.05232}
}

@article{Islam2022-article,
  author  = {Islam, M. R. and Ahmed, M. U. and Barua, S. and Begum, S.},
  title   = {A Systematic Review of Explainable Artificial Intelligence in Terms of Different Application Domains and Tasks},
  journal = {Applied Sciences},
  volume  = {12},
  number  = {3},
  year    = {2022},
  doi     = {10.3390/app12031353},
  url     = {https://www.mdpi.com/2076-3417/12/3/1353}
}

@misc{ISO9241-110-2020,
  title        = {{ISO 9241-110:2020(E)}: Ergonomics of human-system interaction -- Part 110: Dialogue principles},
  howpublished = {Standard, International Organization for Standardization},
  address      = {Geneva, CH},
  year         = {2020},
  month        = {May},
  url          = {https://www.iso.org/standard/75258.html0}
}

@article{Ji2023survey-article,
  author  = {Ji, Z. and Lee, N. and Frieske, R. and Yu, T. and Su, D. and Xu, Y. and Ishii, E. and Bang, Y. J. and Madotto, A. and Fung, P.},
  title   = {Survey of Hallucination in Natural Language Generation},
  journal = {ACM Computing Surveys},
  volume  = {55},
  number  = {12},
  year    = {2023},
  month   = {Mar},
  doi     = {10.1145/3571730},
  url     = {https://doi.org/10.1145/3571730}
}

@book{Johnson-Laird1986-book,
  author    = {Johnson-Laird, P. N.},
  title     = {Mental Models: Towards a Cognitive Science of Language, Inference, and Consciousness},
  publisher = {Harvard University Press},
  address   = {USA},
  year      = {1986}
}

@article{Kosko1986-FuzzyCognitiveMaps-IJMMS-article,
  author  = {Kosko, B.},
  title   = {Fuzzy cognitive maps},
  journal = {International Journal of Man-Machine Studies},
  volume  = {24},
  number  = {1},
  pages   = {65--75},
  year    = {1986},
  doi     = {10.1016/S0020-7373(86)80040-2},
  url     = {https://www.sciencedirect.com/science/article/pii/S0020737386800402}
}

@article{Kotsiantis2006ImbalancedData-article,
  author  = {Kotsiantis, S. and Kanellopoulos, D. and Pintelas, P.},
  title   = {Handling imbalanced datasets: A review},
  journal = {GESTS International Transactions on Computer Science and Engineering},
  volume  = {30},
  number  = {1},
  pages   = {25--36},
  year    = {2006}
}

@inproceedings{Lecun1998aneural-article,
  author    = {LeCun, Y. and Bottou, L. and Orr, G. B. and M{\"u}ller, K. R.},
  title     = {Neural networks: Tricks of the trade},
  booktitle = {Lecture Notes in Computer Science},
  volume    = {1524},
  pages     = {5--50},
  year      = {1998}
}

@inproceedings{Liao2020-QuestionBank-CHI-inproceedings,
  author    = {Liao, Q. V. and Gruen, D. and Miller, S.},
  title     = {Questioning the AI: Informing Design Practices for Explainable AI User Experiences},
  booktitle = {Proceedings of the 2020 CHI Conference on Human Factors in Computing Systems (CHI '20)},
  pages     = {1--15},
  year      = {2020},
  publisher = {Association for Computing Machinery},
  address   = {New York, NY, USA},
  doi       = {10.1145/3313831.3376590},
  url       = {https://doi.org/10.1145/3313831.3376590}
}

@book{MacKay2003-book-learning,
  author    = {MacKay, D. J. C.},
  title     = {Information Theory, Inference, and Learning Algorithms},
  publisher = {Cambridge University Press},
  year      = {2003}
}

@article{Merry2021-article,
  author  = {Merry, M. and Riddle, P. and Warren, J.},
  title   = {A mental models approach for defining explainable artificial intelligence},
  journal = {BMC Medical Informatics and Decision Making},
  volume  = {21},
  number  = {1},
  year    = {2021},
  month   = {Dec},
  doi     = {10.1186/s12911-021-01703-7},
  url     = {https://doi.org/10.1186/s12911-021-01703-7}
}

@article{Miller2019ExplanationIA,
  author  = {Miller, T.},
  title   = {Explanation in Artificial Intelligence: Insights from the Social Sciences},
  journal = {Artificial Intelligence},
  volume  = {267},
  pages   = {1--38},
  year    = {2019},
  month   = {Nov},
  doi     = {10.1016/j.artint.2018.07.007}
}

@article{Mohseni2021-article,
  author  = {Mohseni, S. and Zarei, N. and Ragan, E. D.},
  title   = {A Multidisciplinary Survey and Framework for Design and Evaluation of Explainable AI Systems},
  journal = {ACM Transactions on Interactive Intelligent Systems},
  volume  = {11},
  number  = {3-4},
  year    = {2021},
  month   = {Sep},
  doi     = {10.1145/3387166},
  url     = {https://doi.org/10.1145/3387166}
}

@misc{Mueller2019-article,
  author = {Mueller, S. T. and Hoffman, R. R. and Clancey, W. and Emrey, A. and Klein, G.},
  title  = {Explanation in Human-AI Systems: A Literature Meta-Review, Synopsis of Key Ideas and Publications, and Bibliography for Explainable AI},
  year   = {2019},
  month  = {Feb},
  doi    = {10.48550/ARXIV.1902.01876},
  note   = {Preprint},
  url    = {https://arxiv.org/abs/1902.01876}
}

@book{Murphy2012-book-learning,
  author    = {Murphy, K. P.},
  title     = {Machine Learning: A Probabilistic Perspective},
  publisher = {The MIT Press},
  year      = {2012}
}

@misc{Onari2023-XAI-MentalModel-arxiv-article,
  author = {Onari Abbaspour, M. and Grau, I. and Nobile, M. S. and Zhang, Y.},
  title  = {Measuring perceived trust in XAI-assisted decision-making by eliciting a mental model},
  year   = {2023},
  note   = {Preprint, arXiv},
  url    = {https://arxiv.org/abs/2307.11765}
}

@book{Clark2016-Book,
  author    = {Plano Clark, V. L. and Ivankova, N. V.},
  title     = {Mixed Methods Research: A Guide to the Field},
  publisher = {SAGE Publications},
  address   = {Thousand Oaks, California},
  year      = {2016},
  doi       = {10.4135/9781483398341}
}

@article{Rudin2019-article,
  author  = {Rudin, C.},
  title   = {Stop explaining black box machine learning models for high stakes decisions and use interpretable models instead},
  journal = {Nature Machine Intelligence},
  volume  = {1},
  number  = {5},
  pages   = {206--215},
  year    = {2019},
  month   = {May},
  doi     = {10.1038/s42256-019-0048-x},
  url     = {https://doi.org/10.1038/s42256-019-0048-x}
}

@inproceedings{Rutjes2019-XAI-MentalModel-CHI-inproceedings,
  author    = {Rutjes, H. and Willemsen, M. and IJsselsteijn, W.},
  title     = {Considerations on explainable AI and users’ mental models},
  booktitle = {Where is the Human? Bridging the Gap Between AI and HCI},
  year      = {2019},
  publisher = {Association for Computing Machinery, Inc},
  address   = {New York, NY, USA},
  note      = {cHI 2019 Workshop; Conference date: 04-05-2019 Through 04-05-2019}
}

@inproceedings{Saraf2020-inproceedings,
  author    = {Saraf, A. P. and Chan, K. and Popish, M. and Browder, J. and Schade, J.},
  title     = {Explainable Artificial Intelligence for Aviation Safety Applications},
  booktitle = {AIAA AVIATION 2020 FORUM},
  year      = {2020},
  month     = {Jun},
  doi       = {10.2514/6.2020-2881},
  url       = {https://arc.aiaa.org/doi/abs/10.2514/6.2020-2881}
}

@article{Schmude2025-QuestionBank-IJHCS-article,
  author  = {Schmude, T. and Koesten, L. and M{\"o}ller, T. and Tschiatschek, S.},
  title   = {Information that matters: Exploring information needs of people affected by algorithmic decisions},
  journal = {International Journal of Human-Computer Studies},
  volume  = {193},
  number  = {C},
  year    = {2025},
  month   = {Jan},
  doi     = {10.1016/j.ijhcs.2024.103380},
  url     = {https://doi.org/10.1016/j.ijhcs.2024.103380}
}

@inproceedings{Sheridan2023-MentalModel-InProceedings,
  author    = {Sheridan, H. and Murphy, E. and O'Sullivan, D.},
  title     = {Exploring mental models for explainable artificial intelligence: Engaging cross-disciplinary teams using a design thinking approach},
  booktitle = {Artificial Intelligence in HCI},
  pages     = {337--354},
  year      = {2023},
  publisher = {Springer Nature},
  address   = {Cham, Switzerland}
}

@article{Stepin2021-contrastive_counterfactual_explanations-article,
  author  = {Stepin, I. and Alonso, J. M. and Catala, A. and Pereira-Fariña, M.},
  title   = {A survey of contrastive and counterfactual explanation generation methods for explainable artificial intelligence},
  journal = {IEEE Access},
  volume  = {9},
  pages   = {11974--12001},
  year    = {2021},
  month   = {Jan},
  doi     = {10.1109/ACCESS.2021.3051315}
}

@misc{Vilone2020-article,
  author = {Vilone, G. and Longo, L.},
  title  = {Explainable Artificial Intelligence: a Systematic Review},
  year   = {2020},
  month  = {Oct},
  doi    = {10.48550/ARXIV.2006.00093},
  note   = {Preprint},
  url    = {https://arxiv.org/abs/2006.00093}
}

@article{Waa2020_ConfidenceLevel_2020,
  author  = {van der Waa, J. and Schoonderwoerd, T. and van Diggelen, J. and Neerincx, M.},
  title   = {Interpretable confidence measures for decision support systems},
  journal = {International Journal of Human-Computer Studies},
  volume  = {144},
  pages   = {102493},
  year    = {2020},
  month   = {Dec},
  doi     = {10.1016/j.ijhcs.2020.102493},
  url     = {https://doi.org/10.1016/j.ijhcs.2020.102493}
}

@inproceedings{Zhang2020_Confidence_2020,
  author    = {Zhang, Y. and Liao, Q. V. and Bellamy, R. K. E.},
  title     = {Effect of confidence and explanation on accuracy and trust calibration in AI-assisted decision making},
  booktitle = {Proceedings of the 2020 Conference on Fairness, Accountability, and Transparency (FAT* '20)},
  year      = {2020},
  month     = {Jan},
  publisher = {ACM},
  doi       = {10.1145/3351095.3372852},
  url       = {http://dx.doi.org/10.1145/3351095.3372852}
}
