@article{slovic1995construction,
  title={The construction of preference.},
  author={Slovic, Paul},
  journal={American Psychologist},
  volume={50},
  number={5},
  pages={364},
  year={1995},
  publisher={American Psychological Association}
}

@inproceedings{kapelyukh2022my,
  title={My house, my rules: Learning tidying preferences with graph neural networks},
  author={Kapelyukh, Ivan and Johns, Edward},
  booktitle=CoRL,
  year={2022},
}

@inproceedings{yuan2023learning,
  title={Learning to simulate daily activities via modeling dynamic human needs},
  author={Yuan, Yuan and Wang, Huandong and Ding, Jingtao and Jin, Depeng and Li, Yong},
  booktitle={Proceedings of the ACM Web Conference},
  year={2023}
}

@article{lichtenstein2006construction,
  title={The construction of preference: An overview},
  author={Lichtenstein, Sarah and Slovic, Paul},
  journal={The construction of preference},
  volume={1},
  pages={1--40},
  year={2006},
  publisher={Cambridge University Press Cambridge}
}

@inproceedings{li2023behavior,
  title={Behavior-1k: A benchmark for embodied ai with 1,000 everyday activities and realistic simulation},
  author={Li, Chengshu and Zhang, Ruohan and Wong, Josiah and Gokmen, Cem and Srivastava, Sanjana and Mart{\'\i}n-Mart{\'\i}n, Roberto and Wang, Chen and Levine, Gabrael and Lingelbach, Michael and Sun, Jiankai and others},
  booktitle=CoRL,
  year={2023},
}

@inproceedings{shridhar2020alfred,
  title={Alfred: A benchmark for interpreting grounded instructions for everyday tasks},
  author={Shridhar, Mohit and Thomason, Jesse and Gordon, Daniel and Bisk, Yonatan and Han, Winson and Mottaghi, Roozbeh and Zettlemoyer, Luke and Fox, Dieter},
  booktitle=CVPR,
  year={2020}
}

@inproceedings{savva2019habitat,
  title={Habitat: A platform for embodied ai research},
  author={Savva, Manolis and Kadian, Abhishek and Maksymets, Oleksandr and Zhao, Yili and Wijmans, Erik and Jain, Bhavana and Straub, Julian and Liu, Jia and Koltun, Vladlen and Malik, Jitendra and others},
  booktitle=ICCV,
  year={2019}
}

@article{kolve2017ai2,
  title={Ai2-thor: An interactive 3d environment for visual ai},
  author={Kolve, Eric and Mottaghi, Roozbeh and Han, Winson and VanderBilt, Eli and Weihs, Luca and Herrasti, Alvaro and Deitke, Matt and Ehsani, Kiana and Gordon, Daniel and Zhu, Yuke and others},
  journal={arXiv preprint arXiv:1712.05474},
  year={2017}
}

@inproceedings{anderson2018vision,
  title={Vision-and-language navigation: Interpreting visually-grounded navigation instructions in real environments},
  author={Anderson, Peter and Wu, Qi and Teney, Damien and Bruce, Jake and Johnson, Mark and S{\"u}nderhauf, Niko and Reid, Ian and Gould, Stephen and Van Den Hengel, Anton},
  booktitle=CVPR,
  year={2018}
}

@inproceedings{chen2019touchdown,
  title={Touchdown: Natural language navigation and spatial reasoning in visual street environments},
  author={Chen, Howard and Suhr, Alane and Misra, Dipendra and Snavely, Noah and Artzi, Yoav},
  booktitle=CVPR,
  year={2019}
}

@inproceedings{thomason2020vision,
  title={Vision-and-dialog navigation},
  author={Thomason, Jesse and Murray, Michael and Cakmak, Maya and Zettlemoyer, Luke},
  booktitle=CoRL,
  year={2020}
}

@inproceedings{zheng2018dags,
  title={Dags with no tears: Continuous optimization for structure learning},
  author={Zheng, Xun and Aragam, Bryon and Ravikumar, Pradeep K and Xing, Eric P},
  booktitle=NIPS,
  year={2018}
}

@inproceedings{kant2022housekeep,
  title={Housekeep: Tidying virtual households using commonsense reasoning},
  author={Kant, Yash and Ramachandran, Arun and Yenamandra, Sriram and Gilitschenski, Igor and Batra, Dhruv and Szot, Andrew and Agrawal, Harsh},
  booktitle=ECCV,
  year={2022},
}

@inproceedings{sarch2022tidee,
  title={Tidee: Tidying up novel rooms using visuo-semantic commonsense priors},
  author={Sarch, Gabriel and Fang, Zhaoyuan and Harley, Adam W and Schydlo, Paul and Tarr, Michael J and Gupta, Saurabh and Fragkiadaki, Katerina},
  booktitle=ECCV,
  year={2022},
}

@inproceedings{zhang2021acre,
  title={Acre: Abstract causal reasoning beyond covariation},
  author={Zhang, Chi and Jia, Baoxiong and Edmonds, Mark and Zhu, Song-Chun and Zhu, Yixin},
  booktitle=CVPR,
  year={2021}
}

@inproceedings{puig2023habitat,
  title={Habitat 3.0: A Co-Habitat for Humans, Avatars, and Robots},
  author={Puig, Xavier and Undersander, Eric and Szot, Andrew and Cote, Mikael Dallaire and Yang, Tsung-Yen and Partsey, Ruslan and Desai, Ruta and Clegg, Alexander and Hlavac, Michal and Min, So Yeon and others},
  booktitle=ICLR,
  year={2023}
}

@inproceedings{puig2020watch,
  title={Watch-and-help: A challenge for social perception and human-ai collaboration},
  author={Puig, Xavier and Shu, Tianmin and Li, Shuang and Wang, Zilin and Liao, Yuan-Hong and Tenenbaum, Joshua B and Fidler, Sanja and Torralba, Antonio},
  booktitle=ICLR,
  year={2021}
}

@inproceedings{zhang2023building,
  title={zhang2023building},
  author={Zhang, Hongxin and Du, Weihua and Shan, Jiaming and Zhou, Qinhong and Du, Yilun and Tenenbaum, Joshua B and Shu, Tianmin and Gan, Chuang},
  booktitle=ICLR,
  year={2024}
}

@article{wu2023tidybot,
  title={Tidybot: Personalized robot assistance with large language models},
  author={Wu, Jimmy and Antonova, Rika and Kan, Adam and Lepert, Marion and Zeng, Andy and Song, Shuran and Bohg, Jeannette and Rusinkiewicz, Szymon and Funkhouser, Thomas},
  journal={Autonomous Robots},
  volume={47},
  number={8},
  pages={1087--1102},
  year={2023},
  publisher={Springer}
}

@article{taniguchi2021autonomous,
  title={Autonomous planning based on spatial concepts to tidy up home environments with service robots},
  author={Taniguchi, Akira and Isobe, Shota and El Hafi, Lotfi and Hagiwara, Yoshinobu and Taniguchi, Tadahiro},
  journal={Advanced Robotics},
  volume={35},
  number={8},
  pages={471--489},
  year={2021},
  publisher={Taylor \& Francis}
}


@article{zhang2022opt,
  title={Opt: Open pre-trained transformer language models},
  author={Zhang, Susan and Roller, Stephen and Goyal, Naman and Artetxe, Mikel and Chen, Moya and Chen, Shuohui and Dewan, Christopher and Diab, Mona and Li, Xian and Lin, Xi Victoria and others},
  journal={arXiv preprint arXiv:2205.01068},
  year={2022}
}

@inproceedings{abdo2015robot,
  title={Robot, organize my shelves! tidying up objects by predicting user preferences},
  author={Abdo, Nichola and Stachniss, Cyrill and Spinello, Luciano and Burgard, Wolfram},
  booktitle=ICRA,
  year={2015},
}

@inproceedings{patel2023proactive,
  title={Proactive Robot Assistance via Spatio-Temporal Object Modeling},
  author={Patel, Maithili and Chernova, Sonia},
  booktitle=CoRL,
  year={2023},
}

@inproceedings{patel2023predicting,
  title={Predicting Routine Object Usage for Proactive Robot Assistance},
  author={Patel, Maithili and Prakash, Aswin Gururaj and Chernova, Sonia},
  booktitle=CoRL,
  year={2023},
}

@inproceedings{christiano2017deep,
  title={Deep reinforcement learning from human preferences},
  author={Christiano, Paul F and Leike, Jan and Brown, Tom and Martic, Miljan and Legg, Shane and Amodei, Dario},
  booktitle=NIPS,
  year={2017}
}

@article{achiam2023gpt,
  title={Gpt-4 technical report},
  author={Achiam, Josh and Adler, Steven and Agarwal, Sandhini and Ahmad, Lama and Akkaya, Ilge and Aleman, Florencia Leoni and Almeida, Diogo and Altenschmidt, Janko and Altman, Sam and Anadkat, Shyamal and others},
  journal={arXiv preprint arXiv:2303.08774},
  year={2023}
}

@article{yu2023efficient,
  title={Efficient In-Context Learning in Vision-Language Models for Egocentric Videos},
  author={Yu, Keunwoo Peter and Zhang, Zheyuan and Hu, Fengyuan and Chai, Joyce},
  journal={arXiv preprint arXiv:2311.17041},
  year={2023}
}

@inproceedings{liu2024improved,
  title={Improved baselines with visual instruction tuning},
  author={Liu, Haotian and Li, Chunyuan and Li, Yuheng and Lee, Yong Jae},
  booktitle=CVPR,
  year={2024}
}

@inproceedings{arnab2021vivit,
  title={Vivit: A video vision transformer},
  author={Arnab, Anurag and Dehghani, Mostafa and Heigold, Georg and Sun, Chen and Lu{\v{c}}i{\'c}, Mario and Schmid, Cordelia},
  booktitle=ICCV,
  year={2021}
}

@article{touvron2023llama,
  title={Llama: Open and efficient foundation language models},
  author={Touvron, Hugo and Lavril, Thibaut and Izacard, Gautier and Martinet, Xavier and Lachaux, Marie-Anne and Lacroix, Timoth{\'e}e and Rozi{\`e}re, Baptiste and Goyal, Naman and Hambro, Eric and Azhar, Faisal and others},
  journal={arXiv preprint arXiv:2302.13971},
  year={2023}
}

@inproceedings{grauman2022ego4d,
  title={Ego4d: Around the world in 3,000 hours of egocentric video},
  author={Grauman, Kristen and Westbury, Andrew and Byrne, Eugene and Chavis, Zachary and Furnari, Antonino and Girdhar, Rohit and Hamburger, Jackson and Jiang, Hao and Liu, Miao and Liu, Xingyu and others},
  booktitle=CVPR,
  year={2022}
}

@article{ahn2024autort,
  title={Autort: Embodied foundation models for large scale orchestration of robotic agents},
  author={Ahn, Michael and Dwibedi, Debidatta and Finn, Chelsea and Arenas, Montse Gonzalez and Gopalakrishnan, Keerthana and Hausman, Karol and Ichter, Brian and Irpan, Alex and Joshi, Nikhil and Julian, Ryan and others},
  journal={arXiv preprint arXiv:2401.12963},
  year={2024}
}

@article{leal2023sara,
  title={Sara-rt: Scaling up robotics transformers with self-adaptive robust attention},
  author={Leal, Isabel and Choromanski, Krzysztof and Jain, Deepali and Dubey, Avinava and Varley, Jake and Ryoo, Michael and Lu, Yao and Liu, Frederick and Sindhwani, Vikas and Vuong, Quan and others},
  journal={arXiv preprint arXiv:2312.01990},
  year={2023}
}

@article{gu2023rt,
  title={Rt-trajectory: Robotic task generalization via hindsight trajectory sketches},
  author={Gu, Jiayuan and Kirmani, Sean and Wohlhart, Paul and Lu, Yao and Arenas, Montserrat Gonzalez and Rao, Kanishka and Yu, Wenhao and Fu, Chuyuan and Gopalakrishnan, Keerthana and Xu, Zhuo and others},
  journal={arXiv preprint arXiv:2311.01977},
  year={2023}
}

@article{brohan2022rt,
  title={Rt-1: Robotics transformer for real-world control at scale},
  author={Brohan, Anthony and Brown, Noah and Carbajal, Justice and Chebotar, Yevgen and Dabis, Joseph and Finn, Chelsea and Gopalakrishnan, Keerthana and Hausman, Karol and Herzog, Alex and Hsu, Jasmine and others},
  journal={arXiv preprint arXiv:2212.06817},
  year={2022}
}

@inproceedings{zitkovich2023rt,
  title={Rt-2: Vision-language-action models transfer web knowledge to robotic control},
  author={Zitkovich, Brianna and Yu, Tianhe and Xu, Sichun and Xu, Peng and Xiao, Ted and Xia, Fei and Wu, Jialin and Wohlhart, Paul and Welker, Stefan and Wahid, Ayzaan and others},
  booktitle=CoRL,
  year={2023},
}

@article{gebru2021datasheets,
  title={Datasheets for datasets},
  author={Gebru, Timnit and Morgenstern, Jamie and Vecchione, Briana and Vaughan, Jennifer Wortman and Wallach, Hanna and Iii, Hal Daum{\'e} and Crawford, Kate},
  journal={Communications of the ACM},
  volume={64},
  number={12},
  pages={86--92},
  year={2021},
  publisher={ACM New York, NY, USA}
}

@article{sucan2012open,
  title={The open motion planning library},
  author={Sucan, Ioan A and Moll, Mark and Kavraki, Lydia E},
  journal={IEEE Robotics \& Automation Magazine},
  volume={19},
  number={4},
  pages={72--82},
  year={2012},
  publisher={IEEE}
}

@article{bommasani2021opportunities,
  title={On the opportunities and risks of foundation models},
  author={Bommasani, Rishi and Hudson, Drew A and Adeli, Ehsan and Altman, Russ and Arora, Simran and von Arx, Sydney and Bernstein, Michael S and Bohg, Jeannette and Bosselut, Antoine and Brunskill, Emma and others},
  journal={arXiv preprint arXiv:2108.07258},
  year={2021}
}

@article{peng2023kosmos,
  title={Kosmos-2: Grounding multimodal large language models to the world},
  author={Peng, Zhiliang and Wang, Wenhui and Dong, Li and Hao, Yaru and Huang, Shaohan and Ma, Shuming and Wei, Furu},
  journal={arXiv preprint arXiv:2306.14824},
  year={2023}
}

@article{bai2023qwen,
  title={Qwen-vl: A frontier large vision-language model with versatile abilities},
  author={Bai, Jinze and Bai, Shuai and Yang, Shusheng and Wang, Shijie and Tan, Sinan and Wang, Peng and Lin, Junyang and Zhou, Chang and Zhou, Jingren},
  journal={arXiv preprint arXiv:2308.12966},
  year={2023}
}

@inproceedings{driess2023palm,
  title={PaLM-E: An Embodied Multimodal Language Model},
  author={Driess, Danny and Xia, Fei and Sajjadi, Mehdi SM and Lynch, Corey and Chowdhery, Aakanksha and Ichter, Brian and Wahid, Ayzaan and Tompson, Jonathan and Vuong, Quan and Yu, Tianhe and others},
  booktitle=ICML,
  year={2023},
}

@inproceedings{lee2012personalization,
  title={Personalization in HRI: A longitudinal field experiment},
  author={Lee, Min Kyung and Forlizzi, Jodi and Kiesler, Sara and Rybski, Paul and Antanitis, John and Savetsila, Sarun},
  booktitle=HRI,
  year={2012}
}

@inproceedings{leyzberg2014personalizing,
  title={Personalizing robot tutors to individuals' learning differences},
  author={Leyzberg, Daniel and Spaulding, Samuel and Scassellati, Brian},
  booktitle=HRI,
  year={2014}
}

@article{epstein1994integration,
  title={Integration of the cognitive and the psychodynamic unconscious.},
  author={Epstein, Seymour},
  journal={American psychologist},
  volume={49},
  number={8},
  pages={709},
  year={1994},
  publisher={American Psychological Association}
}

@article{simonson2008will,
  title={Will I like a “medium” pillow? Another look at constructed and inherent preferences},
  author={Simonson, Itamar},
  journal={Journal of Consumer Psychology},
  volume={18},
  number={3},
  pages={155--169},
  year={2008},
  publisher={Elsevier}
}

@inproceedings{mu2023embodiedgpt,
  title={EmbodiedGPT: Vision-Language Pre-Training via Embodied Chain of Thought},
  author={Mu, Yao and Zhang, Qinglong and Hu, Mengkang and Wang, Wenhai and Ding, Mingyu and Jin, Jun and Wang, Bin and Dai, Jifeng and Qiao, Yu and Luo, Ping},
  booktitle=NIPS,
  year={2023}
}

@inproceedings{singh2023progprompt,
  title={Progprompt: Generating situated robot task plans using large language models},
  author={Singh, Ishika and Blukis, Valts and Mousavian, Arsalan and Goyal, Ankit and Xu, Danfei and Tremblay, Jonathan and Fox, Dieter and Thomason, Jesse and Garg, Animesh},
  booktitle=ICRA,
  year={2023},
}

@article{fawcett2010children,
  title={Children reason about shared preferences.},
  author={Fawcett, Christine A and Markson, Lori},
  journal={Developmental psychology},
  volume={46},
  number={2},
  pages={299},
  year={2010},
  publisher={American Psychological Association}
}

@article{liberman2021origins,
  title={Origins of homophily: Infants expect people with shared preferences to affiliate},
  author={Liberman, Zoe and Kinzler, Katherine D and Woodward, Amanda L},
  journal={Cognition},
  volume={212},
  pages={104695},
  year={2021},
  publisher={Elsevier}
}

@article{gerson2017you,
  title={Do you do as I do?: Young toddlers prefer and copy toy choices of similarly acting others},
  author={Gerson, Sarah A and Bekkering, Harold and Hunnius, Sabine},
  journal={Infancy},
  volume={22},
  number={1},
  pages={5--22},
  year={2017},
  publisher={Wiley Online Library}
}

@article{shanahan2024talking,
  title={Talking about large language models},
  author={Shanahan, Murray},
  journal={Communications of the ACM},
  volume={67},
  number={2},
  pages={68--79},
  year={2024},
  publisher={ACM New York, NY, USA}
}

@article{zhao2023survey,
  title={A survey of large language models},
  author={Zhao, Wayne Xin and Zhou, Kun and Li, Junyi and Tang, Tianyi and Wang, Xiaolei and Hou, Yupeng and Min, Yingqian and Zhang, Beichen and Zhang, Junjie and Dong, Zican and others},
  journal={arXiv preprint arXiv:2303.18223},
  year={2023}
}

@inproceedings{song2023llm,
  title={Llm-planner: Few-shot grounded planning for embodied agents with large language models},
  author={Song, Chan Hee and Wu, Jiaman and Washington, Clayton and Sadler, Brian M and Chao, Wei-Lun and Su, Yu},
  booktitle=ICCV,
  year={2023}
}

@article{ding2023integrating,
  title={Integrating action knowledge and LLMs for task planning and situation handling in open worlds},
  author={Ding, Yan and Zhang, Xiaohan and Amiri, Saeid and Cao, Nieqing and Yang, Hao and Kaminski, Andy and Esselink, Chad and Zhang, Shiqi},
  journal={Autonomous Robots},
  volume={47},
  number={8},
  pages={981--997},
  year={2023},
  publisher={Springer}
}

@article{zhang2024vision,
  title={Vision-language models for vision tasks: A survey},
  author={Zhang, Jingyi and Huang, Jiaxing and Jin, Sheng and Lu, Shijian},
  journal={IEEE Transactions on Pattern Analysis and Machine Intelligence},
  year={2024},
  publisher={IEEE}
}

@article{choi2023understanding,
  title={Understanding preferences in infancy},
  author={Choi, Youjung and Luo, Yuyan},
  journal={Wiley Interdisciplinary Reviews: Cognitive Science},
  volume={14},
  number={4},
  pages={e1643},
  year={2023},
  publisher={Wiley Online Library}
}

@inproceedings{chao2011towards,
  title={Towards grounding concepts for transfer in goal learning from demonstration},
  author={Chao, Crystal and Cakmak, Maya and Thomaz, Andrea L},
  booktitle={2011 IEEE International Conference on Development and Learning (ICDL)},
  volume={2},
  pages={1--6},
  year={2011},
  organization={IEEE}
}

@article{akgun2012keyframe,
  title={Keyframe-based learning from demonstration: Method and evaluation},
  author={Akgun, Baris and Cakmak, Maya and Jiang, Karl and Thomaz, Andrea L},
  journal={International Journal of Social Robotics},
  volume={4},
  pages={343--355},
  year={2012},
  publisher={Springer}
}

@article{yuan2022in,
  title={In situ bidirectional human-robot value alignment},
  author={Yuan, Luyao and Gao, Xiaofeng and Zheng, Zilong and Edmonds, Mark and Wu, Ying Nian and Rossano, Federico and Lu, Hongjing and Zhu, Yixin and Zhu, Song-Chun},
  journal={Science Robotics},
  volume={7},
  number={68},
  year={2022},
  publisher={Science Robotics}
}

@inproceedings{jiang2022what,
  title={What Is the Point? A Theory of Mind Model of Relevance},
  author={Jiang, Kaiwen and Dahmani, Annya and Stacy, Stephanie and Jiang, Boxuan and Rossano, Federico and Zhu, Yixin and Gao, Tao},
  booktitle=CogSci,
  year={2022}
}

@inproceedings{jiang2021individual,
  title={Individual vs. Joint Perception: a Pragmatic Model of Pointing as Communicative Smithian Helping},
  author={Jiang, Kaiwen and Stacy, Stephanie and Wei, Chuyu and Chan, Adelpha and Rossano, Federico and Zhu, Yixin and Gao, Tao},
  booktitle=CogSci,
  year={2021}
}

@inproceedings{yuan2020joint,
  title={Joint Inference of States, Robot Knowledge, and Human (False-)Beliefs},
  author={Yuan, Tao and Liu, Hangxin and Fan, Lifeng and Zheng, Zilong and Gao, Tao and Zhu, Yixin and Zhu, Song-Chun},
  booktitle=ICRA,
  year={2020}
}

@inproceedings{zhu2016inferring,
  title={Inferring forces and learning human utilities from videos},
  author={Zhu, Yixin and Jiang, Chenfanfu and Zhao, Yibiao and Terzopoulos, Demetri and Zhu, Song-Chun},
  booktitle=CVPR,
  year={2016}
}

@article{peng2024tong,
  title={The tong test: Evaluating artificial general intelligence through dynamic embodied physical and social interactions},
  author={Peng, Yujia and Han, Jiaheng and Zhang, Zhenliang and Fan, Lifeng and Liu, Tengyu and Qi, Siyuan and Feng, Xue and Ma, Yuxi and Wang, Yizhou and Zhu, Song-Chun},
  journal={Engineering},
  volume={34},
  pages={12--22},
  year={2024},
  publisher={Elsevier}
}

@article{levinson1983pragmatics,
  title={Pragmatics},
  author={Levinson, Stephen C},
  journal={Cambridge UP},
  year={1983}
}

@article{kahneman1982psychology,
  title={The psychology of preferences},
  author={Kahneman, D},
  journal={Scientific American},
  year={1982}
}

@article{coppin2010m,
  title={I’m no longer torn after choice: How explicit choices implicitly shape preferences of odors},
  author={Coppin, G{\'e}raldine and Delplanque, Sylvain and Cayeux, Isabelle and Porcherot, Christelle and Sander, David},
  journal={Psychological science},
  volume={21},
  number={4},
  pages={489--493},
  year={2010},
  publisher={Sage Publications Sage CA: Los Angeles, CA}
}

@article{sen1973behaviour,
  title={Behaviour and the Concept of Preference},
  author={Sen, Amartya},
  journal={Economica},
  volume={40},
  number={159},
  pages={241--259},
  year={1973},
  publisher={JSTOR}
}

@article{scott2000rational,
  title={Rational choice theory},
  author={Scott, John and others},
  journal={Understanding contemporary society: Theories of the present},
  volume={129},
  pages={126--138},
  year={2000}
}

@book{zey1998rational,
  title={Rational choice theory and organizational theory: A critique},
  author={Zey, Mary},
  year={1998},
  publisher={Sage}
}

@article{mongin1998expected,
    author = {Mongin, Philippe},
    year = {1997},
    month = {01},
    pages = {342-350},
    title = {Expected utility theory},
    journal = {Handbook of Economic Methodology}
}

@book{aleskerov2007utility,
  title={Utility maximization, choice and preference},
  author={Aleskerov, Fuad and Bouyssou, Denis and Monjardet, Bernard},
  volume={16},
  year={2007},
  publisher={Springer Science \& Business Media}
}

@inproceedings{shu2018m,
  title={M\^{} 3RL: Mind-aware Multi-agent Management Reinforcement Learning},
  author={Shu, Tianmin and Tian, Yuandong},
  booktitle={International Conference on Learning Representations},
  year={2019},
}
}

@inproceedings{puig2023nopa,
  title={Nopa: Neurally-guided online probabilistic assistance for building socially intelligent home assistants},
  author={Puig, Xavier and Shu, Tianmin and Tenenbaum, Joshua B and Torralba, Antonio},
  booktitle=ICRA,
  year={2023},
}

@inproceedings{pui2021gwatch,
  title={Watch-And-Help: A Challenge for Social Perception and Human-AI Collaboration},
  author={Puig, Xavier and Shu, Tianmin and Li, Shuang and Wang, Zilin and Liao, Yuan-Hong and Tenenbaum, Joshua B and Fidler, Sanja and Torralba, Antonio},
  booktitle=ICLR,
  year={2021}
}

@article{xu2024interactive,
  title={Interactive visual reasoning under uncertainty},
  author={Xu, Manjie and Jiang, Guangyuan and Liang, Wei and Zhang, Chi and Zhu, Yixin},
  journal={Advances in Neural Information Processing Systems},
  volume={36},
  year={2024}
}

@article{xu2024active,
  title={Active reasoning in an open-world environment},
  author={Xu, Manjie and Jiang, Guangyuan and Liang, Wei and Zhang, Chi and Zhu, Yixin},
  journal={Advances in Neural Information Processing Systems},
  volume={36},
  year={2024}
}
