@inproceedings{angun2020intelligent,
  title={Intelligent systems for disaster management: Unmanned aerial vehiclesâ€™ surveillance problem with energy consumption constraints},
  author={Ang{\"u}n, Ebru and D{\"u}ndar, U{\u{g}}urcan},
  booktitle={Intelligent and Fuzzy Techniques in Big Data Analytics and Decision Making: Proceedings of the INFUS 2019 Conference, Istanbul, Turkey, July 23-25, 2019},
  pages={1269--1278},
  year={2020},
  organization={Springer}
}

@inproceedings{asghar2023risk,
  title={Risk-aware recharging rendezvous for a collaborative team of uavs and ugvs},
  author={Asghar, Ahmad Bilal and Shi, Guangyao and Karapetyan, Nare and Humann, James and Reddinger, Jean-Paul and Dotterweich, James and Tokekar, Pratap},
  booktitle={2023 IEEE International Conference on Robotics and Automation (ICRA)},
  pages={5544--5550},
  year={2023},
  organization={IEEE}
}

@article{bahdanau2014neural,
  title={Neural machine translation by jointly learning to align and translate},
  author={Bahdanau, Dzmitry and Cho, Kyunghyun and Bengio, Yoshua},
  journal={arXiv preprint arXiv:1409.0473},
  year={2014}
}

@article{bana2024deep,
  title={Deep Reinforcement Learning-Based Approach for a Single Vehicle Persistent Surveillance Problem with Fuel Constraints},
  author={Bana, Hritik and Mishra, Manav and Sarkar, Saswata and Sanjeevi, Sujeevraja and PB, Sujit and Sundar, Kaarthik},
  journal={arXiv preprint arXiv:2404.06423},
  year={2024}
}

@article{calamoneri2024management,
  title={Management of a post-disaster emergency scenario through unmanned aerial vehicles: Multi-Depot Multi-Trip Vehicle Routing with Total Completion Time Minimization},
  author={Calamoneri, Tiziana and Cor{\`o}, Federico and Mancini, Simona},
  journal={Expert Systems with Applications},
  volume={251},
  pages={123766},
  year={2024},
  publisher={Elsevier}
}

@inproceedings{chour2022reactive,
  title={A Reactive Energy-Aware Rendezvous Planning Approach for Multi-Vehicle Teams},
  author={Chour, Kenny and Reddinger, Jean-Paul and Dotterweich, James and Childers, Marshal and Humann, James and Rathinam, Sivakumar and Darbha, Swaroop},
  booktitle={2022 IEEE 18th International Conference on Automation Science and Engineering (CASE)},
  pages={537--542},
  year={2022},
  organization={IEEE}
}

@article{fan2022deep,
  title={Deep Reinforcement Learning for UAV Routing in the Presence of Multiple Charging Stations},
  author={Fan, Mingfeng and Wu, Yaoxin and Liao, Tianjun and Cao, Zhiguang and Guo, Hongliang and Sartoretti, Guillaume and Wu, Guohua},
  journal={IEEE Transactions on Vehicular Technology},
  year={2022},
  publisher={IEEE}
}

@article{hari2020optimal,
  title={Optimal UAV route planning for persistent monitoring missions},
  author={Hari, Sai Krishna Kanth and Rathinam, Sivakumar and Darbha, Swaroop and Kalyanam, Krishna and Manyam, Satyanarayana Gupta and Casbeer, David},
  journal={IEEE Transactions on Robotics},
  volume={37},
  number={2},
  pages={550--566},
  year={2020},
  publisher={IEEE}
}

@article{kool2018attention,
  title={Attention, learn to solve routing problems!},
  author={Kool, Wouter and Van Hoof, Herke and Welling, Max},
  journal={arXiv preprint arXiv:1803.08475},
  year={2018}
}

@article{li2021deep,
  title={Deep reinforcement learning for solving the heterogeneous capacitated vehicle routing problem},
  author={Li, Jingwen and Ma, Yining and Gao, Ruize and Cao, Zhiguang and Lim, Andrew and Song, Wen and Zhang, Jie},
  journal={IEEE Transactions on Cybernetics},
  volume={52},
  number={12},
  pages={13572--13585},
  year={2021},
  publisher={IEEE}
}

@article{lin2022robust,
  title={Robust planning for persistent surveillance with energy-constrained UAVs and mobile charging stations},
  author={Lin, Xiaoshan and Yaz{\i}c{\i}o{\u{g}}lu, Yasin and Aksaray, Derya},
  journal={IEEE Robotics and Automation Letters},
  volume={7},
  number={2},
  pages={4157--4164},
  year={2022},
  publisher={IEEE}
}

@inproceedings{maini2015cooperation,
  title={On cooperation between a fuel constrained UAV and a refueling UGV for large scale mapping applications},
  author={Maini, Parikshit and Sujit, PB},
  booktitle={2015 international conference on unmanned aircraft systems (ICUAS)},
  pages={1370--1377},
  year={2015},
  organization={IEEE}
}

@article{maini2019cooperative,
  title={Cooperative aerial--ground vehicle route planning with fuel constraints for coverage applications},
  author={Maini, Parikshit and Sundar, Kaarthik and Singh, Mandeep and Rathinam, Sivakumar and Sujit, PB},
  journal={IEEE Transactions on Aerospace and Electronic Systems},
  volume={55},
  number={6},
  pages={3016--3028},
  year={2019},
  publisher={IEEE}
}

@inproceedings{michael2011persistent,
  title={Persistent surveillance with a team of mavs},
  author={Michael, Nathan and Stump, Ethan and Mohta, Kartik},
  booktitle={2011 IEEE/RSJ International Conference on Intelligent Robots and Systems},
  pages={2708--2714},
  year={2011},
  organization={IEEE}
}

@inproceedings{nigam2008persistent,
  title={Persistent surveillance using multiple unmanned air vehicles},
  author={Nigam, Nikhil and Kroo, Ilan},
  booktitle={2008 IEEE Aerospace Conference},
  pages={1--14},
  year={2008},
  organization={IEEE}
}

@article{nigam2014multiple,
  title={The multiple unmanned air vehicle persistent surveillance problem: A review},
  author={Nigam, Nikhil},
  journal={Machines},
  volume={2},
  number={1},
  pages={13--72},
  year={2014},
  publisher={MDPI}
}

@inproceedings{scherer2016persistent,
  title={Persistent multi-UAV surveillance with energy and communication constraints},
  author={Scherer, J{\"u}rgen and Rinner, Bernhard},
  booktitle={2016 IEEE international conference on automation science and engineering (CASE)},
  pages={1225--1230},
  year={2016},
  organization={IEEE}
}

@article{seyedi2019persistent,
  title={Persistent surveillance with energy-constrained uavs and mobile charging stations},
  author={Seyedi, Sepehr and Yazicio{\u{g}}lu, Yasin and Aksaray, Derya},
  journal={IFAC-PapersOnLine},
  volume={52},
  number={20},
  pages={193--198},
  year={2019},
  publisher={Elsevier}
}

@article{vinyals2015pointer,
  title={Pointer networks},
  author={Vinyals, Oriol and Fortunato, Meire and Jaitly, Navdeep},
  journal={Advances in neural information processing systems},
  volume={28},
  year={2015}
}

@article{wu2021reinforcement,
  title={Reinforcement learning based truck-and-drone coordinated delivery},
  author={Wu, Guohua and Fan, Mingfeng and Shi, Jianmai and Feng, Yanghe},
  journal={IEEE Transactions on Artificial Intelligence},
  year={2021},
  publisher={IEEE}
}

