@article{stolfi2021uav,
  title={UAV-UGV-UMV multi-swarms for cooperative surveillance},
  author={Stolfi, Daniel H and Brust, Matthias R and Danoy, Gr{\'e}goire and Bouvry, Pascal},
  journal={Frontiers in Robotics and AI},
  volume={8},
  pages={616950},
  year={2021},
  publisher={Frontiers Media SA}
}
@article{wang2019vehicle,
  title={Vehicle routing problem with drones},
  author={Wang, Zheng and Sheu, Jiuh-Biing},
  journal={Transportation research part B: methodological},
  volume={122},
  pages={350--364},
  year={2019},
  publisher={Elsevier}
}
@article{cattaruzza2016vehicle,
  title={Vehicle routing problems with multiple trips},
  author={Cattaruzza, Diego and Absi, Nabil and Feillet, Dominique},
  journal={4or},
  volume={14},
  pages={223--259},
  year={2016},
  publisher={Springer}
}
@article{kool2018attention,
  title={Attention, learn to solve routing problems!},
  author={Kool, Wouter and Van Hoof, Herke and Welling, Max},
  journal={arXiv preprint arXiv:1803.08475},
  year={2018}
}
@inproceedings{hurwitz2021mobile,
  title={Mobile robot battery life estimation: battery energy use of an unmanned ground vehicle},
  author={Hurwitz, Arnon M and Dotterweich, James M and Rocks, Trevor A},
  booktitle={Energy Harvesting and Storage: Materials, Devices, and Applications XI},
  volume={11722},
  pages={24--40},
  year={2021},
  organization={SPIE}
}
@misc{arcgis_population_density,
  author       = {Esri},
  title        = {Houston population density},
  year         = {2017},
  howpublished = {\url{https://www.arcgis.com/apps/mapviewer/index.html?webmap=85a821d13a4f4502a85f71c4aae8bae8}},
  note         = {Accessed: 2024-10-11}
}
@article{ropero2019terra,
  title={TERRA: A path planning algorithm for cooperative UGV--UAV exploration},
  author={Ropero, Fernando and Mu{\~n}oz, Pablo and R-Moreno, Mar{\'\i}a D},
  journal={Engineering Applications of Artificial Intelligence},
  volume={78},
  pages={260--272},
  year={2019},
  publisher={Elsevier}
}
@article{sankaran2022gamma,
  title={Gamma: graph attention model for multiple agents to solve team orienteering problem with multiple depots},
  author={Sankaran, Prashant and McConky, Katie and Sudit, Moises and Ortiz-Pena, Hector},
  journal={IEEE Transactions on Neural Networks and Learning Systems},
  year={2022},
  publisher={IEEE}
}
@article{williams1992simple,
  title={Simple statistical gradient-following algorithms for connectionist reinforcement learning},
  author={Williams, Ronald J},
  journal={Machine learning},
  volume={8},
  pages={229--256},
  year={1992},
  publisher={Springer}
}

@inproceedings{tang2019study,
  title={A study on the traveling salesman problem with a drone},
  author={Tang, Ziye and Hoeve, Willem-Jan van and Shaw, Paul},
  booktitle={Integration of Constraint Programming, Artificial Intelligence, and Operations Research: 16th International Conference, CPAIOR 2019, Thessaloniki, Greece, June 4--7, 2019, Proceedings 16},
  pages={557--564},
  year={2019},
  organization={Springer}
}
@article{murray2015flying,
  title={The flying sidekick traveling salesman problem: Optimization of drone-assisted parcel delivery},
  author={Murray, Chase C and Chu, Amanda G},
  journal={Transportation Research Part C: Emerging Technologies},
  volume={54},
  pages={86--109},
  year={2015},
  publisher={Elsevier}
}
@article{wu2020cooperative,
  title={Cooperative path planning of UAVs \& UGVs for a persistent surveillance task in urban environments},
  author={Wu, Yu and Wu, Shaobo and Hu, Xinting},
  journal={IEEE Internet of Things Journal},
  volume={8},
  number={6},
  pages={4906--4919},
  year={2020},
  publisher={IEEE}
}
@article{liu2019cooperative,
  title={Cooperative routing problem for ground vehicle and unmanned aerial vehicle: The application on intelligence, surveillance, and reconnaissance missions},
  author={Liu, Yao and Luo, Zhihao and Liu, Zhong and Shi, Jianmai and Cheng, Guangquan},
  journal={IEEE Access},
  volume={7},
  pages={63504--63518},
  year={2019},
  publisher={IEEE}
}
@article{tokekar2016sensor,
  title={Sensor planning for a symbiotic UAV and UGV system for precision agriculture},
  author={Tokekar, Pratap and Vander Hook, Joshua and Mulla, David and Isler, Volkan},
  journal={IEEE transactions on robotics},
  volume={32},
  number={6},
  pages={1498--1511},
  year={2016},
  publisher={IEEE}
}
@inproceedings{puri2007statistical,
  title={Statistical profile generation for traffic monitoring using real-time UAV based video data},
  author={Puri, Anuj and Valavanis, KP and Kontitsis, M},
  booktitle={2007 Mediterranean Conference on Control \& Automation},
  pages={1--6},
  year={2007},
  organization={IEEE}
}

@article{ozkan2021uav,
  title={UAV routing with genetic algorithm based matheuristic for border security missions},
  author={Ozkan, Omer and Kaya, Muhammed},
  journal={An International Journal of Optimization and Control: Theories \& Applications (IJOCTA)},
  volume={11},
  number={2},
  pages={128--138},
  year={2021}
}
@article{erdelj2017help,
  title={Help from the sky: Leveraging UAVs for disaster management},
  author={Erdelj, Milan and Natalizio, Enrico and Chowdhury, Kaushik R and Akyildiz, Ian F},
  journal={IEEE Pervasive Computing},
  volume={16},
  number={1},
  pages={24--32},
  year={2017},
  publisher={IEEE}
}
@article{yuan2015survey,
  title={A survey on technologies for automatic forest fire monitoring, detection, and fighting using unmanned aerial vehicles and remote sensing techniques},
  author={Yuan, Chi and Zhang, Youmin and Liu, Zhixiang},
  journal={Canadian journal of forest research},
  volume={45},
  number={7},
  pages={783--792},
  year={2015},
  publisher={NRC research Press}
}
@article{maini2019cooperative,
  title={Cooperative aerial--ground vehicle route planning with fuel constraints for coverage applications},
  author={Maini, Parikshit and Sundar, Kaarthik and Singh, Mandeep and Rathinam, Sivakumar and Sujit, PB},
  journal={IEEE Transactions on Aerospace and Electronic Systems},
  volume={55},
  number={6},
  pages={3016--3028},
  year={2019},
  publisher={IEEE}
}
@misc{ORtools,
    author = {Google},
    title = {{Google OR-tools}},
    howpublished = {\url{https://developers.google.com/optimization}},
    note = {Online; accessed Feb 2, 2021} ,
    year=2021,
}
@inproceedings{maini2015cooperation,
  title={On cooperation between a fuel constrained UAV and a refueling UGV for large scale mapping applications},
  author={Maini, Parikshit and Sujit, PB},
  booktitle={2015 international conference on unmanned aircraft systems (ICUAS)},
  pages={1370--1377},
  year={2015},
  organization={IEEE}
}
@inproceedings{zhang2022cooperative,
  title={Cooperative Route Planning for Fuel-constrained UGV-UAV Exploration},
  author={Zhang, Mingjia and Liang, Huawei and Zhou, PengFei},
  booktitle={2022 IEEE International Conference on Unmanned Systems (ICUS)},
  pages={1047--1052},
  year={2022},
  organization={IEEE}
}
@article{li2016hybrid,
  title={A hybrid path planning method in unmanned air/ground vehicle (UAV/UGV) cooperative systems},
  author={Li, Jianqiang and Deng, Genqiang and Luo, Chengwen and Lin, Qiuzhen and Yan, Qiao and Ming, Zhong},
  journal={IEEE Transactions on Vehicular Technology},
  volume={65},
  number={12},
  pages={9585--9596},
  year={2016},
  publisher={IEEE}
}
@article{manyam2019cooperative,
  title={Cooperative routing for an air--ground vehicle teamâ€”exact algorithm, transformation method, and heuristics},
  author={Manyam, Satyanarayana G and Sundar, Kaarthik and Casbeer, David W},
  journal={IEEE Transactions on Automation Science and Engineering},
  volume={17},
  number={1},
  pages={537--547},
  year={2019},
  publisher={IEEE}
}
@article{liu2020two,
  title={Two-echelon routing problem for parcel delivery by cooperated truck and drone},
  author={Liu, Yao and Liu, Zhong and Shi, Jianmai and Wu, Guohua and Pedrycz, Witold},
  journal={IEEE Transactions on Systems, Man, and Cybernetics: Systems},
  volume={51},
  number={12},
  pages={7450--7465},
  year={2020},
  publisher={IEEE}
}
@article{ramasamy2022coordinated,
  title={Coordinated route planning of multiple fuel-constrained unmanned aerial systems with recharging on an unmanned ground vehicle for mission coverage},
  author={Ramasamy, Subramanian and Reddinger, Jean-Paul F and Dotterweich, James M and Childers, Marshal A and Bhounsule, Pranav A},
  journal={Journal of Intelligent \& Robotic Systems},
  volume={106},
  number={1},
  pages={30},
  year={2022},
  publisher={Springer}
}
@inproceedings{sundar2016formulations,
  title={Formulations and algorithms for the multiple depot, fuel-constrained, multiple vehicle routing problem},
  author={Sundar, Kaarthik and Venkatachalam, Saravanan and Rathinam, Sivakumar},
  booktitle={2016 American Control Conference (ACC)},
  pages={6489--6494},
  year={2016},
  organization={IEEE}
}
@article{ghassemi2022multi,
  title={Multi-robot task allocation in disaster response: Addressing dynamic tasks with deadlines and robots with range and payload constraints},
  author={Ghassemi, Payam and Chowdhury, Souma},
  journal={Robotics and Autonomous Systems},
  volume={147},
  pages={103905},
  year={2022},
  publisher={Elsevier}
}
@article{paul2023efficient,
  title={Efficient Planning of Multi-Robot Collective Transport using Graph Reinforcement Learning with Higher Order Topological Abstraction},
  author={Paul, Steve and Li, Wenyuan and Smyth, Brian and Chen, Yuzhou and Gel, Yulia and Chowdhury, Souma},
  journal={arXiv preprint arXiv:2303.08933},
  year={2023}
}
@inproceedings{paul2022scalable,
  title={A scalable graph learning approach to capacitated vehicle routing problem using capsule networks and attention mechanism},
  author={Paul, Steve and Chowdhury, Souma},
  booktitle={International Design Engineering Technical Conferences and Computers and Information in Engineering Conference},
  volume={86236},
  pages={V03BT03A045},
  year={2022},
  organization={American Society of Mechanical Engineers}
}
@article{li2021deep,
  title={Deep reinforcement learning for solving the heterogeneous capacitated vehicle routing problem},
  author={Li, Jingwen and Ma, Yining and Gao, Ruize and Cao, Zhiguang and Lim, Andrew and Song, Wen and Zhang, Jie},
  journal={IEEE Transactions on Cybernetics},
  volume={52},
  number={12},
  pages={13572--13585},
  year={2021},
  publisher={IEEE}
}
@article{fan2022deep,
  title={Deep Reinforcement Learning for UAV Routing in the Presence of Multiple Charging Stations},
  author={Fan, Mingfeng and Wu, Yaoxin and Liao, Tianjun and Cao, Zhiguang and Guo, Hongliang and Sartoretti, Guillaume and Wu, Guohua},
  journal={IEEE Transactions on Vehicular Technology},
  year={2022},
  publisher={IEEE}
}
@article{wu2021reinforcement,
  title={Reinforcement learning based truck-and-drone coordinated delivery},
  author={Wu, Guohua and Fan, Mingfeng and Shi, Jianmai and Feng, Yanghe},
  journal={IEEE Transactions on Artificial Intelligence},
  year={2021},
  publisher={IEEE}
}
@inproceedings{ramasamy2022heterogenous,
  title={Heterogenous vehicle routing: comparing parameter tuning using genetic algorithm and bayesian optimization},
  author={Ramasamy, Subramanian and Mondal, Md Safwan and Reddinger, Jean-Paul F and Dotterweich, James M and Humann, James D and Childers, Marshal A and Bhounsule, Pranav A},
  booktitle={2022 International Conference on Unmanned Aircraft Systems (ICUAS)},
  pages={104--113},
  year={2022},
  organization={IEEE}
}
@article{mondal2023bilevel,
  title={A Bilevel Optimization Framework For fuel-constrained UAV-UGV Cooperative Routing: Planning and Experimental Validation},
  author={Mondal, Md Safwan and Ramasamy, Subramanian and Bhounsule, Pranav},
  journal={arXiv preprint arXiv:2303.02315},
  year={2023}
}
@inproceedings{ramasamy2023solving,
  title={Solving Vehicle Routing Problem for Unmanned Heterogeneous Vehicle Systems using Asynchronous Multi-Agent Architecture (A-teams)},
  author={Ramasamy, Subramanian and Mondal, Md Safwan and Reddinger, Jean-Paul F and Dotterweich, James M and Humann, James D and Childers, Marshal A and Bhounsule, Pranav A},
  booktitle={2023 International Conference on Unmanned Aircraft Systems (ICUAS)},
  pages={95--102},
  year={2023},
  organization={IEEE}
}
@article{vaswani2017attention,
  title={Attention is all you need},
  author={Vaswani, Ashish and Shazeer, Noam and Parmar, Niki and Uszkoreit, Jakob and Jones, Llion and Gomez, Aidan N and Kaiser, {\L}ukasz and Polosukhin, Illia},
  journal={Advances in neural information processing systems},
  volume={30},
  year={2017}
}
@article{bahdanau2014neural,
  title={Neural machine translation by jointly learning to align and translate},
  author={Bahdanau, Dzmitry and Cho, Kyunghyun and Bengio, Yoshua},
  journal={arXiv preprint arXiv:1409.0473},
  year={2014}
}
@inproceedings{scherer2016persistent,
  title={Persistent multi-UAV surveillance with energy and communication constraints},
  author={Scherer, J{\"u}rgen and Rinner, Bernhard},
  booktitle={2016 IEEE international conference on automation science and engineering (CASE)},
  pages={1225--1230},
  year={2016},
  organization={IEEE}
}
@inproceedings{angun2020intelligent,
  title={Intelligent systems for disaster management: Unmanned aerial vehiclesâ€™ surveillance problem with energy consumption constraints},
  author={Ang{\"u}n, Ebru and D{\"u}ndar, U{\u{g}}urcan},
  booktitle={Intelligent and Fuzzy Techniques in Big Data Analytics and Decision Making: Proceedings of the INFUS 2019 Conference, Istanbul, Turkey, July 23-25, 2019},
  pages={1269--1278},
  year={2020},
  organization={Springer}
}
@article{calamoneri2024management,
  title={Management of a post-disaster emergency scenario through unmanned aerial vehicles: Multi-Depot Multi-Trip Vehicle Routing with Total Completion Time Minimization},
  author={Calamoneri, Tiziana and Cor{\`o}, Federico and Mancini, Simona},
  journal={Expert Systems with Applications},
  volume={251},
  pages={123766},
  year={2024},
  publisher={Elsevier}
}
@article{nigam2014multiple,
  title={The multiple unmanned air vehicle persistent surveillance problem: A review},
  author={Nigam, Nikhil},
  journal={Machines},
  volume={2},
  number={1},
  pages={13--72},
  year={2014},
  publisher={MDPI}
}
@article{hari2020optimal,
  title={Optimal UAV route planning for persistent monitoring missions},
  author={Hari, Sai Krishna Kanth and Rathinam, Sivakumar and Darbha, Swaroop and Kalyanam, Krishna and Manyam, Satyanarayana Gupta and Casbeer, David},
  journal={IEEE Transactions on Robotics},
  volume={37},
  number={2},
  pages={550--566},
  year={2020},
  publisher={IEEE}
}
@inproceedings{chour2022reactive,
  title={A Reactive Energy-Aware Rendezvous Planning Approach for Multi-Vehicle Teams},
  author={Chour, Kenny and Reddinger, Jean-Paul and Dotterweich, James and Childers, Marshal and Humann, James and Rathinam, Sivakumar and Darbha, Swaroop},
  booktitle={2022 IEEE 18th International Conference on Automation Science and Engineering (CASE)},
  pages={537--542},
  year={2022},
  organization={IEEE}
}
@inproceedings{nigam2008persistent,
  title={Persistent surveillance using multiple unmanned air vehicles},
  author={Nigam, Nikhil and Kroo, Ilan},
  booktitle={2008 IEEE Aerospace Conference},
  pages={1--14},
  year={2008},
  organization={IEEE}
}
@inproceedings{michael2011persistent,
  title={Persistent surveillance with a team of mavs},
  author={Michael, Nathan and Stump, Ethan and Mohta, Kartik},
  booktitle={2011 IEEE/RSJ International Conference on Intelligent Robots and Systems},
  pages={2708--2714},
  year={2011},
  organization={IEEE}
}
@article{miller1960integer,
  title={Integer programming formulation of traveling salesman problems},
  author={Miller, Clair E and Tucker, Albert W and Zemlin, Richard A},
  journal={Journal of the ACM (JACM)},
  volume={7},
  number={4},
  pages={326--329},
  year={1960},
  publisher={ACM New York, NY, USA}
}

@misc{mondal2023cooperative,
      title={Cooperative Multi-Agent Planning Framework for Fuel Constrained UAV-UGV Routing Problem}, 
      author={Md Safwan Mondal and Subramanian Ramasamy and James D. Humann and Jean-Paul F. Reddinger and James M. Dotterweich and Marshal A. Childers and Pranav A. Bhounsule},
      year={2023},
      eprint={2309.03397},
      archivePrefix={arXiv},
      primaryClass={cs.RO}
}

@inproceedings{erdelj2016uav,
  title={UAV-assisted disaster management: Applications and open issues},
  author={Erdelj, Milan and Natalizio, Enrico},
  booktitle={2016 international conference on computing, networking and communications (ICNC)},
  pages={1--5},
  year={2016},
  organization={IEEE}
}
@incollection{rajan2021disaster,
  title={Disaster management using unmanned aerial vehicles},
  author={Rajan, Jibin and Shriwastav, Sachin and Kashyap, Abhishek and Ratnoo, Ashwini and Ghose, Debasish},
  booktitle={Unmanned Aerial Systems},
  pages={129--155},
  year={2021},
  publisher={Elsevier}
}
@article{wu2020cooperative,
  title={Cooperative path planning of UAVs \& UGVs for a persistent surveillance task in urban environments},
  author={Wu, Yu and Wu, Shaobo and Hu, Xinting},
  journal={IEEE Internet of Things Journal},
  volume={8},
  number={6},
  pages={4906--4919},
  year={2020},
  publisher={IEEE}
}
@inproceedings{ghamry2016cooperative,
  title={Cooperative forest monitoring and fire detection using a team of UAVs-UGVs},
  author={Ghamry, Khaled A and Kamel, Mohamed A and Zhang, Youmin},
  booktitle={2016 International Conference on Unmanned Aircraft Systems (ICUAS)},
  pages={1206--1211},
  year={2016},
  organization={IEEE}
}

@article{walling2009overview,
  title={An overview on the seismic zonation and microzonation studies in India},
  author={Walling, M Yanger and Mohanty, William K},
  journal={Earth-Science Reviews},
  volume={96},
  number={1-2},
  pages={67--91},
  year={2009},
  publisher={Elsevier}
}


@article{bronnimann1995almost,
  title={Almost optimal set covers in finite VC-dimension},
  author={Bronnimann, H},
  journal={Discrete Comput. Geom.},
  volume={14},
  pages={263--279},
  year={1995}
}
@article{mustafa2010improved,
  title={Improved results on geometric hitting set problems},
  author={Mustafa, Nabil H and Ray, Saurabh},
  journal={Discrete \& Computational Geometry},
  volume={44},
  pages={883--895},
  year={2010},
  publisher={Springer}
}

@article{griffin2014use,
  title={The use of unmanned aerial vehicles for disaster management},
  author={Griffin, Ged F},
  journal={Geomatica},
  volume={68},
  number={4},
  pages={265--281},
  year={2014},
  publisher={NRC Research Press}
}
@article{naser2020concepts,
  title={Concepts and applications for integrating Unmanned Aerial Vehicles (UAV's) in disaster management},
  author={Naser, MZ and Kodur, VK},
  journal={1},
  volume={5},
  number={1},
  pages={091},
  year={2020},
  publisher={Techno-Press}
}
@article{maza2011experimental,
  title={Experimental results in multi-UAV coordination for disaster management and civil security applications},
  author={Maza, Iv{\'a}n and Caballero, Fernando and Capit{\'a}n, Jes{\'u}s and Mart{\'\i}nez-de-Dios, Jos{\'e} Ramiro and Ollero, An{\'\i}bal},
  journal={Journal of intelligent \& robotic systems},
  volume={61},
  pages={563--585},
  year={2011},
  publisher={Springer}
}



@article{feng2015urban,
  title={Urban flood mapping based on unmanned aerial vehicle remote sensing and random forest classifierâ€”A case of Yuyao, China},
  author={Feng, Quanlong and Liu, Jiantao and Gong, Jianhua},
  journal={Water},
  volume={7},
  number={4},
  pages={1437--1455},
  year={2015},
  publisher={MDPI}
}
@article{nedjati2016post,
  title={Post-earthquake response by small UAV helicopters},
  author={Nedjati, Arman and Vizvari, Bela and Izbirak, Gokhan},
  journal={Natural Hazards},
  volume={80},
  pages={1669--1688},
  year={2016},
  publisher={Springer}
}
@article{murphy2008rescue,
  title={Rescue robots for mudslides: A descriptive study of the 2005 La Conchita mudslide response},
  author={Murphy, Robin R and Stover, Sam},
  journal={Journal of Field Robotics},
  volume={25},
  number={1-2},
  pages={3--16},
  year={2008},
  publisher={Wiley Online Library}
}

@inproceedings{nikhil2020unmanned,
  title={Unmanned aerial vehicles (UAV) in disaster management applications},
  author={Nikhil, N and Shreyas, SM and Vyshnavi, G and Yadav, Sudha},
  booktitle={2020 Third International Conference on Smart Systems and Inventive Technology (ICSSIT)},
  pages={140--148},
  year={2020},
  organization={IEEE}
}


@inproceedings{hayat2017multi,
  title={Multi-objective UAV path planning for search and rescue},
  author={Hayat, Samira and Yanmaz, Ev{\c{s}}en and Brown, Timothy X and Bettstetter, Christian},
  booktitle={2017 IEEE international conference on robotics and automation (ICRA)},
  pages={5569--5574},
  year={2017},
  organization={IEEE}
}
@inproceedings{hakukawa2018cooperative,
  title={Cooperative System with UAV and UGV for Disaster Area Exploration},
  author={Hakukawa, Takaya and Uchiyama, Kenji and Masuda, Kai},
  booktitle={2018 7th International Conference on Systems and Control (ICSC)},
  pages={117--122},
  year={2018},
  organization={IEEE}
}
@article{luo2017two,
  title={A two-echelon cooperated routing problem for a ground vehicle and its carried unmanned aerial vehicle},
  author={Luo, Zhihao and Liu, Zhong and Shi, Jianmai},
  journal={Sensors},
  volume={17},
  number={5},
  pages={1144},
  year={2017},
  publisher={MDPI}
}
@inproceedings{luo2018mathematical,
  title={The mathematical modeling of the two-echelon ground vehicle and its mounted unmanned aerial vehicle cooperated routing problem},
  author={Luo, Zhihao and Liu, Zhong and Shi, Jianmai and Wang, Qi and Zhou, Tianren and Liu, Yao},
  booktitle={2018 IEEE intelligent vehicles symposium (IV)},
  pages={1163--1170},
  year={2018},
  organization={IEEE}
}
@article{liu2019cooperative,
  title={Cooperative routing problem for ground vehicle and unmanned aerial vehicle: The application on intelligence, surveillance, and reconnaissance missions},
  author={Liu, Yao and Luo, Zhihao and Liu, Zhong and Shi, Jianmai and Cheng, Guangquan},
  journal={IEEE Access},
  volume={7},
  pages={63504--63518},
  year={2019},
  publisher={IEEE}
}
@article{gao2020commanding,
  title={Commanding cooperative ugv-uav with nested vehicle routing for emergency resource delivery},
  author={Gao, Wei and Luo, Junren and Zhang, Wanpeng and Yuan, Weilin and Liao, Zhiyong},
  journal={IEEE Access},
  volume={8},
  pages={215691--215704},
  year={2020},
  publisher={IEEE}
}

@article{seyedi2019persistent,
  title={Persistent surveillance with energy-constrained uavs and mobile charging stations},
  author={Seyedi, Sepehr and Yazicio{\u{g}}lu, Yasin and Aksaray, Derya},
  journal={IFAC-PapersOnLine},
  volume={52},
  number={20},
  pages={193--198},
  year={2019},
  publisher={Elsevier}
}
@article{lin2022robust,
  title={Robust planning for persistent surveillance with energy-constrained UAVs and mobile charging stations},
  author={Lin, Xiaoshan and Yaz{\i}c{\i}o{\u{g}}lu, Yasin and Aksaray, Derya},
  journal={IEEE Robotics and Automation Letters},
  volume={7},
  number={2},
  pages={4157--4164},
  year={2022},
  publisher={IEEE}
}
@article{leahy2016persistent,
  title={Persistent surveillance for unmanned aerial vehicles subject to charging and temporal logic constraints},
  author={Leahy, Kevin and Zhou, Dingjiang and Vasile, Cristian-Ioan and Oikonomopoulos, Konstantinos and Schwager, Mac and Belta, Calin},
  journal={Autonomous Robots},
  volume={40},
  pages={1363--1378},
  year={2016},
  publisher={Springer}
}

@inproceedings{mondal2023optimizing,
  title={Optimizing Fuel-Constrained UAV-UGV Routes for Large Scale Coverage: Bilevel Planning in Heterogeneous Multi-Agent Systems},
  author={Mondal, Md Safwan and Ramasamy, Subramanian and Humann, James D and Reddinger, Jean-Paul F and Dotterweich, James M and Childers, Marshal A and Bhounsule, Pranav},
  booktitle={2023 International Symposium on Multi-Robot and Multi-Agent Systems (MRS)},
  pages={114--120},
  year={2023},
  organization={IEEE}
}

@inproceedings{ramasamy2023solving,
  title={Solving Vehicle Routing Problem for Unmanned Heterogeneous Vehicle Systems using Asynchronous Multi-Agent Architecture (A-teams)},
  author={Ramasamy, Subramanian and Mondal, Md Safwan and Reddinger, Jean-Paul F and Dotterweich, James M and Humann, James D and Childers, Marshal A and Bhounsule, Pranav A},
  booktitle={2023 International Conference on Unmanned Aircraft Systems (ICUAS)},
  pages={95--102},
  year={2023},
  organization={IEEE}
}
@phdthesis{raffetto2004unmanned,
  title={Unmanned aerial vehicle contributions to intelligence, surveillance, and reconnaissance missions for expeditionary operations},
  author={Raffetto, Mark},
  year={2004},
  school={Monterey, California. Naval Postgraduate School}
}
@article{chaturvedi2019comparative,
  title={Comparative review study of military and civilian unmanned aerial vehicles (UAVs)},
  author={Chaturvedi, Sudhir Kumar and Sekhar, Raj and Banerjee, Saikat and Kamal, Hutanshu},
  journal={INCAS bulletin},
  volume={11},
  number={3},
  pages={181--182},
  year={2019},
  publisher={INCAS-National Institute for Aerospace Research Elie Carafoli}
}
@inproceedings{yamazaki2015construction,
  title={Construction of 3D models of buildings damaged by earthquakes using UAV aerial images},
  author={Yamazaki, F and Matsuda, T and Denda, S and Liu, W},
  booktitle={Proceedings of the Tenth Pacific Conference on Earthquake Engineering Building an Earthquake-Resilient Pacific},
  volume={204},
  year={2015}
}
@inproceedings{gupta2021uses,
  title={Uses of drones in fighting covid-19 pandemic},
  author={Gupta, Kavita and Bansal, Sandhya and Goel, Rajiv},
  booktitle={2021 10th International Conference on System Modeling \& Advancement in Research Trends (SMART)},
  pages={651--655},
  year={2021},
  organization={IEEE}
}
@article{salmoral2020guidelines,
  title={Guidelines for the use of unmanned aerial systems in flood emergency response},
  author={Salmoral, Gloria and Rivas Casado, Monica and Muthusamy, Manoranjan and Butler, David and Menon, Prathyush P and Leinster, Paul},
  journal={Water},
  volume={12},
  number={2},
  pages={521},
  year={2020},
  publisher={MDPI}
}

@inproceedings{yu2019coverage,
  title={Coverage of an environment using energy-constrained unmanned aerial vehicles},
  author={Yu, Kevin and Oâ€™Kane, Jason M and Tokekar, Pratap},
  booktitle={2019 international conference on robotics and automation (ICRA)},
  pages={3259--3265},
  year={2019},
  organization={IEEE}
}
@inproceedings{chen2019path,
  title={Path planning of UAV-UGV heterogeneous robot system in road network},
  author={Chen, Mengqing and Chen, Yang and Chen, Zhihuan and Yang, Yanhua},
  booktitle={Intelligent Robotics and Applications: 12th International Conference, ICIRA 2019, Shenyang, China, August 8--11, 2019, Proceedings, Part VI 12},
  pages={497--507},
  year={2019},
  organization={Springer}
}

@article{kaempfer2018learning,
  title={Learning the multiple traveling salesmen problem with permutation invariant pooling networks},
  author={Kaempfer, Yoav and Wolf, Lior},
  journal={arXiv preprint arXiv:1803.09621},
  year={2018}
}
@article{wang2020learning,
  title={Learning scheduling policies for multi-robot coordination with graph attention networks},
  author={Wang, Zheyuan and Gombolay, Matthew},
  journal={IEEE Robotics and Automation Letters},
  volume={5},
  number={3},
  pages={4509--4516},
  year={2020},
  publisher={IEEE}
}
@inproceedings{sykora2020multi,
  title={Multi-agent routing value iteration network},
  author={Sykora, Quinlan and Ren, Mengye and Urtasun, Raquel},
  booktitle={International Conference on Machine Learning},
  pages={9300--9310},
  year={2020},
  organization={PMLR}
}
@inproceedings{paul2022learning,
  title={Learning scalable policies over graphs for multi-robot task allocation using capsule attention networks},
  author={Paul, Steve and Ghassemi, Payam and Chowdhury, Souma},
  booktitle={2022 International Conference on Robotics and Automation (ICRA)},
  pages={8815--8822},
  year={2022},
  organization={IEEE}
}
@article{vinyals2015pointer,
  title={Pointer networks},
  author={Vinyals, Oriol and Fortunato, Meire and Jaitly, Navdeep},
  journal={Advances in neural information processing systems},
  volume={28},
  year={2015}
}

@article{bana2024deep,
  title={Deep Reinforcement Learning-Based Approach for a Single Vehicle Persistent Surveillance Problem with Fuel Constraints},
  author={Bana, Hritik and Mishra, Manav and Sarkar, Saswata and Sanjeevi, Sujeevraja and PB, Sujit and Sundar, Kaarthik},
  journal={arXiv preprint arXiv:2404.06423},
  year={2024}
}
@article{yu2019multimodal,
  title={Multimodal transformer with multi-view visual representation for image captioning},
  author={Yu, Jun and Li, Jing and Yu, Zhou and Huang, Qingming},
  journal={IEEE transactions on circuits and systems for video technology},
  volume={30},
  number={12},
  pages={4467--4480},
  year={2019},
  publisher={IEEE}
}
@inproceedings{sun2019bert4rec,
  title={BERT4Rec: Sequential recommendation with bidirectional encoder representations from transformer},
  author={Sun, Fei and Liu, Jun and Wu, Jian and Pei, Changhua and Lin, Xiao and Ou, Wenwu and Jiang, Peng},
  booktitle={Proceedings of the 28th ACM international conference on information and knowledge management},
  pages={1441--1450},
  year={2019}
}
@inproceedings{mondalattention,
  title={An Attention-aware Deep Reinforcement Learning Framework for UAV-UGV Collaborative Route Planning},
  author={Mondal, Md Safwan and Ramasamy, Subramanian and Bhounsule, Pranav},
  booktitle={Proceedings of the IEEE/RSJ International Conference on Intelligent Robots and Systems (IROS)},
  year={2024}
}
@article{xin2020step,
  title={Step-wise deep learning models for solving routing problems},
  author={Xin, Liang and Song, Wen and Cao, Zhiguang and Zhang, Jie},
  journal={IEEE Transactions on Industrial Informatics},
  volume={17},
  number={7},
  pages={4861--4871},
  year={2020},
  publisher={IEEE}
}
@inproceedings{asghar2023risk,
  title={Risk-aware recharging rendezvous for a collaborative team of uavs and ugvs},
  author={Asghar, Ahmad Bilal and Shi, Guangyao and Karapetyan, Nare and Humann, James and Reddinger, Jean-Paul and Dotterweich, James and Tokekar, Pratap},
  booktitle={2023 IEEE International Conference on Robotics and Automation (ICRA)},
  pages={5544--5550},
  year={2023},
  organization={IEEE}
}
@misc{arcgis_hurricane_harvey,
    author       = {{ArcGIS}},
    title        = {Hurricane Harvey Disaster Map},
    howpublished = {\url{https://www.arcgis.com/apps/View/index.html?appid=8350c2f309bb49f8865a44cb972024c2}},
    note         = {Accessed: 2024-08-14},
    year         = {2017},
}
@misc{nws_hurricane_harvey,
    author       = {{National Weather Service}},
    title        = {Hurricane Harvey},
    howpublished = {\url{https://www.weather.gov/hgx/hurricaneharvey}},
    note         = {Accessed: 2024-08-14},
    year         = {2017},
}

