@article{2022counterfactualharm,
	author = {Richens, Jonathan G and Beard, Rory and Thompson, Daniel H},
	journal = {Advances in Neural Information Processing Systems},
	title = {Counterfactual harm},
	year = {2022}}

@article{Anthis2023-NIPS,
	author = {Jacy Reese Anthis and Victor Veitch},
	journal = {Advances in Neural Information Processing Systems},
	title = {Causal Context Connects Counterfactual Fairness to Robust Prediction and Group Fairness},
	year = {2023}}

@inproceedings{Bakle-1994-UAI,
	author = {Alexander Balke and Judea Pearl},
	booktitle = {Proceedings of the Tenth international conference on Uncertainty in artificial intelligence},
	title = {Counterfactual probabilities: computational methods, bounds and applications},
	year = {1994}}

@article{Brouwer2022,
	author = {Edward De Brouwer},
	journal={Advances in Neural Information Processing Systems},
	title = {Deep Counterfactual Estimation with Categorical Background Variables},
	year = {2022}}

@article{Chao-etal2023,
	author = {Patrick Chao and Patrick Blöbaum and Shiva Prasad Kasiviswanathan},
	journal = {arXiv:2302.00860},
	title = {Interventional and Counterfactual Inference with Diffusion Models},
	year = {2023}}

@article{Chen-etal2023-NIPS,
	author = {Xiong-Hui Chen and Yang Yu and Zhengmao Zhu and ZhiHua Yu and Chen Zhenjun and Chenghe Wang and Yinan Wu and Rong-Jun Qin and Hongqiu Wu and Ruijin Ding and Huang Fangsheng},
	journal = {Advances in Neural Information Processing Systems},
	title = {Adversarial Counterfactual Environment Model Learning},
	year = {2023}}

@article{Chen2023-NIPS,
	author = {Ruizhe Chen and Jianfei Yang and Huimin Xiong and Jianhong Bai and Tianxiang Hu and Jin Hao and YANG FENG and Joey Tianyi Zhou and Jian Wu and Zuozhu Liu},
	journal = {Advances in Neural Information Processing Systems},
	title = {Fast Model DeBias with Machine Unlearning},
	year = {2023}}

@article{Correa2021-NIPS,
	author = {Juan D. Correa and Sanghack Lee and Elias Bareinboim},
	journal={Advances in Neural Information Processing Systems},
	title = {Nested Counterfactual Identification
from Arbitrary Surrogate Experiments},
	year = {2021}}

@inproceedings{Dudik2011-ICML,
	author = {Miroslav Dudík and John Langford and Lihong Li},
	booktitle = {International Conference on Machine Learning},
	pages = {1097–1104},
organization = {PMLR},
	title = {Doubly robust policy evaluation and learning},
	year = {2011}}

@article{Feder2023-NIPS,
	author = {Amir Feder and Yoav Wald and Claudia Shi and Suchi Saria and David Blei},
	journal = {Advances in Neural Information Processing Systems},
	title = {Data Augmentations for Improved (Large) Language Model Generalization},
	year = {2023}}

@inproceedings{Finkelstein-2020-UAI,
	author = {Noam Finkelstein and Ilya Shpitser},
	booktitle = {Proceedings of the 36th Conference on Uncertainty in Artificial Intelligence},
	title = {Deriving Bounds And Inequality Constraints Using Logical Relations Among Counterfactuals},
	year = {2020}}

@article{Fontanella-ICML23,
	author = {Alessandro Fontanella and Antreas Antoniou and Wenwen Li and Joanna Wardlaw and Grant Mair and Emanuele Trucco and Amos Storkey},
	journal = {International Conference on Machine Learning},
	title = {ACAT: Adversarial Counterfactual Attention for Classification and Detection in Medical Imaging},
pages = {10153–10169},
organization = {PMLR},
	year = {2023}}

@article{Hamman-ICML23,
	author = {Faisal Hamman and Erfaun Noorani and Saumitra Mishra and Daniele Magazzeni and Sanghamitra Dutta},
	journal = {International Conference on Machine Learning},
	title = {Robust Counterfactual Explanations for Neural Networks With Probabilistic Guarantees},
pages = {12351–12367},
organization = {PMLR},
	year = {2023}}

@article{Haugh-ICML23,
	author = {Martin B Haugh and Raghav Singal},
	journal = {International Conference on Machine Learning},
	title = {Counterfactual Analysis in Dynamic Latent State Models},
pages = {12647–12677},
organization = {PMLR},
	year = {2023}}

@article{Kavouras2023-NIPS,
	author = {Loukas Kavouras and Konstantinos Tsopelas and Giorgos Giannopoulos and Dimitris Sacharidis and Eleni Psaroudaki and Nikolaos Theologitis and Dimitrios Rontogiannis and Dimitris Fotakis and Ioannis Emiris},
	journal = {Advances in Neural Information Processing Systems},
	title = {Fairness Aware Counterfactuals for Subgroups},
	year = {2023}}

@article{Kenny2023-NIPS,
	author = {Eoin M. Kenny and Weipeng Fuzzy Huang},
	journal = {Advances in Neural Information Processing Systems},
	title = {The Utility of “Even if” Semifactual Explanation to Optimise Positive Outcomes},
	year = {2023}}

@article{Kosorok+Laber:2019,
	Author = {Michael R. Kosorok and Eric B. Laber},
	Date-Added = {2021-06-14 12:07:00 +0000},
	Date-Modified = {2021-06-14 12:11:06 +0000},
	Journal = {Annual Review of Statistics and Its Application},
	Pages = {263-86},
	Title = {Precision Medicine},
	Volume = {6},
	Year = {2019}}

@inproceedings{Ley-ICML23,
	author = {Dan Ley and Saumitra Mishra and Daniele Magazzeni},
	journal = {International Conference on Machine Learning},
	title = {{GLOBE}-{CE}: A Translation Based Approach for Global Counterfactual Explanations},
pages = {19315–19342},
organization = {PMLR},
	year = {2023}}

@article{Liu-ICML23,
	author = {Zhihong Liu and Hoang Anh and Xiangyu Chang and  Xi Chen and Ruoxi Jia},
	journal = {International Conference on Machine Learning},
	title = {2D-Shapley: A Framework for Fragmented Data Valuation},
pages = {21730–21755},
organization = {PMLR},
	year = {2023}}

@article{Liu2023-NIPS,
	author = {Yao Liu and Pratik Chaudhari and Rasool Fakoor},
	journal = {Advances in Neural Information Processing Systems},
	title = {Budgeting Counterfactual for Offline RL},
	year = {2023}}

@inproceedings{Lu-etal2020-attribution,
	author = {Chaochao Lu and Biwei Huang and Ke Wang and Jo´se Miguel Hernández-Lobato and Kun Zhang and Bernhard Schölkopf},
	booktitle = {Offline Reinforcement Learning Workshop at Neural Information Processing Systems},
	title = {Sample-Efficient Reinforcement Learning viaCounterfactual-Based Data Augmentation},
	year = {2020}}

@article{Lv2023-NIPS,
	author = {Changsheng Lv and Shuai Zhang and Yapeng Tian and Mengshi Qi and Huadong Ma},
	journal = {Advances in Neural Information Processing Systems},
	title = {Disentangled Counterfactual Learning for Physical Audiovisual Commonsense Reasoning},
	year = {2023}}

@article{Melnychuk2023,
	author = {Valentyn Melnychuk and Dennis Frauen and Stefan Feuerriegel},
	journal={Advances in Neural Information Processing Systems},
	title = {Partial Counterfactual Identification of Continuous Outcomes with a Curvature Sensitivity Model},
	year = {2023}}

@inproceedings{Mesnard2021-ICML,
	author = {Thomas Mesnard and Théophane Weber and Fabio Viola and Shantanu Thakoor and Alaa Saade and Anna Harutyunyan and Will Dabney and Tom Stepleton and Nicolas Heess and Arthur Guez and Éric Moulines and Marcus Hutter and Lars Buesing and Rémi Munos},
	booktitle = {Proceedings of the 38th International Conference on Machine Learning},
	pages = {7654–7664},
	title = {Counterfactual Credit Assignment in Model-Free Reinforcement Learning},
organization = {PMLR},
	year = {2021}}

@article{Meulemans-etal-NIPS23,
	author = {Alexander Meulemans and Simon Schug and Seijin Kobayashi and Nathaniel Daw, Greg Wayne},
	journal = {Advances in Neural Information Processing Systems},
	title = {Would I have gotten that reward? Long-term credit assignment by counterfactual contribution analysis},
	year = {2023}}

@inproceedings{Nasr-Esfahany-2023-attribution,
	author = {Arash Nasr-Esfahany and Mohammad Alizadehand and Devavrat Shah},
	booktitle = {International Conference on Machine Learning},
	title = {Counterfactual Identifiability of Bijective Causal Models},
organization = {PMLR},
	year = {2023}}

@book{Pearl-etal2016-primer,
	author = {Judea Pearl and Madelyn Glymour and Nicholas P. Jewell},
	publisher = {John Wiley \& Sons},
	title = {Causal Inference in Statistics: A Primer},
	year = {2016}}

@article{Prabhu2023-NIPS,
	author = {Viraj Uday Prabhu and Sriram Yenamandra and Prithvijit Chattopadhyay and Judy Hoffman},
	journal = {Advances in Neural Information Processing Systems},
	title = {LANCE: Stress-testing Visual Models by Generating Language-guided Counterfactual Images},
	year = {2023}}

@article{Raman2023-NIPS,
	author = {Chirag Raman and Alec Nonnemaker and Amelia Villegas-Morcillo and Hayley Hung and Marco Loog},
	journal = {Advances in Neural Information Processing Systems},
	title = {Why Did This Model Forecast This Future? Information-Theoretic Saliency for Counterfactual Explanations of Probabilistic Regression Models},
	year = {2023}}

@article{Ribeiro-ICML23,
	author = {Fabio De Sousa Ribeiro and Tian Xia and Miguel Monteiro and Nick Pawlowski and Ben Glocker},
	journal = {International Conference on Machine Learning},
	title = {High Fidelity Image Counterfactuals with Probabilistic Causal Model},
pages = {7390–7425},
organization = {PMLR},
	year = {2023}}

@article{Saveski2023-NIPS,
	author = {Martin Saveski and Steven Jecmen and Nihar B Shah and Johan Ugander},
	journal = {Advances in Neural Information Processing Systems},
	title = {Counterfactual Evaluation of Peer-Review Assignment Policies},
	year = {2023}}

@inproceedings{Shah2022,
	author = {Abhin Shah and Raaz Dwivedi and Devavrat Shah and Gregory W. Wornell},
	booktitle = {NeurIPS 2022 Workshop on Causality for Real-world Impact},
	title = {On counterfactual inference with unobserved confounding},
	year = {2022}}

@article{Shao2023-NIPS,
	author = {Jianzhun Shao and Yun Qu and Chen Chen and Hongchang Zhang and Xiangyang Ji},
	journal = {Advances in Neural Information Processing Systems},
	title = {Counterfactual Conservative Q Learning for Offline Multi-agent Reinforcement Learning},
	year = {2023}}

@inproceedings{Shpitser2007-UAI,
	author = {Ilya Shpitser and Judea Pearl},
	booktitle = {Proceedings of the Twenty-Third Conference on Uncertainty in Artificial Intelligence},
	title = {What Counterfactuals Can Be Tested},
	year = {2007}}

@article{Sun2023-NIPS,
	author = {Zexu Sun and Bowei He and Jinxin Liu and Xu Chen and Chen Ma and Shuai Zhang},
	journal = {Advances in Neural Information Processing Systems},
	title = {Offline Imitation Learning with Variational Counterfactual Reasoning},
	year = {2023}}

@article{Tang2023-NIPS,
	author = {Shengpu Tang and Jenna Wiens},
	journal = {Advances in Neural Information Processing Systems},
	title = {Counterfactual-Augmented Importance Sampling for Semi-Offline Policy Evaluation},
	year = {2023}}

@article{Tian2000,
author = {Jin Tian and Judea Pearl},
title = {Probabilities of causation: Bounds and identification},
journal = {Annals of Mathematics and Artificial Intelligence},
volume = {28},
pages = {287–313},
year = {2000}}

@article{Tsirtsis2023-NIPS,
	author = {Stratis Tsirtsis and Manuel Gomez Rodriguez},
	journal = {Advances in Neural Information Processing Systems},
	title = {Finding Counterfactually Optimal Action Sequences in Continuous State Spaces},
	year = {2023}}

@article{Wu-eatl-ICML23,
	author = {Zhengxuan Wu and Karel D'Oosterlinck and Atticus Geiger and Amir Zur and Christopher Potts},
	journal = {International Conference on Machine Learning},
	title = {Causal Proxy Models for Concept-based Model Explanations},
pages = {37313–37334},
organization = {PMLR},
	year = {2023}}

@inproceedings{Xie-etal2023-attribution,
	author = {Shaoan Xie and  Biwei Huang and Bin Gu and Tongliang Liu and Kun Zhang},
	booktitle = {ICML Workshop
on Counterfactuals in Minds and Machines},
	title = {Advancing Counterfactual Inference through Quantile Regression},
	year = {2023}}

@article{Yan-etal-ICML23,
	author = {Jingquan Yan and Hao Wang},
	journal = {International Conference on Machine Learning},
	title = {Self-Interpretable Time Series Prediction with Counterfactual Explanations},
pages = {39110–39125},
organization = {PMLR},
	year = {2023}}

@article{Yan2023,
	author = {Hanqi Yan and Lingjing Kong and Lin Gui and Yuejie Chi and Eric Xing and Yulan He and Kun Zhang},
	journal={Advances in Neural Information Processing Systems},
	title = {Counterfactual Generation with Identifiability Guarantee},
	year = {2023}}

@article{Zenati-ICML23,
	author = {Houssam Zenati and Eustache Diemert and Matthieu Martin and Julien Mairal and Pierre Gaillard},
	journal = {International Conference on Machine Learning},
	title = {Sequential Counterfactual Risk Minimization},
pages = {40681–40706},
organization = {PMLR},
	year = {2023}}

@inproceedings{Zhang-2022-ICML,
	author = {Junzhe Zhang and Jin Tian and Elias Bareinboim},
	booktitle = {International Conference on Machine Learning},
	title = {Partial Counterfactual Identification from Observational and Experimental Data},
organization = {PMLR},
	year = {2022}}

@article{Zuo2023,
	author = {Zhiqun Zuo and Mohammad Mahdi Khalili and Xueru Zhang},
	journal = {Advances in Neural Information Processing Systems},
	title = {Counterfactually Fair Representation},
	year = {2023}}

@article{chipman2010bart,
	author = {Chipman, Hugh A and George, Edward I and McCulloch, Robert E},
	journal = {The Annals of Applied Statistics},
	number = {1},
	pages = {266--298},
	publisher = {Institute of Mathematical Statistics},
	title = {BART: Bayesian additive regression trees},
	volume = {4},
	year = {2010}}

@inproceedings{johansson2016learning,
	author = {Johansson, Fredrik and Shalit, Uri and Sontag, David},
	booktitle = {International Conference on Machine Learning},
	organization = {PMLR},
	pages = {3020--3029},
	title = {Learning representations for counterfactual inference},
	year = {2016}}

@article{kusner2017counterfactual,
	author = {Kusner, Matt J and Loftus, Joshua and Russell, Chris and Silva, Ricardo},
	journal = {Advances in Neural Information Processing Systems},
	title = {Counterfactual fairness},
	volume = {30},
	year = {2017}}

@inproceedings{li2023trustworthy,
  title={Trustworthy policy learning under the counterfactual no-harm criterion},
  author={Li, Haoxuan and Zheng, Chunyuan and Cao, Yixiao and Geng, Zhi and Liu, Yue and Wu, Peng},
  booktitle={International Conference on Machine Learning},
  pages={20575--20598},
  year={2023},
  organization={PMLR}
}

@article{louizos2017causal,
  title={Causal effect inference with deep latent-variable models},
  author={Louizos, Christos and Shalit, Uri and Mooij, Joris M and Sontag, David and Zemel, Richard and Welling, Max},
  journal={Advances in Neural Information Processing Systems},
  volume={30},
  year={2017}
}

@book{pearl2009causality,
	author = {Pearl, Judea},
	publisher = {Cambridge university press},
	title = {Causality},
	year = {2009}}

@article{rosenbaum1983central,
  title={The central role of the propensity score in observational studies for causal effects},
  author={Rosenbaum, Paul R and Rubin, Donald B},
  journal={Biometrika},
  volume={70},
  number={1},
  pages={41--55},
  year={1983},
  publisher={Oxford University Press}
}

@article{schwab2018perfect,
	author = {Schwab, Patrick and Linhardt, Lorenz and Karlen, Walter},
	journal = {arXiv preprint arXiv:1810.00656},
	title = {Perfect match: A simple method for learning representations for counterfactual inference with neural networks},
	year = {2018}}

@inproceedings{shalit2017estimating,
	author = {Shalit, Uri and Johansson, Fredrik D and Sontag, David},
	booktitle = {International Conference on Machine Learning},
	organization = {PMLR},
	pages = {3076--3085},
	title = {Estimating individual treatment effect: generalization bounds and algorithms},
	year = {2017}}

@article{shi2019adapting,
	author = {Shi, Claudia and Blei, David and Veitch, Victor},
	journal = {Advances in Neural Information Processing Systems},
	title = {Adapting neural networks for the estimation of treatment effects},
	volume = {32},
	year = {2019}}

@article{wager2018estimation,
	author = {Wager, Stefan and Athey, Susan},
	journal = {Journal of the American Statistical Association},
	number = {523},
	pages = {1228--1242},
	publisher = {Taylor \& Francis},
	title = {Estimation and inference of heterogeneous treatment effects using random forests},
	volume = {113},
	year = {2018}}

@article{wang2023optimal,
  title={Optimal Transport for Treatment Effect Estimation},
  author={Wang, Hao and Fan, Jiajun and Chen, Zhichao and Li, Haoxuan and Liu, Weiming and Liu, Tianqiao and Dai, Quanyu and Wang, Yichao and Dong, Zhenhua and Tang, Ruiming},
  journal={Advances in Neural Information Processing Systems},
  year={2023}
}

@article{wu2022learning,
  title={Learning decomposed representations for treatment effect estimation},
  author={Wu, Anpeng and Yuan, Junkun and Kuang, Kun and Li, Bo and Wu, Runze and Zhu, Qiang and Zhuang, Yueting and Wu, Fei},
  journal={IEEE Transactions on Knowledge and Data Engineering},
  volume={35},
  number={5},
  pages={4989--5001},
  year={2022},
  publisher={IEEE}
}

@article{yao2018representation,
  title={Representation learning for treatment effect estimation from observational data},
  author={Yao, Liuyi and Li, Sheng and Li, Yaliang and Huai, Mengdi and Gao, Jing and Zhang, Aidong},
  journal={Advances in Neural Information Processing Systems},
  volume={31},
  year={2018}
}

@inproceedings{yoon2018ganite,
  title={GANITE: Estimation of individualized treatment effects using generative adversarial nets},
  author={Yoon, Jinsung and Jordon, James and Van Der Schaar, Mihaela},
  booktitle={International conference on learning representations},
  year={2018}
}

