

%% This BibTeX bibliography file was created using BibDesk.
%% https://bibdesk.sourceforge.io/

%% Created for Edison Peng at 2023-11-05 08:44:07 +0800 

@inproceedings{zhong2022descn,
  title={DESCN: Deep Entire Space Cross Networks for Individual Treatment Effect Estimation},
  author={Zhong, Kailiang and Xiao, Fengtong and Ren, Yan and Liang, Yaorong and Yao, Wenqing and Yang, Xiaofeng and Cen, Ling},
  booktitle={Proceedings of the 28th ACM SIGKDD Conference on Knowledge Discovery and Data Mining},
  pages={4612--4620},
  year={2022}
}



@article{Ding-etal2019,
	author = {Peng Ding and Avi Feller and Luke Miratrix},
	date-modified = {2024-08-23 16:00:38 +0800},
	journal = {Journal of the American Statistical Association},
	pages = {304--317},
	title = {Decomposing Treatment Effect Variation},
	volume = {114},
	year = {2019}}

@article{Djebbari-Smith2008,
	author = {Habiba Djebbari and Jeffrey A. Smith},
	date-added = {2024-08-23 15:53:18 +0800},
	date-modified = {2024-08-23 15:54:25 +0800},
	journal = {Journal of Econometrics},
	pages = {64-80},
	title = {Heterogeneous Impacts in PROGRESA},
	volume = {145},
	year = {2008}}


@article{Wu-etal-2024-Harm,
	Author = {Peng Wu and Peng Ding and Zhi Geng and Yue Li},
	Date-Added = {2021-01-18 08:10:26 +0000},
	Date-Modified = {2021-01-18 08:11:10 +0000},
	Journal = {arXiv:2402.10537},
	Title = {Quantifying Individual Risk for Binary Outcome},
	Year = {2024}}

@article{Zuo2023,
	author = {Zhiqun Zuo and Mohammad Mahdi Khalili and Xueru Zhang},
	journal = {Advances in Neural Information Processing Systems},
	title = {Counterfactually Fair Representation},
	year = {2023}}

@article{Anthis2023-NIPS,
	author = {Jacy Reese Anthis and Victor Veitch},
	journal = {Advances in Neural Information Processing Systems},
	title = {Causal Context Connects Counterfactual Fairness to Robust Prediction and Group Fairness},
	year = {2023}}

@article{Kavouras2023-NIPS,
	author = {Loukas Kavouras and Konstantinos Tsopelas and Giorgos Giannopoulos and Dimitris Sacharidis and Eleni Psaroudaki and Nikolaos Theologitis and Dimitrios Rontogiannis and Dimitris Fotakis and Ioannis Emiris},
	journal = {Advances in Neural Information Processing Systems},
	title = {Fairness Aware Counterfactuals for Subgroups},
	year = {2023}}


@article{Tang2023-NIPS,
	author = {Shengpu Tang and Jenna Wiens},
	journal = {Advances in Neural Information Processing Systems},
	title = {Counterfactual-Augmented Importance Sampling for Semi-Offline Policy Evaluation},
	year = {2023}}


@article{Tsirtsis2023-NIPS,
	author = {Stratis Tsirtsis and Manuel Gomez Rodriguez},
	journal = {Advances in Neural Information Processing Systems},
	title = {Finding Counterfactually Optimal Action Sequences in Continuous State Spaces},
	year = {2023}}


@article{Liu2023-NIPS,
	author = {Yao Liu and Pratik Chaudhari and Rasool Fakoor},
	journal = {Advances in Neural Information Processing Systems},
	title = {Budgeting Counterfactual for Offline RL},
	year = {2023}}


@article{Shao2023-NIPS,
	author = {Jianzhun Shao and Yun Qu and Chen Chen and Hongchang Zhang and Xiangyang Ji},
	journal = {Advances in Neural Information Processing Systems},
	title = {Counterfactual Conservative Q Learning for Offline Multi-agent Reinforcement Learning},
	year = {2023}}


@article{Sun2023-NIPS,
	author = {Zexu Sun and Bowei He and Jinxin Liu and Xu Chen and Chen Ma and Shuai Zhang},
	journal = {Advances in Neural Information Processing Systems},
	title = {Offline Imitation Learning with Variational Counterfactual Reasoning},
	year = {2023}}




@article{Prabhu2023-NIPS,
	author = {Viraj Uday Prabhu and Sriram Yenamandra and Prithvijit Chattopadhyay and Judy Hoffman},
	journal = {Advances in Neural Information Processing Systems},
	title = {LANCE: Stress-testing Visual Models by Generating Language-guided Counterfactual Images},
	year = {2023}}


@article{Feder2023-NIPS,
	author = {Amir Feder and Yoav Wald and Claudia Shi and Suchi Saria and David Blei},
	journal = {Advances in Neural Information Processing Systems},
	title = {Data Augmentations for Improved (Large) Language Model Generalization},
	year = {2023}}


@article{Kenny2023-NIPS,
	author = {Eoin M. Kenny and Weipeng Fuzzy Huang},
	journal = {Advances in Neural Information Processing Systems},
	title = {The Utility of “Even if” Semifactual Explanation to Optimise Positive Outcomes},
	year = {2023}}


@article{Lv2023-NIPS,
	author = {Changsheng Lv and Shuai Zhang and Yapeng Tian and Mengshi Qi and Huadong Ma},
	journal = {Advances in Neural Information Processing Systems},
	title = {Disentangled Counterfactual Learning for Physical Audiovisual Commonsense Reasoning},
	year = {2023}}



@article{Chen2023-NIPS,
	author = {Ruizhe Chen and Jianfei Yang and Huimin Xiong and Jianhong Bai and Tianxiang Hu and Jin Hao and YANG FENG and Joey Tianyi Zhou and Jian Wu and Zuozhu Liu},
	journal = {Advances in Neural Information Processing Systems},
	title = {Fast Model DeBias with Machine Unlearning},
	year = {2023}}


@article{Raman2023-NIPS,
	author = {Chirag Raman and Alec Nonnemaker and Amelia Villegas-Morcillo and Hayley Hung and Marco Loog},
	journal = {Advances in Neural Information Processing Systems},
	title = {Why Did This Model Forecast This Future? Information-Theoretic Saliency for Counterfactual Explanations of Probabilistic Regression Models},
	year = {2023}}



@article{Saveski2023-NIPS,
	author = {Martin Saveski and Steven Jecmen and Nihar B Shah and Johan Ugander},
	journal = {Advances in Neural Information Processing Systems},
	title = {Counterfactual Evaluation of Peer-Review Assignment Policies},
	year = {2023}}


@article{Chen-etal2023-NIPS,
	author = {Xiong-Hui Chen and Yang Yu and Zhengmao Zhu and ZhiHua Yu and Chen Zhenjun and Chenghe Wang and Yinan Wu and Rong-Jun Qin and Hongqiu Wu and Ruijin Ding and Huang Fangsheng},
	journal = {Advances in Neural Information Processing Systems},
	title = {Adversarial Counterfactual Environment Model Learning},
	year = {2023}}


@article{Meulemans-etal-NIPS23,
	author = {Alexander Meulemans and Simon Schug and Seijin Kobayashi and Nathaniel Daw, Greg Wayne},
	journal = {Advances in Neural Information Processing Systems},
	title = {Would I have gotten that reward? Long-term credit assignment by counterfactual contribution analysis},
	year = {2023}}


@article{Yan-etal-ICML23,
	author = {Jingquan Yan and Hao Wang},
	journal = {International Conference on Machine Learning},
	title = {Self-Interpretable Time Series Prediction with Counterfactual Explanations},
pages = {39110–39125},
organization = {PMLR},
	year = {2023}}


@article{Haugh-ICML23,
	author = {Martin B Haugh and Raghav Singal},
	journal = {International Conference on Machine Learning},
	title = {Counterfactual Analysis in Dynamic Latent State Models},
pages = {12647–12677},
organization = {PMLR},
	year = {2023}}



@article{Ribeiro-ICML23,
	author = {Fabio De Sousa Ribeiro and Tian Xia and Miguel Monteiro and Nick Pawlowski and Ben Glocker},
	journal = {International Conference on Machine Learning},
	title = {High Fidelity Image Counterfactuals with Probabilistic Causal Model},
pages = {7390–7425},
organization = {PMLR},
	year = {2023}}



@article{Hamman-ICML23,
	author = {Faisal Hamman and Erfaun Noorani and Saumitra Mishra and Daniele Magazzeni and Sanghamitra Dutta},
	journal = {International Conference on Machine Learning},
	title = {Robust Counterfactual Explanations for Neural Networks With Probabilistic Guarantees},
pages = {12351–12367},
organization = {PMLR},
	year = {2023}}

@article{Zenati-ICML23,
	author = {Houssam Zenati and Eustache Diemert and Matthieu Martin and Julien Mairal and Pierre Gaillard},
	journal = {International Conference on Machine Learning},
	title = {Sequential Counterfactual Risk Minimization},
pages = {40681–40706},
organization = {PMLR},
	year = {2023}}


@article{Wu-eatl-ICML23,
	author = {Zhengxuan Wu and Karel D'Oosterlinck and Atticus Geiger and Amir Zur and Christopher Potts},
	journal = {International Conference on Machine Learning},
	title = {Causal Proxy Models for Concept-based Model Explanations},
pages = {37313–37334},
organization = {PMLR},
	year = {2023}}


@inproceedings{li2023trustworthy,
  title={Trustworthy policy learning under the counterfactual no-harm criterion},
  author={Li, Haoxuan and Zheng, Chunyuan and Cao, Yixiao and Geng, Zhi and Liu, Yue and Wu, Peng},
  booktitle={International Conference on Machine Learning},
  pages={20575--20598},
  year={2023},
  organization={PMLR}
}


@article{2022counterfactualharm,
	author = {Richens, Jonathan G and Beard, Rory and Thompson, Daniel H},
	journal = {Advances in Neural Information Processing Systems},
	title = {Counterfactual harm},
	year = {2022}}


@inproceedings{Ley-ICML23,
	author = {Dan Ley and Saumitra Mishra and Daniele Magazzeni},
	journal = {International Conference on Machine Learning},
	title = {{GLOBE}-{CE}: A Translation Based Approach for Global Counterfactual Explanations},
pages = {19315–19342},
organization = {PMLR},
	year = {2023}}


@article{Fontanella-ICML23,
	author = {Alessandro Fontanella and Antreas Antoniou and Wenwen Li and Joanna Wardlaw and Grant Mair and Emanuele Trucco and Amos Storkey},
	journal = {International Conference on Machine Learning},
	title = {ACAT: Adversarial Counterfactual Attention for Classification and Detection in Medical Imaging},
pages = {10153–10169},
organization = {PMLR},
	year = {2023}}


@article{Liu-ICML23,
	author = {Zhihong Liu and Hoang Anh and Xiangyu Chang and  Xi Chen and Ruoxi Jia},
	journal = {International Conference on Machine Learning},
	title = {2D-Shapley: A Framework for Fragmented Data Valuation},
pages = {21730–21755},
organization = {PMLR},
	year = {2023}}









%% Saved with string encoding Unicode (UTF-8) 
@inproceedings{Mesnard2021-ICML,
	author = {Thomas Mesnard and Théophane Weber and Fabio Viola and Shantanu Thakoor and Alaa Saade and Anna Harutyunyan and Will Dabney and Tom Stepleton and Nicolas Heess and Arthur Guez and Éric Moulines and Marcus Hutter and Lars Buesing and Rémi Munos},
	booktitle = {Proceedings of the 38th International Conference on Machine Learning},
	pages = {7654–7664},
	title = {Counterfactual Credit Assignment in Model-Free Reinforcement Learning},
organization = {PMLR},
	year = {2021}}


@article{Albert-etal2005,
	author = {Jeffrey M. Albert and Gary L. Gadbury and Edward J. Mascha},
	date-added = {2023-08-13 14:57:04 +0800},
	date-modified = {2023-08-13 14:59:18 +0800},
	journal = {Biometrical Journal},
	pages = {662-673},
	title = {Assessing Treatment Effect Heterogeneity in Clinical Trialswith Blocked Binary Outcomes},
	volume = {47},
	year = {2005}}


@article{kallus2020-policy,
	author = {Nathan Kallus and Masatoshi Uehara},
	journal = {Journal of Machine Learning Research},
	pages = {1-63},
	title = {Double Reinforcement Learning for Efficient
Off-Policy Evaluation in Markov Decision Processes},
	volume = {21},
	year = {2020}}



@inproceedings{Dudik2011-ICML,
	author = {Miroslav Dudík and John Langford and Lihong Li},
	booktitle = {International Conference on Machine Learning},
	pages = {1097–1104},
organization = {PMLR},
	title = {Doubly robust policy evaluation and learning},
	year = {2011}}


@article{Kosorok+Laber:2019,
	Author = {Michael R. Kosorok and Eric B. Laber},
	Date-Added = {2021-06-14 12:07:00 +0000},
	Date-Modified = {2021-06-14 12:11:06 +0000},
	Journal = {Annual Review of Statistics and Its Application},
	Pages = {263-86},
	Title = {Precision Medicine},
	Volume = {6},
	Year = {2019}}

@article{Chao-etal2023,
	author = {Patrick Chao and Patrick Blöbaum and Shiva Prasad Kasiviswanathan},
	journal = {arXiv:2302.00860},
	title = {Interventional and Counterfactual Inference with Diffusion Models},
	year = {2023}}

@article{shimizu2006linear,
  title={A linear non-Gaussian acyclic model for causal discovery},
  author={Shimizu, Shohei and Hoyer, Patrik O and Hyv{\"a}rinen, Aapo and Kerminen, Antti and Jordan, Michael},
  journal={Journal of Machine Learning Research},
  volume={7},
  number={10},
  year={2006}
}

@article{peters2014causal,
  title={Causal discovery with continuous additive noise models},
  author={Peters, Jonas and Mooij, Joris M and Janzing, Dominik and Sch{\"o}lkopf, Bernhard},
  year={2014}
}

@article{hoyer2008nonlinear,
  title={Nonlinear causal discovery with additive noise models},
  author={Hoyer, Patrik and Janzing, Dominik and Mooij, Joris M and Peters, Jonas and Sch{\"o}lkopf, Bernhard},
  journal={Advances in Neural Information Processing Systems},
  volume={21},
  year={2008}
}

@article{Brouwer2022,
	author = {Edward De Brouwer},
	journal={Advances in Neural Information Processing Systems},
	title = {Deep Counterfactual Estimation with Categorical Background Variables},
	year = {2022}}

@inproceedings{Shah2022,
	author = {Abhin Shah and Raaz Dwivedi and Devavrat Shah and Gregory W. Wornell},
	booktitle = {NeurIPS 2022 Workshop on Causality for Real-world Impact},
	title = {On counterfactual inference with unobserved confounding},
	year = {2022}}

@article{Melnychuk2023,
	author = {Valentyn Melnychuk and Dennis Frauen and Stefan Feuerriegel},
	journal={Advances in Neural Information Processing Systems},
	title = {Partial Counterfactual Identification of Continuous Outcomes with a Curvature Sensitivity Model},
	year = {2023}}


@article{Yan2023,
	author = {Hanqi Yan and Lingjing Kong and Lin Gui and Yuejie Chi and Eric Xing and Yulan He and Kun Zhang},
	journal={Advances in Neural Information Processing Systems},
	title = {Counterfactual Generation with Identifiability Guarantee},
	year = {2023}}


@inproceedings{Ibeling-2020-AAAI,
	author = {Duligur Ibeling and Thomas Icard},
	booktitle = {Proceedings of the Thirty-Fourth AAAI Conference on Artificial Intelligence},
	title = {Probabilistic Reasoning across the Causal Hierarchy},
	year = {2020}}

@inproceedings{Budhathoki-etal2022,
	author = {Kailash Budhathoki and Lenon Minorics and Patrick Bloebaum and Dominik Janzing},
	booktitle = {International Conference on Machine Learning},
	title = {Causal structure-based root cause analysis of outliers},
organization = {PMLR},
	year = {2022}}




@book{Fan-Gijbels1996,
	author = {Jianqing Fan and Irene Gijbels},
	date-added = {2021-08-11 01:26:42 +0000},
	date-modified = {2021-08-11 01:31:43 +0000},
	publisher = {Chapman and Hall/CRC},
	title = {Local Polynomial Modelling and Its Applications},
	year = {1996}}

@book{Li-Racine-2007,
	author = {Qi Li and Jeff S. Racine},
	date-added = {2018-09-11 03:35:45 +0000},
	date-modified = {2018-09-11 03:36:34 +0000},
	publisher = {Princeton University Press},
	title = {Nonparametric econometrics},
	year = {2007}}



@article{Firpo2007,
author = {Sergio Firpo},
title = {Efficient Semiparametric Estimation of Quantile Treatment Effects},
journal = {Econometrica},
volume = {75},
pages = {259-276},
year = {2007}}


@article{Pearl2019,
author = {Judea Pearl},
title = {The seven tools of causal inference, with reflections on machine learning},
journal = {Communications of the ACM},
volume = {62},
pages = {54-60},
year = {2019}}




@article{Koenker1978,
author = {Roger Koenker and Gilbert Bassett},
title = {Regression Quantiles},
journal = {Econometrica},
volume = {46},
pages = {33-50},
year = {1978}}



@article{Kendall1945,
author = {Maurice George Kendall},
title = {The treatment of ties in ranking problem},
journal = {Biometrika},
volume = {33},
pages = {239–251},
year = {1945}}


@article{Kendall1938,
author = {Maurice George Kendall},
title = {A new measure of rank correlation},
journal = {Biometrika},
volume = {30},
pages = {81-93},
year = {1938}}


@article{Chernozhukov2005,
author = {Victor Chernozhukov and Christian Hansen},
title = {An {I}{V} Model of Quantile Treatment Effects},
journal = {Econometrica},
volume = {73},
pages = {245-261},
year = {2005}}



@article{Heckman1997,
author = {James J. Heckman and Jeffrey Smith and Nancy Clements},
title = {Making the Most Out of Programme Evaluations and Social Experiments: Accounting
for Heterogeneity in Programme Impacts},
journal = {The Review of Economic Studies},
volume = {64},
pages = {487-535},
year = {1997}}


@article{Jin-etal2023,
author = {Ying Jin  and Zhimei Ren  and Emmanuel J. Candès},
title = {Sensitivity analysis of individual treatment effects: A robust conformal inference approach},
journal = {Proceedings of the National Academy of Sciences},
volume = {120},
year = {2023}}



@article{Eli-etal2022,
	author = {Eli Ben-Michael and Kosuke Imai and Zhichao Jiang},
	journal = {arXiv:2206.10479},
	title = {Policy learning with asymmetric utilities},
	year = {2022}}


@book{Pearl-Mackenzie2018,
	author = {Judea Pearl and Dana Mackenzie},
	publisher = {Hachette Book Group},
	title = {The Book of Why: The New Science of Cause and Effect},
	year = {2018}}


@book{Pearl-etal2016-primer,
	author = {Judea Pearl and Madelyn Glymour and Nicholas P. Jewell},
	publisher = {John Wiley \& Sons},
	title = {Causal Inference in Statistics: A Primer},
	year = {2016}}



@article{Tian2000,
author = {Jin Tian and Judea Pearl},
title = {Probabilities of causation: Bounds and identification},
journal = {Annals of Mathematics and Artificial Intelligence},
volume = {28},
pages = {287–313},
year = {2000}}




@inproceedings{Zhang-2022-ICML,
	author = {Junzhe Zhang and Jin Tian and Elias Bareinboim},
	booktitle = {International Conference on Machine Learning},
	title = {Partial Counterfactual Identification from Observational and Experimental Data},
organization = {PMLR},
	year = {2022}}




@inproceedings{Finkelstein-2020-UAI,
	author = {Noam Finkelstein and Ilya Shpitser},
	booktitle = {Proceedings of the 36th Conference on Uncertainty in Artificial Intelligence},
	title = {Deriving Bounds And Inequality Constraints Using Logical Relations Among Counterfactuals},
	year = {2020}}





@inproceedings{Bakle-1994-UAI,
	author = {Alexander Balke and Judea Pearl},
	booktitle = {Proceedings of the Tenth international conference on Uncertainty in artificial intelligence},
	title = {Counterfactual probabilities: computational methods, bounds and applications},
	year = {1994}}




@article{Correa2021-NIPS,
	author = {Juan D. Correa and Sanghack Lee and Elias Bareinboim},
	journal={Advances in Neural Information Processing Systems},
	title = {Nested Counterfactual Identification
from Arbitrary Surrogate Experiments},
	year = {2021}}



@inproceedings{Shpitser2007-UAI,
	author = {Ilya Shpitser and Judea Pearl},
	booktitle = {Proceedings of the Twenty-Third Conference on Uncertainty in Artificial Intelligence},
	title = {What Counterfactuals Can Be Tested},
	year = {2007}}



@inproceedings{Lu-etal2020-attribution,
	author = {Chaochao Lu and Biwei Huang and Ke Wang and Jo´se Miguel Hernández-Lobato and Kun Zhang and Bernhard Schölkopf},
	booktitle = {Offline Reinforcement Learning Workshop at Neural Information Processing Systems},
	title = {Sample-Efficient Reinforcement Learning viaCounterfactual-Based Data Augmentation},
	year = {2020}}


@inproceedings{Xie-etal2023-attribution,
	author = {Shaoan Xie and  Biwei Huang and Bin Gu and Tongliang Liu and Kun Zhang},
	booktitle = {ICML Workshop
on Counterfactuals in Minds and Machines},
	title = {Advancing Counterfactual Inference through Quantile Regression},
	year = {2023}}


@inproceedings{Nasr-Esfahany-2023-attribution,
	author = {Arash Nasr-Esfahany and Mohammad Alizadehand and Devavrat Shah},
	booktitle = {International Conference on Machine Learning},
	title = {Counterfactual Identifiability of Bijective Causal Models},
organization = {PMLR},
	year = {2023}}



@article{shapiro1991asymptotic,
	author = {Shapiro, Alexander},
	journal = {Annals of Operations Research},
	pages = {169--186},
	publisher = {Springer},
	title = {Asymptotic analysis of stochastic programs},
	volume = {30},
	year = {1991}}

@inproceedings{mishler2021fairness,
	author = {Mishler, Alan and Kennedy, Edward H and Chouldechova, Alexandra},
	booktitle = {Proceedings of the 2021 ACM Conference on Fairness, Accountability, and Transparency},
	pages = {386-400},
	title = {Fairness in risk assessment instruments: Post-processing to achieve counterfactual equalized odds},
	year = {2021}}

@book{puterman2014markov,
	author = {Puterman, Martin L},
	publisher = {John Wiley \& Sons},
	title = {Markov decision processes: discrete stochastic dynamic programming},
	year = {2014}}

@book{kosorok2008introduction,
	author = {Kosorok, Michael R},
	publisher = {Springer},
	title = {Introduction to empirical processes and semiparametric inference.},
	year = {2008}}





@article{ben2022policy,
	author = {Ben-Michael, Eli and Imai, Kosuke and Jiang, Zhichao},
	journal = {arXiv preprint arXiv:2206.10479},
	title = {Policy learning with asymmetric utilities},
	year = {2022}}

@article{yao2018representation,
  title={Representation learning for treatment effect estimation from observational data},
  author={Yao, Liuyi and Li, Sheng and Li, Yaliang and Huai, Mengdi and Gao, Jing and Zhang, Aidong},
  journal={Advances in Neural Information Processing Systems},
  volume={31},
  year={2018}
}

@article{imai2023principal,
  title={Principal fairness for human and algorithmic decision-making},
  author={Imai, Kosuke and Jiang, Zhichao},
  journal={Statistical Science},
  volume={38},
  number={2},
  pages={317--328},
  year={2023},
  publisher={Institute of Mathematical Statistics}
}

@inproceedings{2020ed,
	author = {Coston, Amanda and Mishler, Alan and Kennedy, Edward H and Chouldechova, Alexandra},
	booktitle = {Proceedings of the 2020 conference on fairness, accountability, and transparency},
	pages = {582--593},
	title = {Counterfactual risk assessments, evaluation, and fairness},
	year = {2020}}

@inproceedings{li2019unit,
	author = {Li, Ang and Pearl, Judea},
	booktitle = {Proceedings of the Twenty-Eighth International Joint Conference on Artificial Intelligence},
	title = {Unit Selection Based on Counterfactual Logic},
	year = {2019}}

@article{li2022un_c,
	author = {Li, Ang and Pearl, Judea},
	journal = {arXiv preprint arXiv:2208.09569},
	title = {Unit selection with nonbinary treatment and effect},
	year = {2022}}

@inproceedings{2022NathanFacct,
	address = {New York, NY, USA},
	author = {Kallus, Nathan},
	booktitle = {2022 ACM Conference on Fairness, Accountability, and Transparency},
	numpages = {1},
	pages = {213},
	publisher = {Association for Computing Machinery},
	series = {FAccT '22},
	title = {Treatment Effect Risk: Bounds and Inference},
	year = {2022}}

@article{2022nathan,
	author = {Kallus, Nathan},
	journal = {arXiv preprint arXiv:2205.10327},
	title = {What's the Harm? Sharp Bounds on the Fraction Negatively Affected by Treatment},
	year = {2022}}

@book{vdv-1998,
	author = {Aad W. van der Vaart},
	date-added = {2019-12-05 02:44:34 +0000},
	date-modified = {2020-05-25 11:33:13 +0000},
	publisher = {Cambridge University Press},
	title = {Asymptotic statistics},
	year = {1998}}



@article{Chernozhukov-etal-2018,
	author = {V. Chernozhukov and D. Chetverikov and M. Demirer and E. Duflo and C. Hansen and W. Newey and J. Robins},
	date-added = {2020-06-04 05:55:30 +0000},
	date-modified = {2020-08-11 11:12:18 +0000},
	journal = {The Econometrics Journal},
	pages = {1-68},
	title = {Double/debiased machine learning for treatment and structural parameters},
	volume = {21},
	year = {2018}}

@article{Athey-Tibsirani-Wager-2019,
	author = {S. Athey and J. Tibshirani and S. Wager},
	date-added = {2020-08-11 06:58:13 +0000},
	date-modified = {2020-08-11 11:11:22 +0000},
	journal = {The Annals of Statistics},
	pages = {1148-1178},
	title = {Generalized random forests},
	volume = {47},
	year = {2019}}

@article{Robins-Rotnitzky-Zhao1994,
	author = {J.M. Robins and A. Rotnitzky and L.P. Zhao},
	date-added = {2017-08-29 08:31:54 +0000},
	date-modified = {2018-07-19 14:48:43 +0000},
	journal = {Journal of the American Statistical Association},
	pages = {846-866},
	title = {Estimation of regression coefficients when some regressors are not always observed},
	volume = {89},
	year = {1994}}

@article{Robins-Rotnitzky-Zhao1995,
	author = {J.M. Robins and A. Rotnitzky and L.P. Zhao},
	date-added = {2017-07-29 09:05:39 +0000},
	date-modified = {2018-07-19 14:51:28 +0000},
	journal = {Journal of the American Statistical Association},
	pages = {106-121},
	title = {Analysis of semiparametric regression models for repeated outcomes in the presence of missing data},
	volume = {90},
	year = {1995}}

@book{vdv-1996,
	author = {Aad W. van der Vaart and Jon A. Wellner},
	date-added = {2019-08-26 02:11:30 +0000},
	date-modified = {2020-05-25 11:33:06 +0000},
	publisher = {Springer},
	title = {Weak convergence and empirical processes: with application to statistics},
	year = {1996}}

@article{Semenova-Chernozhukov,
	author = {Vira Semenova and Victor Chernozhukov},
	date-added = {2021-10-11 00:59:43 +0000},
	date-modified = {2021-10-11 01:02:10 +0000},
	journal = {The Econometrics Journal},
	pages = {264--289},
	title = {Debiased machine learning of conditional average treatment effects and and other causal functions},
	volume = {24},
	year = {2021}}

@article{2022jzc,
	author = {Jiang, Zhichao and Yang, Shu and Ding, Peng},
	journal = {Journal of the Royal Statistical Society: Series B (Statistical Methodology)},
	title = {Multiply robust estimation of causal effects under principal ignorability},
	year = {2022}}

@article{2016LD,
	author = {Li, Xinran and Ding, Peng},
	journal = {Statistics in medicine},
	number = {13},
	pages = {2296-2296},
	title = {Exact confidence intervals for the average causal effect on a binary outcome (vol 35, pg 957, 2016)},
	volume = {35},
	year = {2016}}

@article{2016JZC,
	author = {Zhichao Jiang and Peng Ding and Zhi Geng},
	journal = {Journal of the Royal Statistical Society. Series B (Statistical Methodology)},
	number = {4},
	pages = {829--848},
	publisher = {[Royal Statistical Society, Wiley]},
	title = {Principal causal effect identification and surrogate end point evaluation by multiple trials},
	volume = {78},
	year = {2016}}

@book{Morgan-Winship-2015,
	author = {Stephen L. Morgan and Christopher Winship},
	date-added = {2021-09-17 02:26:29 +0000},
	date-modified = {2021-09-23 07:58:35 +0000},
	edition = {Second},
	publisher = {Cambridge University Press},
	title = {Counterfactuals and Causal Inference: Methods and Principles for Social Research},
	year = {2015}}

@article{Holland1986,
	author = {Paul W. Holland},
	date-added = {2018-09-10 10:33:11 +0000},
	date-modified = {2020-05-25 11:11:09 +0000},
	journal = {Journal of the American Statistical Association},
	pages = {945-960},
	title = {Statistics and Causal Inference},
	volume = {81},
	year = {1986}}

@article{Lei-Candes2021,
	author = {Lihua Lei and Emmanuel J. Cand{\`e}s},
	journal = {Journal of the Royal Statistical Society: Series B (Statistical Methodology)},
	pages = {911-938},
	title = {Conformal Inference of Counterfactuals and Individual Treatment Effects},
	volume = {83},
	year = {2021}}

@article{zjn,
	author = {Junni L. Zhang and Donald B. Rubin},
	journal = {Journal of Educational and Behavioral Statistics},
	number = {4},
	pages = {353--368},
	publisher = {[American Educational Research Association, Sage Publications, Inc., American Statistical Association]},
	title = {Estimation of Causal Effects via Principal Stratification When Some Outcomes Are Truncated by "Death"},
	volume = {28},
	year = {2003}}

@article{2009Gallp,
	author = {Gallop, R. and Small, D. S. and Lin, J. Y. and Elliott, M. R. and Joffe, M. and Have, Trt},
	journal = {Statistics in Medicine},
	title = {Mediation analysis with principal stratification},
	year = {2009}}

@article{2018Who,
	author = {Kitagawa, T. and Tetenov, A.},
	journal = {Econometrica},
	number = {2},
	title = {Who should be Treated? Empirical Welfare Maximization Methods for Treatment Choice},
	volume = {86},
	year = {2018}}

@article{2021Policy,
	author = {Athey, S. and Wager, S.},
	journal = {Econometrica},
	number = {1},
	pages = {133-161},
	title = {Policy Learning With Observational Data},
	volume = {89},
	year = {2021}}

@article{Rubin1974,
	author = {Rubin, D. B.},
	date-modified = {2020-09-14 08:35:02 +0000},
	journal = {Journal of educational psychology},
	pages = {688-701},
	title = {Estimating causal effects of treatments in randomized and nonrandomized studies},
	volume = {66},
	year = {1974}}

@article{Neyman1990,
	author = {Jerzy Splawa Neyman},
	date-modified = {2021-05-04 03:16:50 +0000},
	journal = {Statistical Science},
	pages = {465-472},
	title = {On the application of probability theory to agricultural experiments. Essay on principles. Section 9},
	volume = {5},
	year = {1990}}

@book{Imbens-Rubin2015,
	author = {G. W. Imbens and D. B. Rubin},
	date-added = {2017-07-16 15:24:11 +0000},
	date-modified = {2018-07-19 14:08:19 +0000},
	publisher = {Cambridge University Press},
	title = {Causal Inference For Statistics Social and Biomedical Science},
	year = {2015}}

@book{Hernan-Robins2020,
	author = {M.A. Hern{\'a}n and J. M. Robins},
	publisher = {Boca Raton: Chapman and Hall/CRC},
	title = {Causal Inference: What If},
	year = {2020}}

@article{Rubin1980,
	author = {Donald B. Rubin},
	date-added = {2018-09-11 06:56:19 +0000},
	date-modified = {2020-05-25 11:12:10 +0000},
	journal = {Journal of the American Statistical Association},
	pages = {591-593},
	title = {Discussion of Randomization Analysis of Experimental Data in the Fisher Randomization Test by Basu},
	volume = {75},
	year = {1980}}

@article{2020Minimax,
	author = {Kallus, N. and Zhou, A.},
	journal = {Management Science},
	title = {Minimax-Optimal Policy Learning Under Unobserved Confounding},
	year = {2020}}

@article{reg,
	author = {Bertsimas, Dimitris and Kallus, Nathan and Weinstein, Alexander M. and Zhuo, Ying Daisy},
	journal = {Diabetes Care},
	month = {12},
	number = {2},
	pages = {210-217},
	title = {{Personalized Diabetes Management Using Electronic Medical Records}},
	volume = {40},
	year = {2016}}

@article{Principal,
	author = {Frangakis, C. E. and Rubin, D. B.},
	journal = {Biometrics},
	number = {1},
	pages = {21-29},
	title = {Principal Stratification in Causal Inference},
	volume = {58},
	year = {2002}}

@article{2008Sharp,
	author = {Imai, K.},
	journal = {Statisitcs and Probability Letters},
	title = {Sharp bounds on the causal effects in randomized experiments with "truncation-by-death"},
	year = {2008}}

@article{2021Causal,
	author = {Luo, S. and Li, W. and He, Y.},
	journal = {Biometrics},
	title = {Causal inference with outcomes truncated by death in multiarm studies},
	year = {2021}}

@article{2011Id,
	author = {Ding, Peng and Geng, Zhi and Yan, Wei and Zhou, Xiao Hua},
	journal = {Journal of the American Statistical Association},
	number = {496},
	pages = {1578-1591},
	title = {Identifiability and Estimation of Causal Effects by Principal Stratification With Outcomes Truncated by Death},
	volume = {106},
	year = {2011}}

@article{1999FR,
	author = {Constantine E. Frangakis and Donald B. Rubin},
	journal = {Biometrika},
	number = {2},
	pages = {365--379},
	publisher = {[Oxford University Press, Biometrika Trust]},
	title = {Addressing Complications of Intention-to-Treat Analysis in the Combined Presence of All-or-None Treatment-Noncompliance and Subsequent Missing Outcomes},
	volume = {86},
	year = {1999}}

@inproceedings{langley00,
	address = {Stanford, CA},
	author = {P. Langley},
	booktitle = {International Conference on Machine Learning},
	pages = {1207--1216},
organization = {PMLR},
	title = {Crafting Papers on Machine Learning},
	year = {2000}}

@techreport{mitchell80,
	address = {New Brunswick, MA},
	author = {T. M. Mitchell},
	institution = {Computer Science Department, Rutgers University},
	title = {The Need for Biases in Learning Generalizations},
	year = {1980}}

@phdthesis{kearns89,
	author = {M. J. Kearns},
	school = {Department of Computer Science, Harvard University},
	title = {Computational Complexity of Machine Learning},
	year = {1989}}

@book{MachineLearningI,
	address = {Palo Alto, CA},
	editor = {R. S. Michalski and J. G. Carbonell and T. M. Mitchell},
	publisher = {Tioga},
	title = {Machine Learning: An Artificial Intelligence Approach, Vol. I},
	year = {1983}}

@article{wu2022learning,
  title={Learning decomposed representations for treatment effect estimation},
  author={Wu, Anpeng and Yuan, Junkun and Kuang, Kun and Li, Bo and Wu, Runze and Zhu, Qiang and Zhuang, Yueting and Wu, Fei},
  journal={IEEE Transactions on Knowledge and Data Engineering},
  volume={35},
  number={5},
  pages={4989--5001},
  year={2022},
  publisher={IEEE}
}

@article{louizos2017causal,
  title={Causal effect inference with deep latent-variable models},
  author={Louizos, Christos and Shalit, Uri and Mooij, Joris M and Sontag, David and Zemel, Richard and Welling, Max},
  journal={Advances in Neural Information Processing Systems},
  volume={30},
  year={2017}
}

@inproceedings{yoon2018ganite,
  title={GANITE: Estimation of individualized treatment effects using generative adversarial nets},
  author={Yoon, Jinsung and Jordon, James and Van Der Schaar, Mihaela},
  booktitle={International conference on learning representations},
  year={2018}
}

@article{wang2023optimal,
  title={Optimal Transport for Treatment Effect Estimation},
  author={Wang, Hao and Fan, Jiajun and Chen, Zhichao and Li, Haoxuan and Liu, Weiming and Liu, Tianqiao and Dai, Quanyu and Wang, Yichao and Dong, Zhenhua and Tang, Ruiming},
  journal={Advances in Neural Information Processing Systems},
  year={2023}
}

@book{DudaHart2nd,
	author = {R. O. Duda and P. E. Hart and D. G. Stork},
	edition = {2nd},
	publisher = {John Wiley and Sons},
	title = {Pattern Classification},
	year = {2000}}

@misc{anonymous,
	author = {Author, N. N.},
	title = {Suppressed for Anonymity},
	year = {2021}}

@incollection{Newell81,
	address = {Hillsdale, NJ},
	author = {A. Newell and P. S. Rosenbloom},
	booktitle = {Cognitive Skills and Their Acquisition},
	chapter = {1},
	editor = {J. R. Anderson},
	pages = {1--51},
	publisher = {Lawrence Erlbaum Associates, Inc.},
	title = {Mechanisms of Skill Acquisition and the Law of Practice},
	year = {1981}}

@article{Samuel59,
	author = {A. L. Samuel},
	journal = {IBM Journal of Research and Development},
	number = {3},
	pages = {211--229},
	title = {Some Studies in Machine Learning Using the Game of Checkers},
	volume = {3},
	year = {1959}}

@inproceedings{jaskowski2012uplift,
	author = {Jaskowski, Maciej and Jaroszewicz, Szymon},
	booktitle = {ICML Workshop on Clinical Data Analysis},
	pages = {79--95},
	title = {Uplift modeling for clinical trial data},
	volume = {46},
	year = {2012}}

@article{guelman2015decision,
	author = {Guelman, Leo and Guill{\'e}n, Montserrat and P{\'e}rez-Mar{\'\i}n, Ana M},
	journal = {Decision Support Systems},
	pages = {24--32},
	publisher = {Elsevier},
	title = {A decision support framework to implement optimal personalized marketing interventions},
	volume = {72},
	year = {2015}}

@article{chipman2010bart,
	author = {Chipman, Hugh A and George, Edward I and McCulloch, Robert E},
	journal = {The Annals of Applied Statistics},
	number = {1},
	pages = {266--298},
	publisher = {Institute of Mathematical Statistics},
	title = {BART: Bayesian additive regression trees},
	volume = {4},
	year = {2010}}

@article{wager2018estimation,
	author = {Wager, Stefan and Athey, Susan},
	journal = {Journal of the American Statistical Association},
	number = {523},
	pages = {1228--1242},
	publisher = {Taylor \& Francis},
	title = {Estimation and inference of heterogeneous treatment effects using random forests},
	volume = {113},
	year = {2018}}

@article{kunzel2019metalearners,
	author = {K{\"u}nzel, S{\"o}ren R and Sekhon, Jasjeet S and Bickel, Peter J and Yu, Bin},
	journal = {Proceedings of the national academy of sciences},
	number = {10},
	pages = {4156--4165},
	publisher = {National Acad Sciences},
	title = {Metalearners for estimating heterogeneous treatment effects using machine learning},
	volume = {116},
	year = {2019}}

@inproceedings{johansson2016learning,
	author = {Johansson, Fredrik and Shalit, Uri and Sontag, David},
	booktitle = {International Conference on Machine Learning},
	organization = {PMLR},
	pages = {3020--3029},
	title = {Learning representations for counterfactual inference},
	year = {2016}}

@inproceedings{shalit2017estimating,
	author = {Shalit, Uri and Johansson, Fredrik D and Sontag, David},
	booktitle = {International Conference on Machine Learning},
	organization = {PMLR},
	pages = {3076--3085},
	title = {Estimating individual treatment effect: generalization bounds and algorithms},
	year = {2017}}

@article{rosenbaum1983central,
  title={The central role of the propensity score in observational studies for causal effects},
  author={Rosenbaum, Paul R and Rubin, Donald B},
  journal={Biometrika},
  volume={70},
  number={1},
  pages={41--55},
  year={1983},
  publisher={Oxford University Press}
}

@article{schwab2018perfect,
	author = {Schwab, Patrick and Linhardt, Lorenz and Karlen, Walter},
	journal = {arXiv preprint arXiv:1810.00656},
	title = {Perfect match: A simple method for learning representations for counterfactual inference with neural networks},
	year = {2018}}

@article{shi2019adapting,
	author = {Shi, Claudia and Blei, David and Veitch, Victor},
	journal = {Advances in Neural Information Processing Systems},
	title = {Adapting neural networks for the estimation of treatment effects},
	volume = {32},
	year = {2019}}

@inproceedings{feldman2015certifying,
	author = {Feldman, Michael and Friedler, Sorelle A and Moeller, John and Scheidegger, Carlos and Venkatasubramanian, Suresh},
	booktitle = {proceedings of the 21th ACM SIGKDD international conference on knowledge discovery and data mining},
	pages = {259--268},
	title = {Certifying and removing disparate impact},
	year = {2015}}

@article{flores2016false,
	author = {Flores, Anthony W and Bechtel, Kristin and Lowenkamp, Christopher T},
	journal = {Fed. Probation},
	pages = {38},
	publisher = {HeinOnline},
	title = {False positives, false negatives, and false analyses: A rejoinder to machine bias: There's software used across the country to predict future criminals. and it's biased against blacks},
	volume = {80},
	year = {2016}}

@article{kusner2017counterfactual,
	author = {Kusner, Matt J and Loftus, Joshua and Russell, Chris and Silva, Ricardo},
	journal = {Advances in Neural Information Processing Systems},
	title = {Counterfactual fairness},
	volume = {30},
	year = {2017}}

@inproceedings{nabi2018fair,
	author = {Nabi, Razieh and Shpitser, Ilya},
	booktitle = {Proceedings of the AAAI Conference on Artificial Intelligence},
	number = {1},
	title = {Fair inference on outcomes},
	volume = {32},
	year = {2018}}

@inproceedings{chiappa2019path,
	author = {Chiappa, Silvia},
	booktitle = {Proceedings of the AAAI Conference on Artificial Intelligence},
	number = {01},
	pages = {7801--7808},
	title = {Path-specific counterfactual fairness},
	volume = {33},
	year = {2019}}

@article{wu2019pc,
	author = {Wu, Yongkai and Zhang, Lu and Wu, Xintao and Tong, Hanghang},
	journal = {Advances in Neural Information Processing Systems},
	title = {P{C}-{F}airness: A unified framework for measuring causality-based fairness},
	volume = {32},
	year = {2019}}

@article{Wu-Tan2022,
	author = {Peng Wu and Zhiqiang Tan and Wenjie Hu and Xiao-Hua Zhou},
	date-added = {2021-08-26 14:43:33 +0000},
	date-modified = {2021-08-26 14:55:31 +0000},
	journal = {Statistica Sinica},
	title = {Model-Assisted Inference for Covariate-Specific Treatment Effects with High-dimensional Data},
	year = {2022}}

@article{Wu-Han2022,
	author = {Peng Wu and ShaSha Han and Xingwei Tong and Runze Li},
	journal = {Statistica Sinica},
	title = {Propensity score regression for causal inference with treatment heterogeneity},
	year = {2022}}

@article{thiebes2021trustworthy,
	author = {Thiebes, Scott and Lins, Sebastian and Sunyaev, Ali},
	journal = {Electronic Markets},
	number = {2},
	pages = {447--464},
	publisher = {Springer},
	title = {Trustworthy artificial intelligence},
	volume = {31},
	year = {2021}}

@book{sutton2018reinforcement,
	author = {Sutton, Richard S and Barto, Andrew G},
	publisher = {MIT press},
	title = {Reinforcement learning: An introduction},
	year = {2018}}

@article{floridi2019establishing,
	author = {Floridi, Luciano},
	journal = {Nature Machine Intelligence},
	number = {6},
	pages = {261--262},
	publisher = {Nature Publishing Group},
	title = {Establishing the rules for building trustworthy AI},
	volume = {1},
	year = {2019}}

@article{lalonde1986evaluating,
	author = {LaLonde, Robert J},
	journal = {The American economic review},
	pages = {604--620},
	publisher = {JSTOR},
	title = {Evaluating the econometric evaluations of training programs with experimental data},
	year = {1986}}

@article{NPCI,
	author = {Vincent Dorie},
	title = {NPCI: Non-parametrics for causal inference, 2016},
	year = {2016}}

@article{hill2011bayesian,
	author = {Hill, Jennifer L},
	journal = {Journal of Computational and Graphical Statistics},
	number = {1},
	pages = {217--240},
	publisher = {Taylor \& Francis},
	title = {Bayesian nonparametric modeling for causal inference},
	volume = {20},
	year = {2011}}

@article{kaur2022trustworthy,
	author = {Kaur, Davinder and Uslu, Suleyman and Rittichier, Kaley J and Durresi, Arjan},
	journal = {ACM Computing Surveys (CSUR)},
	number = {2},
	pages = {1--38},
	publisher = {ACM New York, NY},
	title = {Trustworthy artificial intelligence: a review},
	volume = {55},
	year = {2022}}

@article{murphy2003optimal,
	author = {Murphy, Susan A},
	journal = {Journal of the Royal Statistical Society: Series B (Statistical Methodology)},
	number = {2},
	pages = {331--355},
	publisher = {Wiley Online Library},
	title = {Optimal dynamic treatment regimes},
	volume = {65},
	year = {2003}}

@article{lin2006unifying,
	author = {Lin, Albert C},
	journal = {L. Rev},
	pages = {904},
	title = {The Unifying Role of Harm in Environmental Law, 2006 Wis},
	volume = {897},
	year = {2006}}

@article{efron1991compliance,
	author = {Efron, Bradley and Feldman, David},
	journal = {Journal of the American Statistical Association},
	number = {413},
	pages = {9--17},
	publisher = {Taylor \& Francis},
	title = {Compliance as an explanatory variable in clinical trials},
	volume = {86},
	year = {1991}}

@article{duflo2012incentives,
	author = {Duflo, Esther and Hanna, Rema and Ryan, Stephen P},
	journal = {American Economic Review},
	number = {4},
	pages = {1241--78},
	title = {Incentives work: Getting teachers to come to school},
	volume = {102},
	year = {2012}}

@incollection{mill1966liberty,
	author = {Mill, John Stuart},
	booktitle = {A selection of his works},
	pages = {1--147},
	publisher = {Springer},
	title = {On liberty},
	year = {1966}}

@book{asimov2004robot,
	author = {Asimov, Isaac},
	publisher = {Spectra},
	title = {I, robot},
	volume = {1},
	year = {2004}}

@article{sokol2013first,
	author = {Sokol, Daniel K},
	journal = {Bmj},
	publisher = {British Medical Journal Publishing Group},
	title = {``First do no harm'' revisited},
	volume = {347},
	year = {2013}}

@inproceedings{ma2018entire,
	author = {Ma, Xiao and Zhao, Liqin and Huang, Guan and Wang, Zhi and Hu, Zelin and Zhu, Xiaoqiang and Gai, Kun},
	booktitle = {The 41st International ACM SIGIR Conference on Research \& Development in Information Retrieval},
	pages = {1137--1140},
	title = {Entire space multi-task model: An effective approach for estimating post-click conversion rate},
	year = {2018}}

@inproceedings{Multi_IPW,
	author = {Wenhao Zhang and Wentian Bao and Xiao{-}Yang Liu and Keping Yang and Quan Lin and Hong Wen and Ramin Ramezani},
	booktitle = {WWW},
	title = {Large-scale Causal Approaches to Debiasing Post-click Conversion Rate Estimation with Multi-task Learning},
	year = {2020}}

@book{pearl2009causality,
	author = {Pearl, Judea},
	publisher = {Cambridge university press},
	title = {Causality},
	year = {2009}}


@book{Bareinboim-etal2022,
	author = {Elias Bareinboim and Juan D. Correa and Duligur Ibeling and Thomas Icard},
	publisher = {ACM},
	title = {On Pearl’s Hierarchy and the Foundations of Causal Inference},
	year = {2022}}



@inproceedings{wang2022escm,
	author = {Wang, Hao and Chang, Tai-Wei and Liu, Tianqiao and Huang, Jianmin and Chen, Zhichao and Yu, Chao and Li, Ruopeng and Chu, Wei},
	booktitle = {SIGIR},
	title = {E{S}{C}{M}$^2$: Entire Space Counterfactual Multi-Task Model for Post-Click Conversion Rate Estimation},
	year = {2022}}
