@inproceedings{hardalov2022few,
  title={{Few-shot Cross-lingual Stance Detection with Sentiment Pre-training}},
  author={Hardalov, M. and Arora, A. and Nakov, P. and Augenstein, I.},
  booktitle={AAAI},
  volume={36},
  number={10},
  pages={10729--10737},
  year={2022}
}
@article{gandhmal2019systematic,
  title={Systematic analysis and review of stock market prediction techniques},
  author={Gandhmal, Dattatray P and Kumar, Kannan},
  journal={Computer Science Review},
  volume={34},
  pages={100190},
  year={2019},
  publisher={Elsevier}
}
@article{nalepa2019data,
  title={Data augmentation for brain-tumor segmentation: a review},
  author={Nalepa, Jakub and Marcinkiewicz, Michal and Kawulok, Michal},
  journal={Frontiers in computational neuroscience},
  volume={13},
  pages={83},
  year={2019},
  publisher={Frontiers Media SA}
}
@article{bansal2022systematic,
  title={A systematic review on data scarcity problem in deep learning: solution and applications},
  author={Bansal, Ms Aayushi and Sharma, Dr Rewa and Kathuria, Dr Mamta},
  journal={ACM Computing Surveys (CSUR)},
  volume={54},
  number={10s},
  pages={1--29},
  year={2022},
  publisher={ACM New York, NY}
}
@article{zhu2020application,
  title={The application of deep learning in cancer prognosis prediction},
  author={Zhu, Wan and Xie, Longxiang and Han, Jianye and Guo, Xiangqian},
  journal={Cancers},
  volume={12},
  number={3},
  pages={603},
  year={2020},
  publisher={MDPI}
}
@inproceedings{lou2022research,
  title={Research on relationship extraction for constructing knowledge graphs},
  author={Lou, Chang and Jia, Xiaoxia and Xia, Xiaokai},
  booktitle={5th International Conference on Computer Information Science and Application Technology (CISAT 2022)},
  volume={12451},
  pages={472--480},
  year={2022},
  organization={SPIE}
}
@article{zhao2023survey,
  title={A survey of large language models},
  author={Zhao, Wayne Xin and Zhou, Kun and Li, Junyi and Tang, Tianyi and Wang, Xiaolei and Hou, Yupeng and Min, Yingqian and Zhang, Beichen and Zhang, Junjie and Dong, Zican and others},
  journal={arXiv preprint arXiv:2303.18223},
  year={2023}
}
@inproceedings{fang2021guided,
  title={Guided Attention Network for Concept Extraction.},
  author={Fang, Songtao and Huang, Zhenya and He, Ming and Tong, Shiwei and Huang, Xiaoqing and Liu, Ye and Huang, Jie and Liu, Qi},
  booktitle={IJCAI},
  pages={1449--1455},
  year={2021}
}
@article{zhao2021neural,
  title={A neural topic model with word vectors and entity vectors for short texts},
  author={Zhao, Xiaowei and Wang, Deqing and Zhao, Zhengyang and Liu, Wei and Lu, Chenwei and Zhuang, Fuzhen},
  journal={Information Processing \& Management},
  volume={58},
  number={2},
  pages={102455},
  year={2021},
  publisher={Elsevier}
}
@article{cheng2014btm,
  title={Btm: Topic modeling over short texts},
  author={Cheng, Xueqi and Yan, Xiaohui and Lan, Yanyan and Guo, Jiafeng},
  journal={IEEE Transactions on Knowledge and Data Engineering},
  volume={26},
  number={12},
  pages={2928--2941},
  year={2014},
  publisher={IEEE}
}
@article{vorontsov2015additive,
  title={Additive regularization of topic models},
  author={Vorontsov, Konstantin and Potapenko, Anna},
  journal={Machine Learning},
  volume={101},
  pages={303--323},
  year={2015},
  publisher={Springer}
}
@inproceedings{macdonald2020neural,
  title={Neural relation extraction on wikipedia tables for augmenting knowledge graphs},
  author={Macdonald, Erin and Barbosa, Denilson},
  booktitle={Proceedings of the 29th ACM International Conference on Information \& Knowledge Management},
  pages={2133--2136},
  year={2020}
}
@article{spratling2017review,
  title={A review of predictive coding algorithms},
  author={Spratling, Michael W},
  journal={Brain and cognition},
  volume={112},
  pages={92--97},
  year={2017},
  publisher={Elsevier}
}
@article{zhang2023investigating,
  title={Investigating chain-of-thought with chatgpt for stance detection on social media},
  author={Zhang, Bowen and Fu, Xianghua and Ding, Daijun and Huang, Hu and Li, Yangyang and Jing, Liwen},
  journal={arXiv preprint arXiv:2304.03087},
  year={2023}
}
@article{nickel2015review,
  title={A review of relational machine learning for knowledge graphs},
  author={Nickel, Maximilian and Murphy, Kevin and Tresp, Volker and Gabrilovich, Evgeniy},
  journal={Proceedings of the IEEE},
  volume={104},
  number={1},
  pages={11--33},
  year={2015},
  publisher={IEEE}
}
@inproceedings{li2021improving,
  title={{Improving Stance Detection with Multi-dataset Learning and Knowledge Distillation}},
  author={Li, Y. and Zhao, C. and Caragea, C.},
  booktitle={EMNLP},
  pages={6332--6345},
  year={2021}
}

@article{schiller2021stance,
  title={{Stance Detection Benchmark: How Robust is Your Stance Detection?}},
  author={Schiller, B. and Daxenberger, J. and Gurevych, I.},
  journal={KI-K{\"u}nstliche Intelligenz},
  pages={1--13},
  year={2021},
  publisher={Springer}
}

@article{gilardi2023chatgpt,
  title={{ChatGPT Outperforms Crowd-workers for Text-Annotation Tasks}},
  author={Gilardi, F. and Alizadeh, M. and Kubli, M.},
  journal={arXiv preprint},
  note={arXiv:2303.15056},
  year={2023}
}

@article{lai2020brexit,
  title={{\#Brexit: Leave or Remain? The Role of User’s Community in Stance Detection}},
  author={Lai, M. and Patti, V. and Ruffo, G. and Rosso, P.},
  journal={J. Intell. \& Fuzzy Syst.},
  volume={39},
  number={2},
  pages={2341--2352},
  year={2020},
  publisher={IOS Press}
}

@article{pamungkas2019stance,
  title={{Stance Classification for Rumour Analysis in Twitter: Exploiting Affective Information and Conversation Structure}},
  author={Pamungkas, E. W. and Basile, V. and Patti, V.},
  journal={arXiv preprint},
  note={arXiv:1901.01911},
  year={2019}
}

@article{hardalov2021cross,
  title={{Cross-domain Label-adaptive Stance Detection}},
  author={Hardalov, M. and Arora, A. and Nakov, P. and Augenstein, I.},
  journal={arXiv preprint},
  note={arXiv:2104.07467},
  year={2021}
}

@article{mohammad2017stance,
  title={{Stance and Sentiment in Tweets}},
  author={Mohammad, S. M. and Sobhani, P. and Kiritchenko, S.},
  journal={ACM TOIT},
  volume={17},
  number={3},
  pages={1--23},
  year={2017},
  publisher={ACM}
}

@article{aldayel2019your,
  title={{Your Stance is Exposed! Analysing Factors for Stance Detection on Social Media}},
  author={Aldayel, A. and Magdy, W.},
  journal={Proc. ACM Hum.-Comput. Interact.},
  volume={3},
  number={CSCW},
  pages={1--20},
  year={2019},
  publisher={ACM}
}

@inproceedings{hacohen2017stance,
  title={{Stance Classification with Skip Char ngrams}},
  author={HaCohen-Kerner, Y. and Ziv, I. and Ya’akobov, R.},
  booktitle={ECML PKDD},
  pages={266--278},
  year={2017},
  publisher={Springer}
}

@inproceedings{lai2017itacos,
  title={{ITACOS at IberEval2017: Stance Detection in Catalan and Spanish Tweets}},
  author={Lai, M. and Cignarella, A. T. and Farias, D. I.},
  booktitle={CEUR Workshop Proc.},
  volume={1881},
  pages={185--192},
  year={2017},
  publisher={CEUR-WS}
}

@article{aker2017simple,
  title={{Simple Stance Classification for Rumour Analysis}},
  author={Aker, A. and Derczynski, L. and Bontcheva, K.},
  journal={arXiv preprint},
  note={arXiv:1708.05286},
  year={2017}
}

@inproceedings{bahuleyan2017uwaterloo,
  title={{UWaterloo at SemEval-2017 Task 8: Rumour Stance Detection with Topic Independent Features}},
  author={Bahuleyan, H. and Vechtomova, O.},
  booktitle={SemEval},
  pages={461--464},
  year={2017}
}
@article{conforti2020will,
  title={Will-they-won't-they: A very large dataset for stance detection on twitter},
  author={Conforti, Costanza and Berndt, Jakob and Pilehvar, Mohammad Taher and Giannitsarou, Chryssi and Toxvaerd, Flavio and Collier, Nigel},
  journal={arXiv preprint arXiv:2005.00388},
  year={2020}
}
@article{aldayel2021stance,
  title={Stance detection on social media: State of the art and trends},
  author={AlDayel, Abeer and Magdy, Walid},
  journal={Information Processing \& Management},
  volume={58},
  number={4},
  pages={102597},
  year={2021},
  publisher={Elsevier}
}
@inproceedings{speer2017conceptnet,
  title={Conceptnet 5.5: An open multilingual graph of general knowledge},
  author={Speer, Robyn and Chin, Joshua and Havasi, Catherine},
  booktitle={AAAI},
  volume={31},
  number={1},
  year={2017}
}
@article{paulheim2017knowledge,
  title={Knowledge graph refinement: A survey of approaches and evaluation methods},
  author={Paulheim, Heiko},
  journal={Semantic web},
  volume={8},
  number={3},
  pages={489--508},
  year={2017},
  publisher={IOS Press}
}
@article{wang2023boosting,
  title={Boosting In-Context Learning with Factual Knowledge},
  author={Wang, Jianing and Wang, Chengyu and Tan, Chuanqi and Huang, Jun and Gao, Ming},
  journal={arXiv preprint arXiv:2309.14771},
  year={2023}
}
@inproceedings{auer2007dbpedia,
  title={DBpedia: A nucleus for a web of open data},
  author={Auer, S{\"o}ren et al.},
  booktitle={ISWC},
  pages={722--735},
  year={2007},
  organization={Springer}
}

@inproceedings{liu2021enhancing,
  title={Enhancing zero-shot and few-shot stance detection with commonsense knowledge graph},
  author={Liu, Rui and Lin, Zheng and Tan, Yutong and Wang, Weiping},
  booktitle={ACL-IJCNLP 2021},
  pages={3152--3157},
  year={2021}
}
@inproceedings{xuan2019rumor,
  title={{Rumor Stance Classification with Machine Learning Using Text, User and Propagation Features}},
  author={Xuan, K. and Xia, R.},
  booktitle={ICDMW},
  pages={560--566},
  year={2019},
  publisher={IEEE}
}

@article{al2021novel,
  title={{A Novel Approach to Stance Detection in Tweets by Fusing Ranked Lists and Sentiments}},
  author={Al-Ghadir, A. I. and Azmi, A. M. and Hussain, A.},
  journal={Inf. Fusion},
  volume={67},
  pages={29--40},
  year={2021},
  publisher={Elsevier}
}


@inproceedings{sun2019learning,
  title={{Learning Stance Classification with Recurrent Neural Capsule Network}},
  author={Sun, L. and Li, X. and Zhang, B. and Ye, Y. and Xu, B.},
  booktitle={NLPCC},
  pages={277--289},
  year={2019},
  publisher={Springer}
}

@inproceedings{poddar2018predicting,
  title={{Predicting Stances in Twitter Conversations for Rumour Veracity Detection: A Neural Approach}},
  author={Poddar, L. and Hsu, W. and Lee, M. L. and Subramaniyam, S.},
  booktitle={ICTAI},
  pages={65--72},
  year={2018},
  publisher={IEEE}
}

@article{borges2019combining,
  title={{Combining Similarity Features and Deep Learning for Stance Detection}},
  author={Borges, L. and Martins, B. and Calado, P.},
  journal={JDIQ},
  volume={11},
  number={3},
  pages={1--26},
  year={2019}
}

@article{naab2017studies,
  title={{Studies of User-Generated Content: A Systematic Review}},
  author={Naab, T. K. and Sehl, A.},
  journal={Journalism},
  volume={18},
  number={10},
  pages={1256--1273},
  year={2017}
}

@article{dai2022promptagator,
  title={{Promptagator: Few-Shot Dense Retrieval}},
  author={Dai, Z. and Zhao, V. Y. and Ma, J. and Luan, Y. and Ni, J. and Lu, J. and Bakalov, A. and Guu, K. and Hall, K. B. and Chang, M.-W.},
  journal={arXiv preprint},
  note={arXiv:2209.11755},
  year={2022}
}

@inproceedings{zhang2023task,
  title={{Task-Specific Data Augmentation for Zero-shot and Few-shot Stance Detection}},
  author={Zhang, J. and Wu, S. and Zhang, X. and Feng, Z.},
  booktitle={ACM Web Conf. 2023},
  pages={160--163},
  year={2023}
}

@article{kuccuk2020stance,
  title={{Stance Detection: A Survey}},
  author={K{\"u}{\c{c}}{\"u}k, D. and Can, F.},
  journal={ACM CSUR},
  volume={53},
  number={1},
  pages={1--37},
  year={2020}
}

@article{liu2021makes,
  title={{What Makes Good In-Context Examples for GPT-3?}},
  author={Liu, J. and Shen, D. and Zhang, Y. and Dolan, B. and Carin, L. and Chen, W.},
  journal={arXiv preprint},
  note={arXiv:2101.06804},
  year={2021}
}

@inproceedings{li2021p,
  title={{P-Stance: A Large Dataset for Stance Detection in Political Domain}},
  author={Li, Y. and Sosea, T. and Sawant, A. and Nair, A. J. and Inkpen, D. and Caragea, C.},
  booktitle={ACL-IJCNLP Findings},
  pages={2355--2365},
  year={2021}
}

@article{huang2023survey,
  title={{A Survey on Hallucination in LLMs: Principles, Taxonomy, and Challenges}},
  author={Huang, L. et al.},
  journal={arXiv preprint},
  note={arXiv:2311.05232},
  year={2023}
}

@inproceedings{agrawal2003mining,
  title={{Mining Newsgroups Using Social Behavior Networks}},
  author={Agrawal, R. and Rajagopalan, S. and Srikant, R. and Xu, Y.},
  booktitle={WWW},
  pages={529--535},
  year={2003}
}

@article{augenstein2016stance,
  title={{Stance Detection with Bidirectional Conditional Encoding}},
  author={Augenstein, I. and Rockt{\"a}schel, T. and Vlachos, A. and Bontcheva, K.},
  journal={arXiv preprint},
  note={arXiv:1606.05464},
  year={2016}
}

@article{chen2016utcnn,
  title={{UTCNN: Deep Learning Model of Stance Classification on Social Media Text}},
  author={Chen, W.-F. and Ku, L.-W.},
  journal={arXiv preprint},
  note={arXiv:1611.03599},
  year={2016}
}


@inproceedings{somasundaran2010recognizing,
  title={{Recognizing Stances in Ideological Online Debates}},
  author={Somasundaran, S. and Wiebe, J.},
  booktitle={NAACL HLT Workshop},
  pages={116--124},
  year={2010}
}

@inproceedings{addawood2017stance,
  title={{Stance Classification in Twitter Debates: The Encryption Debate}},
  author={Addawood, A. and Schneider, J. and Bashir, M.},
  booktitle={Int. Conf. on Social Media \& Society},
  pages={1--10},
  year={2017}
}

@article{devlin2018bert,
  title={{BERT: Pre-training of Deep Bidirectional Transformers}},
  author={Devlin, J. and Chang, M.-W. and Lee, K. and Toutanova, K.},
  journal={arXiv preprint},
  note={arXiv:1810.04805},
  year={2018}
}

@article{conneau2019unsupervised,
  title={{Unsupervised Cross-lingual Representation Learning at Scale}},
  author={Conneau, A. et al.},
  journal={arXiv preprint},
  note={arXiv:1911.02116},
  year={2019}
}

@inproceedings{dey2018topical,
  title={{Topical Stance Detection for Twitter: Two-phase LSTM Model Using Attention}},
  author={Dey, K. and Shrivastava, R. and Kaushik, S.},
  booktitle={ECIR},
  pages={529--536},
  year={2018}
}

@article{sun2019stance,
  title={{Stance Detection via Sentiment Information and Neural Networks}},
  author={Sun, Q. and Wang, Z. and Li, S. and Zhu, Q. and Zhou, G.},
  journal={Front. Comput. Sci.},
  volume={13},
  pages={127--138},
  year={2019}
}

@inproceedings{wei2018multi,
  title={{Multi-target Stance Detection via Dynamic Memory-Augmented Network}},
  author={Wei, P. and Lin, J. and Mao, W.},
  booktitle={SIGIR},
  pages={1229--1232},
  year={2018}
}
@inproceedings{liang2022jointcl,
  title={{JointCL: Joint Contrastive Learning Framework for Zero-shot Stance Detection}},
  author={Liang, B. et al.},
  booktitle={ACL},
  pages={81--91},
  year={2022}
}

@inproceedings{mohammad2016semeval,
  title={{SemEval-2016 Task 6: Detecting Stance in Tweets}},
  author={Mohammad, S. et al.},
  booktitle={SemEval},
  pages={31--41},
  year={2016}
}

@inproceedings{chen2016xgboost,
  title={{XGBoost: A Scalable Tree Boosting System}},
  author={Chen, T. and Guestrin, C.},
  booktitle={KDD},
  pages={785--794},
  year={2016}
}

@incollection{xu2016overview,
  title={{Overview of NLPCC Shared Task 4: Stance Detection in Chinese Microblogs}},
  author={Xu, R. et al.},
  booktitle={NLUIA},
  pages={907--916},
  year={2016},
  publisher={Springer}
}

@inproceedings{li2017deep,
  title={{Deep Memory Networks for Attitude Identification}},
  author={Li, C. and Guo, X. and Mei, Q.},
  booktitle={WSDM},
  pages={671--680},
  year={2017}
}

@article{alturayeif2023systematic,
  title={{Systematic Review of ML Techniques for Stance Detection and Applications}},
  author={Alturayeif, N. et al.},
  journal={Neural Comput. Appl.},
  volume={35},
  number={7},
  pages={5113--5144},
  year={2023},
  publisher={Springer}
}

@inproceedings{ghanem2018stance,
  title={{Stance Detection in Fake News: Combined Feature Representation}},
  author={Ghanem, B. et al.},
  booktitle={FEVER},
  pages={66--71},
  year={2018}
}

@inproceedings{mohammad2016dataset,
  title={{Dataset for Detecting Stance in Tweets}},
  author={Mohammad, S. et al.},
  booktitle={LREC},
  pages={3945--3952},
  year={2016}
}

@inproceedings{sobhani2017dataset,
  title={{Dataset for Multi-target Stance Detection}},
  author={Sobhani, P. et al.},
  booktitle={EACL},
  pages={551--557},
  year={2017}
}

@article{huang2021balancing,
  title={{Balancing Methods for Multi-label Text Classification}},
  author={Huang, Y. et al.},
  journal={arXiv preprint},
  note={arXiv:2109.04712},
  year={2021}
}

@inproceedings{pontiki2016semeval,
  title={{SemEval-2016 Task 5: Aspect Based Sentiment Analysis}},
  author={Pontiki, M. et al.},
  booktitle={SemEval},
  pages={19--30},
  year={2016}
}

@article{chinese-bert-wwm,
  title={{Pre-Training with Whole Word Masking for Chinese BERT}},
  author={Cui, Y. et al.},
  journal={arXiv preprint},
  note={arXiv:1906.08101},
  year={2019}
}

@inproceedings{dimosthenis-etal-2022-twitter,
  title={{Twitter Topic Classification}},
  author={Antypas, D. et al.},
  booktitle={COLING},
  year={2022}
}

@inproceedings{lin-etal-2021-bertgcn,
  title={{BERTGCN: Transductive Text Classification by Combining GNN and BERT}},
  author={Lin, Y. et al.},
  booktitle={ACL-IJCNLP Findings},
  pages={1456--1462},
  year={2021}
}

@article{zhang2022would,
  title={{Future of Stance Detection Techniques Post ChatGPT}},
  author={Zhang, B. and Ding, D. and Jing, L.},
  journal={arXiv preprint},
  note={arXiv:2212.14548},
  year={2022}
}

@article{schick2020exploiting,
  title={{Exploiting Cloze Questions for Few-Shot Text Classification and NLI}},
  author={Schick, T. and Sch{\"u}tze, H.},
  journal={arXiv preprint},
  note={arXiv:2001.07676},
  year={2020}
}

@article{hochreiter1997long,
  title={{LSTM}},
  author={Hochreiter, S. and Schmidhuber, J.},
  journal={Neural Comput.},
  volume={9},
  number={8},
  pages={1735--1780},
  year={1997},
  publisher={MIT Press}
}

@inproceedings{wallach2006topic,
  title={{Beyond Bag-of-Words: Topic Modeling}},
  author={Wallach, H. M.},
  booktitle={ICML},
  pages={977--984},
  year={2006}
}

@article{liu2019roberta,
  title={{RoBERTa}},
  author={Liu, Y. et al.},
  journal={arXiv preprint},
  note={arXiv:1907.11692},
  year={2019}
}

@article{yang2019xlnet,
  title={{XLNet}},
  author={Yang, Z. et al.},
  journal={NeurIPS},
  volume={32},
  year={2019}
}

@inproceedings{du2022glm,
  title={{GLM: Autoregressive Blank Infilling}},
  author={Du, Z. et al.},
  booktitle={ACL},
  pages={320--335},
  year={2022}
}

@article{touvron2023llama,
  title={{Llama: Open and Efficient Foundation LMs}},
  author={Touvron, H. et al.},
  journal={arXiv preprint},
  note={arXiv:2302.13971},
  year={2023}
}

@article{biber1988adverbial,
  title={{Adverbial Stance Types in English}},
  author={Biber, D. and Finegan, E.},
  journal={Discourse Process.},
  volume={11},
  number={1},
  pages={1--34},
  year={1988},
  publisher={Taylor \& Francis}
}

@article{liu2019assessing,
  title={Assessing product competitive advantages from the perspective of customers by mining user-generated content on social media},
  author={Liu, Yao and Jiang, Cuiqing and Zhao, Huimin},
  journal={Decision Support Systems},
  volume={123},
  pages={113079},
  year={2019},
  publisher={Elsevier}
}

@article{he2022infusing,
  title={Infusing knowledge from wikipedia to enhance stance detection},
  author={He, Zihao and Mokhberian, Negar and Lerman, Kristina},
  journal={arXiv preprint arXiv:2204.03839},
  year={2022}
}



@article{achiam2023gpt,
  title={Gpt-4 technical report},
  author={Achiam, Josh and Adler, Steven and Agarwal, Sandhini and Ahmad, Lama and Akkaya, Ilge and Aleman, Florencia Leoni and Almeida, Diogo and Altenschmidt, Janko and Altman, Sam and Anadkat, Shyamal and others},
  journal={arXiv preprint arXiv:2303.08774},
  year={2023}
}


@article{shin2020autoprompt,
  title={Autoprompt: Eliciting knowledge from language models with automatically generated prompts},
  author={Shin, Taylor and Razeghi, Yasaman and Logan IV, Robert L and Wallace, Eric and Singh, Sameer},
  journal={arXiv preprint arXiv:2010.15980},
  year={2020}
}

@article{narangajavana2019user,
  title={User-generated content sources in social media: A new approach to explore tourist satisfaction},
  author={Narangajavana Kaosiri, Yeamduan and Callarisa Fiol, Luis Jos{\'e} and Moliner Tena, Miguel {\'A}ngel and Rodr{\'\i}guez Artola, Rosa Mar{\'\i}a and S{\'a}nchez Garc{\'\i}a, Javier},
  journal={Journal of Travel Research},
  volume={58},
  number={2},
  pages={253--265},
  year={2019},
  publisher={Sage Publications Sage CA: Los Angeles, CA}
}

@inproceedings{li2023tts,
  title={{TTS: Target-based Teacher-Student Framework for Zero-Shot Stance Detection}},
  author={Li, Y. et al.},
  booktitle={ACM Web Conf. 2023},
  pages={1500--1509},
  year={2023}
}

@misc{vicuna2023,
  title={{Vicuna: An Open-Source Chatbot}},
  url={https://lmsys.org/blog/2023-03-30-vicuna/},
  author={Chiang, W.-L. et al.},
  year={2023},
  month={Mar}
}


@inproceedings{yang2020tweet,
  title={{Tweet Stance Detection: A Two-stage DC-BILSTM Model}},
  author={Yang, Y. et al.},
  booktitle={IEEE DSC},
  pages={22--29},
  year={2020}
}

@inproceedings{sun2023topic,
  title={{Topic-Aware Contrastive Learning for Stance Detection}},
  author={Sun, Y. et al.},
  booktitle={CIKM},
  pages={2362--2371},
  year={2023}
}

@inproceedings{jiang2022few,
  title={{Few-shot Stance Detection via Target-aware Prompt Distillation}},
  author={Jiang, Y. et al.},
  booktitle={SIGIR},
  pages={837--847},
  year={2022}
}

@inproceedings{nguyen2020bertweet,
  title={{BERTweet: Pre-trained LM for English Tweets}},
  author={Nguyen, D. Q. et al.},
  booktitle={EMNLP: System Demonstrations},
  pages={9--14},
  year={2020}
}

@inproceedings{xue2018aspect,
  title={{Aspect-Based Sentiment Analysis with Gated CNNs}},
  author={Xue, W. and Li, T.},
  booktitle={ACL},
  pages={2514--2523},
  year={2018}
}

@article{huang2019parameterized,
  title={{Parameterized CNNs for Aspect-Level Sentiment Classification}},
  author={Huang, B. and Carley, K. M.},
  journal={arXiv preprint},
  note={arXiv:1909.06276},
  year={2019}
}

@inproceedings{allaway2020zero,
  title={Zero-Shot Stance Detection: A Dataset and Model using Generalized Topic Representations},
  author={Allaway, Emily and Mckeown, Kathleen},
  booktitle={EMNLP 2020},
  pages={8913--8931},
  year={2020}
}

@inproceedings{li2023stance,
  title={Stance detection on social media with background knowledge},
  author={Li, Ang and Liang, Bin and Zhao, Jingqian and Zhang, Bowen and Yang, Min and Xu, Ruifeng},
  booktitle={EMNLP 2023},
  pages={15703--15717},
  year={2023}
}

@article{li2024mitigating,
  title={Mitigating Biases of Large Language Models in Stance Detection with Calibration},
  author={Li, Ang and Zhao, Jingqian and Liang, Bin and Gui, Lin and Wang, Hui and Zeng, Xi and Wong, Kam-Fai and Xu, Ruifeng},
  journal={arXiv preprint arXiv:2402.14296},
  year={2024}
}


@inproceedings{lan2024stance,
  title={Stance detection with collaborative role-infused llm-based agents},
  author={Lan, Xiaochong and Gao, Chen and Jin, Depeng and Li, Yong},
  booktitle={AAAI 2024},
  volume={18},
  pages={891--903},
  year={2024}
}




@inproceedings{bge-m3,
  title={M3-embedding: Multi-linguality, multi-functionality, multi-granularity text embeddings through self-knowledge distillation},
  author={Chen, Jianlyu and Xiao, Shitao and Zhang, Peitian et al.},
  booktitle={Findings of ACL 2024},
  pages={2318--2335},
  year={2024}
}


@article{allaway2021adversarial,
  title={Adversarial learning for zero-shot stance detection on social media},
  author={Allaway, Emily and Srikanth, Malavika and McKeown, Kathleen},
  journal={arXiv preprint arXiv:2105.06603},
  year={2021}
}

@inproceedings{liang2022zero,
  title={Zero-shot stance detection via contrastive learning},
  author={Liang, Bin et al.},
  booktitle={WWW},
  pages={2738--2747},
  year={2022}
}



@inproceedings{zhu2022enhancing,
  title={Enhancing zero-shot stance detection via targeted background knowledge},
  author={Zhu, Qinglin and Liang, Bin and Sun, Jingyi and Du, Jiachen and Zhou, Lanjun and Xu, Ruifeng},
  booktitle={ACM SIGIR},
  pages={2070--2075},
  year={2022}
}

@article{zhang2023logically,
  title={A Logically Consistent Chain-of-Thought Approach for Stance Detection},
  author={Zhang, Bowen and Ding, Daijun and Jing, Liwen and Huang, Hu},
  journal={arXiv preprint arXiv:2312.16054},
  year={2023}
}

@article{cruickshank2023use,
  title={Use of large language models for stance classification},
  author={Cruickshank, Iain J and Xian Ng, Lynnette Hui},
  journal={arXiv e-prints},
  pages={arXiv--2309},
  year={2023}
}