@inproceedings{aly2019hierarchical,
  title={{Hierarchical Multi-label Text Classification with Capsule Networks}},
  author={Aly, R. and Remus, S. and Biemann, C.},
  booktitle={ACL SRW},
  pages={323--330},
  year={2019}
}

@inproceedings{Beltagy2019SciBERT,
  title={{SciBERT: Pretrained LM for Scientific Text}},
  author={Beltagy, I. and Lo, K. and Cohan, A.},
  booktitle={EMNLP},
  note={arXiv:1903.10676},
  year={2019}
}

@inproceedings{chen2021hierarchy,
  title={{Hierarchy-aware Label Semantics Matching Network for HTC}},
  author={Chen, H. and Ma, Q. and Lin, Z. and Yan, J.},
  booktitle={ACL/IJCNLP},
  pages={4370--4379},
  year={2021}
}

@inproceedings{cui2019class,
  title={{Class-balanced Loss Based on Effective Number of Samples}},
  author={Cui, Y. and Jia, M. and Lin, T.-Y. and Song, Y. and Belongie, S.},
  booktitle={CVPR},
  pages={9268--9277},
  year={2019}
}

@article{deng2021htcinfomax,
  title={{HTCInfoMax: Global Model for HTC via Information Maximization}},
  author={Deng, Z. and Peng, H. and He, D. and Li, J. and Yu, P. S.},
  journal={arXiv preprint},
  note={arXiv:2104.05220},
  year={2021}
}

@article{devlin2018bert,
  title={{BERT: Pre-training of Deep Bidirectional Transformers}},
  author={Devlin, J. and Chang, M.-W. and Lee, K. and Toutanova, K.},
  journal={arXiv preprint},
  note={arXiv:1810.04805},
  year={2018}
}

@inproceedings{gao2021simcse,
  title={SimCSE: Simple Contrastive Learning of Sentence Embeddings},
  author={Gao, Tianyu and Yao, Xingcheng and Chen, Danqi},
  booktitle={EMNLP 2021},
  pages={6894--6910},
  year={2021}
}


@inproceedings{huang2021balancing,
  title={Balancing Methods for Multi-label Text Classification with Long-Tailed Class Distribution},
  author={Huang, Yi and Giledereli, Buse and Köksal, Abdullatif and Özgür, Arzucan and Ozkirimli, Elif},
  booktitle={EMNLP},
  pages={8153--8161},
  year={2021}
}

@inproceedings{kowsari2017hdltex,
  title={{HDLTex: Hierarchical Deep Learning for Text Classification}},
  author={Kowsari, K. and Brown, D. E. and Heidarysafa, M. and Jafari Meimandi, K. and Gerber, M. S. and Barnes, L. E.},
  booktitle={ICMLA},
  pages={364--371},
  year={2017}
}

@article{lewis2004rcv1,
  title={{RCV1: New Benchmark for Text Categorization Research}},
  author={Lewis, D. D. and Yang, Y. and Rose, T. R. and Li, F.},
  journal={JMLR},
  volume={5},
  pages={361--397},
  year={2004}
}

@inproceedings{liu2022overview,
  title={{Overview of NLPCC2022: Multi-label Classification for Scientific Lit.}},
  author={Liu, M. and Zhang, H. and Tian, Y. and Zong, T. and Cai, B. and Xu, R. and Li, Y.},
  booktitle={NLPCC},
  pages={320--327},
  year={2022}
}

@inproceedings{liu2023enhancing,
  title={{Enhancing HTC via Knowledge Graph Integration}},
  author={Liu, Y. and Zhang, K. and Huang, Z. and Wang, K. and Zhang, Y. and Liu, Q. and Chen, E.},
  booktitle={ACL Findings},
  pages={5797--5810},
  year={2023}
}

@article{liu2019roberta,
  title={{RoBERTa: Robustly Optimized BERT Pretraining}},
  author={Liu, Y. and Ott, M. and Goyal, N. and Du, J. and Joshi, M. and Chen, D. and Levy, O. and Lewis, M. and Zettlemoyer, L. and Stoyanov, V.},
  journal={arXiv preprint},
  note={arXiv:1907.11692},
  year={2019}
}

@inproceedings{lu2022multi,
  title={{Multi-task Hierarchical Cross-Attention Network for Multi-label Text Class.}},
  author={Lu, J. and Zhang, H. and Shen, Z. and Shi, K. and Yang, L. and Xu, B. and Zhang, S. and Lin, H.},
  booktitle={NLPCC},
  pages={156--167},
  year={2022}
}


@inproceedings{mueller2022label,
  title={Label Semantic Aware Pre-training for Few-shot Text Classification},
  author={Mueller, Aaron and Krone, Jason and Romeo, Salvatore and Mansour, Saab and Mansimov, Elman and Zhang, Yi and Roth, Dan},
  booktitle={ACL},
  pages={8318--8334},
  year={2022}
}


@inproceedings{song2023peer,
  title={{Peer-Label Assisted HTC}},
  author={Song, J. and Wang, F. and Yang, Y.},
  booktitle={ACL},
  pages={3747--3758},
  year={2023}
}

@inproceedings{wang2022bit,
  title={{BIT-WOW at NLPCC-2022: Hierarchical Multi-label Classification via LAGCN}},
  author={Wang, B. and Lu, Y.-F. and Wei, X. and Liu, X. and Shi, G. and Yuan, C. and Huang, H. and Feng, C. and Mao, X.},
  booktitle={NLPCC},
  pages={192--203},
  year={2022}
}

@inproceedings{wang2022incorporating,
  title={Incorporating Hierarchy into Text Encoder: a Contrastive Learning Approach for Hierarchical Text Classification},
  author={Wang, Zihan and Wang, Peiyi and Huang, Lianzhe and Sun, Xin and Wang, Houfeng},
  booktitle={ACL},
  pages={7109--7119},
  year={2022}
}


@inproceedings{wang2022hpt,
  title={HPT: Hierarchy-aware Prompt Tuning for Hierarchical Text Classification},
  author={Wang, Zihan and Wang, Peiyi and Liu, Tianyu and Lin, Binghuai and Cao, Yunbo and Sui, Zhifang and Wang, Houfeng},
  booktitle={EMNLP},
  pages={3740--3751},
  year={2022}
}

@inproceedings{yu2022constrained,
  title={{Constrained Sequence-to-Tree Generation for HTC}},
  author={Yu, C. and Shen, Y. and Mao, Y.},
  booktitle={SIGIR},
  pages={1865--1869},
  year={2022}
}

@article{zangari2023hierarchical,
  title={{Hierarchical Text Classification: A Review of Current Research}},
  author={Zangari, A. and Marcuzzo, M. and Schiavinato, M. and Rizzo, M. and Gasparetto, A. and Albarelli, A. et al.},
  journal={Expert Syst. Appl.},
  volume={224},
  year={2023}
}

@article{zhang2023description,
  title={{Description-Enhanced Label Embedding Contrastive Learning for Text Class.}},
  author={Zhang, K. and Wu, L. and Lv, G. and Chen, E. and Ruan, S. and Liu, J. and Zhang, Z. and Zhou, J. and Wang, M.},
  journal={IEEE Trans. Neural Netw. Learn. Syst.},
  year={2023}
}

@inproceedings{zhao2022interactive,
  title={{Interactive Fusion Model for Hierarchical Multi-label Text Class.}},
  author={Zhao, X. and Li, Z. and Zhang, X. and Wang, J. and Chen, T. and Ju, Z. and Wang, C. and Zhang, C. and Zhan, Y.},
  booktitle={NLPCC},
  pages={168--178},
  year={2022}
}

@inproceedings{zhou2020hierarchy,
  title={{Hierarchy-aware Global Model for HTC}},
  author={Zhou, J. and Ma, C. and Long, D. and Xu, G. and Ding, N. and Zhang, H. and Xie, P. and Liu, G.},
  booktitle={ACL},
  pages={1106--1117},
  year={2020}
}

@inproceedings{xiao2021expert,
  title={Expert knowledge-guided length-variant hierarchical label generation for proposal classification},
  author={Xiao, Meng and Qiao, Ziyue and Fu, Yanjie and Du, Yi and Wang, Pengyang and Zhou, Yuanchun},
  booktitle={ICDM},
  pages={757--766},
  year={2021},
  organization={IEEE}
}