@article{avetisyan2024scenescript,
  title={SceneScript: Reconstructing Scenes With An Autoregressive Structured Language Model},
  author={Avetisyan, Armen and Xie, Christopher and Howard-Jenkins, Henry and Yang, Tsun-Yi and Aroudj, Samir and Patra, Suvam and Zhang, Fuyang and Frost, Duncan and Holland, Luke and Orme, Campbell and others},
  journal={arXiv preprint arXiv:2403.13064},
  year={2024}
}

@article{dai2022fully,
  title={Fully convolutional line parsing},
  author={Dai, Xili and Gong, Haigang and Wu, Shuai and Yuan, Xiaojun and Ma, Yi},
  journal={Neurocomputing},
  volume={506},
  pages={1--11},
  year={2022},
  publisher={Elsevier}
}

@inproceedings{howard2019thinking,
  title={Thinking outside the box: Generation of unconstrained 3d room layouts},
  author={Howard-Jenkins, Henry and Li, Shuda and Prisacariu, Victor},
  booktitle={Computer Vision--ACCV 2018: 14th Asian Conference on Computer Vision, Perth, Australia, December 2--6, 2018, Revised Selected Papers, Part I 14},
  pages={432--448},
  year={2019},
  organization={Springer}
}

@inproceedings{hu2022mvlayoutnet,
  title={MVLayoutNet: 3D layout reconstruction with multi-view panoramas},
  author={Hu, Zhihua and Duan, Bo and Zhang, Yanfeng and Sun, Mingwei and Huang, Jingwei},
  booktitle={Proceedings of the 30th ACM International Conference on Multimedia},
  pages={1289--1298},
  year={2022}
}

@inproceedings{huang2018holistic,
  title={Holistic 3d scene parsing and reconstruction from a single rgb image},
  author={Huang, Siyuan and Qi, Siyuan and Zhu, Yixin and Xiao, Yinxue and Xu, Yuanlu and Zhu, Song-Chun},
  booktitle={Proceedings of the European conference on computer vision (ECCV)},
  pages={187--203},
  year={2018}
}

@inproceedings{jin2021planar,
  title={Planar surface reconstruction from sparse views},
  author={Jin, Linyi and Qian, Shengyi and Owens, Andrew and Fouhey, David F},
  booktitle={Proceedings of the IEEE/CVF International Conference on Computer Vision},
  pages={12991--13000},
  year={2021}
}

@article{leroy2024grounding,
  title={Grounding Image Matching in 3D with MASt3R},
  author={Leroy, Vincent and Cabon, Yohann and Revaud, J{\'e}r{\^o}me},
  journal={arXiv preprint arXiv:2406.09756},
  year={2024}
}

@inproceedings{liu2018planenet,
  title={Planenet: Piece-wise planar reconstruction from a single rgb image},
  author={Liu, Chen and Yang, Jimei and Ceylan, Duygu and Yumer, Ersin and Furukawa, Yasutaka},
  booktitle={Proceedings of the IEEE Conference on Computer Vision and Pattern Recognition},
  pages={2579--2588},
  year={2018}
}

@inproceedings{liu2019planercnn,
  title={Planercnn: 3d plane detection and reconstruction from a single image},
  author={Liu, Chen and Kim, Kihwan and Gu, Jinwei and Furukawa, Yasutaka and Kautz, Jan},
  booktitle={Proceedings of the IEEE/CVF Conference on Computer Vision and Pattern Recognition},
  pages={4450--4459},
  year={2019}
}

@inproceedings{nie2020total3dunderstanding,
  title={Total3dunderstanding: Joint layout, object pose and mesh reconstruction for indoor scenes from a single image},
  author={Nie, Yinyu and Han, Xiaoguang and Guo, Shihui and Zheng, Yujian and Chang, Jian and Zhang, Jian Jun},
  booktitle={Proceedings of the IEEE/CVF Conference on Computer Vision and Pattern Recognition},
  pages={55--64},
  year={2020}
}

@inproceedings{pautrat2021sold2,
  title={SOLD2: Self-supervised occlusion-aware line description and detection},
  author={Pautrat, R{\'e}mi and Lin, Juan-Ting and Larsson, Viktor and Oswald, Martin R and Pollefeys, Marc},
  booktitle={Proceedings of the IEEE/CVF Conference on Computer Vision and Pattern Recognition},
  pages={11368--11378},
  year={2021}
}

@inproceedings{schoenberger2016mvs,
    author={Sch\"{o}nberger, Johannes Lutz and Zheng, Enliang and Pollefeys, Marc and Frahm, Jan-Michael},
    title={Pixelwise View Selection for Unstructured Multi-View Stereo},
    booktitle={European Conference on Computer Vision (ECCV)},
    year={2016},
}

@inproceedings{schoenberger2016sfm,
    author={Sch\"{o}nberger, Johannes Lutz and Frahm, Jan-Michael},
    title={Structure-from-Motion Revisited},
    booktitle={Conference on Computer Vision and Pattern Recognition (CVPR)},
    year={2016},
}

@inproceedings{stekovic2020general,
  title={General 3d room layout from a single view by render-and-compare},
  author={Stekovic, Sinisa and Hampali, Shreyas and Rad, Mahdi and Sarkar, Sayan Deb and Fraundorfer, Friedrich and Lepetit, Vincent},
  booktitle={Computer Vision--ECCV 2020: 16th European Conference, Glasgow, UK, August 23--28, 2020, Proceedings, Part XVI 16},
  pages={187--203},
  year={2020},
  organization={Springer}
}

@inproceedings{sun2019horizonnet,
  title={Horizonnet: Learning room layout with 1d representation and pano stretch data augmentation},
  author={Sun, Cheng and Hsiao, Chi-Wei and Sun, Min and Chen, Hwann-Tzong},
  booktitle={Proceedings of the IEEE/CVF Conference on Computer Vision and Pattern Recognition},
  pages={1047--1056},
  year={2019}
}

@inproceedings{sun2021hohonet,
  title={Hohonet: 360 indoor holistic understanding with latent horizontal features},
  author={Sun, Cheng and Sun, Min and Chen, Hwann-Tzong},
  booktitle={Proceedings of the IEEE/CVF Conference on Computer Vision and Pattern Recognition},
  pages={2573--2582},
  year={2021}
}

@inproceedings{wang2022psmnet,
  title={Psmnet: Position-aware stereo merging network for room layout estimation},
  author={Wang, Haiyan and Hutchcroft, Will and Li, Yuguang and Wan, Zhiqiang and Boyadzhiev, Ivaylo and Tian, Yingli and Kang, Sing Bing},
  booktitle={Proceedings of the IEEE/CVF Conference on Computer Vision and Pattern Recognition},
  pages={8616--8625},
  year={2022}
}

@inproceedings{wang2024dust3r,
  title={Dust3r: Geometric 3d vision made easy},
  author={Wang, Shuzhe and Leroy, Vincent and Cabon, Yohann and Chidlovskii, Boris and Revaud, Jerome},
  booktitle={Proceedings of the IEEE/CVF Conference on Computer Vision and Pattern Recognition},
  pages={20697--20709},
  year={2024}
}

@inproceedings{yang2022learning,
  title={Learning to reconstruct 3d non-cuboid room layout from a single rgb image},
  author={Yang, Cheng and Zheng, Jia and Dai, Xili and Tang, Rui and Ma, Yi and Yuan, Xiaojun},
  booktitle={Proceedings of the IEEE/CVF Winter Conference on Applications of Computer Vision},
  pages={2534--2543},
  year={2022}
}

@inproceedings{yu2019single,
  title={Single-image piece-wise planar 3d reconstruction via associative embedding},
  author={Yu, Zehao and Zheng, Jia and Lian, Dongze and Zhou, Zihan and Gao, Shenghua},
  booktitle={Proceedings of the IEEE/CVF Conference on Computer Vision and Pattern Recognition},
  pages={1029--1037},
  year={2019}
}

@inproceedings{yue2023connecting,
  title={Connecting the dots: Floorplan reconstruction using two-level queries},
  author={Yue, Yuanwen and Kontogianni, Theodora and Schindler, Konrad and Engelmann, Francis},
  booktitle={Proceedings of the IEEE/CVF Conference on Computer Vision and Pattern Recognition},
  pages={845--854},
  year={2023}
}

@inproceedings{zhou2019end,
  title={End-to-end wireframe parsing},
  author={Zhou, Yichao and Qi, Haozhi and Ma, Yi},
  booktitle={Proceedings of the IEEE/CVF International Conference on Computer Vision},
  pages={962--971},
  year={2019}
}

@inproceedings{zou2018layoutnet,
  title={Layoutnet: Reconstructing the 3d room layout from a single rgb image},
  author={Zou, Chuhang and Colburn, Alex and Shan, Qi and Hoiem, Derek},
  booktitle={Proceedings of the IEEE conference on computer vision and pattern recognition},
  pages={2051--2059},
  year={2018}
}

