@inproceedings{wang2024dust3r,
  title={Dust3r: Geometric 3d vision made easy},
  author={Wang, Shuzhe and Leroy, Vincent and Cabon, Yohann and Chidlovskii, Boris and Revaud, Jerome},
  booktitle={Proceedings of the IEEE/CVF Conference on Computer Vision and Pattern Recognition},
  pages={20697--20709},
  year={2024}
}

@inproceedings{zheng2020structured3d,
  title={Structured3d: A large photo-realistic dataset for structured 3d modeling},
  author={Zheng, Jia and Zhang, Junfei and Li, Jing and Tang, Rui and Gao, Shenghua and Zhou, Zihan},
  booktitle={Computer Vision--ECCV 2020: 16th European Conference, Glasgow, UK, August 23--28, 2020, Proceedings, Part IX 16},
  pages={519--535},
  year={2020},
  organization={Springer}
}
@inproceedings{yang2022learning,
  title={Learning to reconstruct 3d non-cuboid room layout from a single rgb image},
  author={Yang, Cheng and Zheng, Jia and Dai, Xili and Tang, Rui and Ma, Yi and Yuan, Xiaojun},
  booktitle={Proceedings of the IEEE/CVF Winter Conference on Applications of Computer Vision},
  pages={2534--2543},
  year={2022}
}

@inproceedings{stekovic2020general,
  title={General 3d room layout from a single view by render-and-compare},
  author={Stekovic, Sinisa and Hampali, Shreyas and Rad, Mahdi and Sarkar, Sayan Deb and Fraundorfer, Friedrich and Lepetit, Vincent},
  booktitle={Computer Vision--ECCV 2020: 16th European Conference, Glasgow, UK, August 23--28, 2020, Proceedings, Part XVI 16},
  pages={187--203},
  year={2020},
  organization={Springer}
}

@inproceedings{howard2019thinking,
  title={Thinking outside the box: Generation of unconstrained 3d room layouts},
  author={Howard-Jenkins, Henry and Li, Shuda and Prisacariu, Victor},
  booktitle={Computer Vision--ACCV 2018: 14th Asian Conference on Computer Vision, Perth, Australia, December 2--6, 2018, Revised Selected Papers, Part I 14},
  pages={432--448},
  year={2019},
  organization={Springer}
}

@inproceedings{ranftl2021vision,
  title={Vision transformers for dense prediction},
  author={Ranftl, Ren{\'e} and Bochkovskiy, Alexey and Koltun, Vladlen},
  booktitle={Proceedings of the IEEE/CVF international conference on computer vision},
  pages={12179--12188},
  year={2021}
}

@article{dosovitskiy2020image,
  title={An image is worth 16x16 words: Transformers for image recognition at scale},
  author={Dosovitskiy, Alexey and Beyer, Lucas and Kolesnikov, Alexander and Weissenborn, Dirk and Zhai, Xiaohua and Unterthiner, Thomas and Dehghani, Mostafa and Minderer, Matthias and Heigold, Georg and Gelly, Sylvain and others},
  journal={arXiv preprint arXiv:2010.11929},
  year={2020}
}

@inproceedings{jin2021planar,
  title={Planar surface reconstruction from sparse views},
  author={Jin, Linyi and Qian, Shengyi and Owens, Andrew and Fouhey, David F},
  booktitle={Proceedings of the IEEE/CVF International Conference on Computer Vision},
  pages={12991--13000},
  year={2021}
}

@article{avetisyan2024scenescript,
  title={SceneScript: Reconstructing Scenes With An Autoregressive Structured Language Model},
  author={Avetisyan, Armen and Xie, Christopher and Howard-Jenkins, Henry and Yang, Tsun-Yi and Aroudj, Samir and Patra, Suvam and Zhang, Fuyang and Frost, Duncan and Holland, Luke and Orme, Campbell and others},
  journal={arXiv preprint arXiv:2403.13064},
  year={2024}
}

@inproceedings{schoenberger2016sfm,
    author={Sch\"{o}nberger, Johannes Lutz and Frahm, Jan-Michael},
    title={Structure-from-Motion Revisited},
    booktitle={Conference on Computer Vision and Pattern Recognition (CVPR)},
    year={2016},
}

@inproceedings{schoenberger2016mvs,
    author={Sch\"{o}nberger, Johannes Lutz and Zheng, Enliang and Pollefeys, Marc and Frahm, Jan-Michael},
    title={Pixelwise View Selection for Unstructured Multi-View Stereo},
    booktitle={European Conference on Computer Vision (ECCV)},
    year={2016},
}

@inproceedings{liu20233d,
  title={3d line mapping revisited},
  author={Liu, Shaohui and Yu, Yifan and Pautrat, R{\'e}mi and Pollefeys, Marc and Larsson, Viktor},
  booktitle={Proceedings of the IEEE/CVF Conference on Computer Vision and Pattern Recognition},
  pages={21445--21455},
  year={2023}
}

@inproceedings{zhou2019end,
  title={End-to-end wireframe parsing},
  author={Zhou, Yichao and Qi, Haozhi and Ma, Yi},
  booktitle={Proceedings of the IEEE/CVF International Conference on Computer Vision},
  pages={962--971},
  year={2019}
}

@inproceedings{pautrat2021sold2,
  title={SOLD2: Self-supervised occlusion-aware line description and detection},
  author={Pautrat, R{\'e}mi and Lin, Juan-Ting and Larsson, Viktor and Oswald, Martin R and Pollefeys, Marc},
  booktitle={Proceedings of the IEEE/CVF Conference on Computer Vision and Pattern Recognition},
  pages={11368--11378},
  year={2021}
}

@article{dai2022fully,
  title={Fully convolutional line parsing},
  author={Dai, Xili and Gong, Haigang and Wu, Shuai and Yuan, Xiaojun and Ma, Yi},
  journal={Neurocomputing},
  volume={506},
  pages={1--11},
  year={2022},
  publisher={Elsevier}
}
@inproceedings{huang2018holistic,
  title={Holistic 3d scene parsing and reconstruction from a single rgb image},
  author={Huang, Siyuan and Qi, Siyuan and Zhu, Yixin and Xiao, Yinxue and Xu, Yuanlu and Zhu, Song-Chun},
  booktitle={Proceedings of the European conference on computer vision (ECCV)},
  pages={187--203},
  year={2018}
}

@inproceedings{nie2020total3dunderstanding,
  title={Total3dunderstanding: Joint layout, object pose and mesh reconstruction for indoor scenes from a single image},
  author={Nie, Yinyu and Han, Xiaoguang and Guo, Shihui and Zheng, Yujian and Chang, Jian and Zhang, Jian Jun},
  booktitle={Proceedings of the IEEE/CVF Conference on Computer Vision and Pattern Recognition},
  pages={55--64},
  year={2020}
}

@article{leroy2024grounding,
  title={Grounding Image Matching in 3D with MASt3R},
  author={Leroy, Vincent and Cabon, Yohann and Revaud, J{\'e}r{\^o}me},
  journal={arXiv preprint arXiv:2406.09756},
  year={2024}
}

@inproceedings{sun2019horizonnet,
  title={Horizonnet: Learning room layout with 1d representation and pano stretch data augmentation},
  author={Sun, Cheng and Hsiao, Chi-Wei and Sun, Min and Chen, Hwann-Tzong},
  booktitle={Proceedings of the IEEE/CVF Conference on Computer Vision and Pattern Recognition},
  pages={1047--1056},
  year={2019}
}

@inproceedings{yue2023connecting,
  title={Connecting the dots: Floorplan reconstruction using two-level queries},
  author={Yue, Yuanwen and Kontogianni, Theodora and Schindler, Konrad and Engelmann, Francis},
  booktitle={Proceedings of the IEEE/CVF Conference on Computer Vision and Pattern Recognition},
  pages={845--854},
  year={2023}
}

@inproceedings{liu2019planercnn,
  title={Planercnn: 3d plane detection and reconstruction from a single image},
  author={Liu, Chen and Kim, Kihwan and Gu, Jinwei and Furukawa, Yasutaka and Kautz, Jan},
  booktitle={Proceedings of the IEEE/CVF Conference on Computer Vision and Pattern Recognition},
  pages={4450--4459},
  year={2019}
}
@inproceedings{revaud2024sacreg,
  title={Sacreg: Scene-agnostic coordinate regression for visual localization},
  author={Revaud, Jerome and Cabon, Yohann and Br{\'e}gier, Romain and Lee, JongMin and Weinzaepfel, Philippe},
  booktitle={Proceedings of the IEEE/CVF Conference on Computer Vision and Pattern Recognition},
  pages={688--698},
  year={2024}
}

@inproceedings{sun2021hohonet,
  title={Hohonet: 360 indoor holistic understanding with latent horizontal features},
  author={Sun, Cheng and Sun, Min and Chen, Hwann-Tzong},
  booktitle={Proceedings of the IEEE/CVF Conference on Computer Vision and Pattern Recognition},
  pages={2573--2582},
  year={2021}
}

@article{zhang2024cameras,
  title={Cameras as rays: Pose estimation via ray diffusion},
  author={Zhang, Jason Y and Lin, Amy and Kumar, Moneish and Yang, Tzu-Hsuan and Ramanan, Deva and Tulsiani, Shubham},
  journal={arXiv preprint arXiv:2402.14817},
  year={2024}
}

@article{loshchilov2017decoupled,
  title={Decoupled weight decay regularization},
  author={Loshchilov, Ilya and Hutter, Frank},
  journal={arXiv preprint arXiv:1711.05101},
  year={2017}
}

@inproceedings{liu2018planenet,
  title={Planenet: Piece-wise planar reconstruction from a single rgb image},
  author={Liu, Chen and Yang, Jimei and Ceylan, Duygu and Yumer, Ersin and Furukawa, Yasutaka},
  booktitle={Proceedings of the IEEE Conference on Computer Vision and Pattern Recognition},
  pages={2579--2588},
  year={2018}
}

@inproceedings{yu2019single,
  title={Single-image piece-wise planar 3d reconstruction via associative embedding},
  author={Yu, Zehao and Zheng, Jia and Lian, Dongze and Zhou, Zihan and Gao, Shenghua},
  booktitle={Proceedings of the IEEE/CVF Conference on Computer Vision and Pattern Recognition},
  pages={1029--1037},
  year={2019}
}


@inproceedings{furukawa2009reconstructing,
  title={Reconstructing building interiors from images},
  author={Furukawa, Yasutaka and Curless, Brian and Seitz, Steven M and Szeliski, Richard},
  booktitle={2009 IEEE 12th international conference on computer vision},
  pages={80--87},
  year={2009},
  organization={IEEE}
}

@inproceedings{xu2023frozenrecon,
  title={Frozenrecon: Pose-free 3d scene reconstruction with frozen depth models},
  author={Xu, Guangkai and Yin, Wei and Chen, Hao and Shen, Chunhua and Cheng, Kai and Zhao, Feng},
  booktitle={2023 IEEE/CVF International Conference on Computer Vision (ICCV)},
  pages={9276--9286},
  year={2023},
  organization={IEEE}
}

@article{teed2021droid,
  title={Droid-slam: Deep visual slam for monocular, stereo, and rgb-d cameras},
  author={Teed, Zachary and Deng, Jia},
  journal={Advances in neural information processing systems},
  volume={34},
  pages={16558--16569},
  year={2021}
}
@inproceedings{sun2021neuralrecon,
  title={Neuralrecon: Real-time coherent 3d reconstruction from monocular video},
  author={Sun, Jiaming and Xie, Yiming and Chen, Linghao and Zhou, Xiaowei and Bao, Hujun},
  booktitle={Proceedings of the IEEE/CVF conference on computer vision and pattern recognition},
  pages={15598--15607},
  year={2021}
}

@article{newell2016stacked,
  title={Stacked hourglass networks for human pose estimation. CoRR abs/1603.06937 (2016)},
  author={Newell, Alejandro and Yang, Kaiyu and Deng, Jia},
  journal={arXiv preprint arXiv:1603.06937},
  year={2016}
}

@article{videoworldsimulators2024,
  title={Video generation models as world simulators},
  author={Tim Brooks and Bill Peebles and Connor Holmes and Will DePue and Yufei Guo and Li Jing and David Schnurr and Joe Taylor and Troy Luhman and Eric Luhman and Clarence Ng and Ricky Wang and Aditya Ramesh},
  year={2024},
  url={https://openai.com/research/video-generation-models-as-world-simulators},
}

@article{brown2020language,
  title={Language models are few-shot learners},
  author={Brown, Tom B},
  journal={arXiv preprint arXiv:2005.14165},
  year={2020}
}

@inproceedings{wang2022psmnet,
  title={Psmnet: Position-aware stereo merging network for room layout estimation},
  author={Wang, Haiyan and Hutchcroft, Will and Li, Yuguang and Wan, Zhiqiang and Boyadzhiev, Ivaylo and Tian, Yingli and Kang, Sing Bing},
  booktitle={Proceedings of the IEEE/CVF Conference on Computer Vision and Pattern Recognition},
  pages={8616--8625},
  year={2022}
}
@inproceedings{hu2022mvlayoutnet,
  title={MVLayoutNet: 3D layout reconstruction with multi-view panoramas},
  author={Hu, Zhihua and Duan, Bo and Zhang, Yanfeng and Sun, Mingwei and Huang, Jingwei},
  booktitle={Proceedings of the 30th ACM International Conference on Multimedia},
  pages={1289--1298},
  year={2022}
}
@article{mirowski2016learning,
  title={Learning to navigate in complex environments},
  author={Mirowski, Piotr and Pascanu, Razvan and Viola, Fabio and Soyer, Hubert and Ballard, Andrew J and Banino, Andrea and Denil, Misha and Goroshin, Ross and Sifre, Laurent and Kavukcuoglu, Koray and others},
  journal={arXiv preprint arXiv:1611.03673},
  year={2016}
}
@inproceedings{zou2018layoutnet,
  title={Layoutnet: Reconstructing the 3d room layout from a single rgb image},
  author={Zou, Chuhang and Colburn, Alex and Shan, Qi and Hoiem, Derek},
  booktitle={Proceedings of the IEEE conference on computer vision and pattern recognition},
  pages={2051--2059},
  year={2018}
}

@inproceedings{zhang2015large,
  title={Large-scale scene understanding challenge: Room layout estimation},
  author={Zhang, Yinda and Yu, Fisher and Song, Shuran and Xu, Pingmei and Seff, Ari and Xiao, Jianxiong},
  booktitle={CVPR Workshop},
  volume={3},
  year={2015}
}

@inproceedings{hedau2009recovering,
  title={Recovering the spatial layout of cluttered rooms},
  author={Hedau, Varsha and Hoiem, Derek and Forsyth, David},
  booktitle={2009 IEEE 12th international conference on computer vision},
  pages={1849--1856},
  year={2009},
  organization={IEEE}
}

@inproceedings{yang2019dula,
  title={Dula-net: A dual-projection network for estimating room layouts from a single rgb panorama},
  author={Yang, Shang-Ta and Wang, Fu-En and Peng, Chi-Han and Wonka, Peter and Sun, Min and Chu, Hung-Kuo},
  booktitle={Proceedings of the IEEE/CVF Conference on Computer Vision and Pattern Recognition},
  pages={3363--3372},
  year={2019}
}

@inproceedings{zhang2022relpose,
  title={Relpose: Predicting probabilistic relative rotation for single objects in the wild},
  author={Zhang, Jason Y and Ramanan, Deva and Tulsiani, Shubham},
  booktitle={European Conference on Computer Vision},
  pages={592--611},
  year={2022},
  organization={Springer}
}

@article{lin2023relpose++,
  title={Relpose++: Recovering 6d poses from sparse-view observations},
  author={Lin, Amy and Zhang, Jason Y and Ramanan, Deva and Tulsiani, Shubham},
  journal={arXiv preprint arXiv:2305.04926},
  year={2023}
}

@inproceedings{lindenberger2021pixel,
  title={Pixel-perfect structure-from-motion with featuremetric refinement},
  author={Lindenberger, Philipp and Sarlin, Paul-Edouard and Larsson, Viktor and Pollefeys, Marc},
  booktitle={Proceedings of the IEEE/CVF international conference on computer vision},
  pages={5987--5997},
  year={2021}
}

@inproceedings{detone2018superpoint,
  title={Superpoint: Self-supervised interest point detection and description},
  author={DeTone, Daniel and Malisiewicz, Tomasz and Rabinovich, Andrew},
  booktitle={Proceedings of the IEEE conference on computer vision and pattern recognition workshops},
  pages={224--236},
  year={2018}
}

@inproceedings{sarlin2020superglue,
  title={Superglue: Learning feature matching with graph neural networks},
  author={Sarlin, Paul-Edouard and DeTone, Daniel and Malisiewicz, Tomasz and Rabinovich, Andrew},
  booktitle={Proceedings of the IEEE/CVF conference on computer vision and pattern recognition},
  pages={4938--4947},
  year={2020}
}

@inproceedings{schonberger2016structure,
  title={Structure-from-motion revisited},
  author={Schonberger, Johannes L and Frahm, Jan-Michael},
  booktitle={Proceedings of the IEEE conference on computer vision and pattern recognition},
  pages={4104--4113},
  year={2016}
}

@inproceedings{reizenstein2021common,
  title={Common objects in 3d: Large-scale learning and evaluation of real-life 3d category reconstruction},
  author={Reizenstein, Jeremy and Shapovalov, Roman and Henzler, Philipp and Sbordone, Luca and Labatut, Patrick and Novotny, David},
  booktitle={Proceedings of the IEEE/CVF international conference on computer vision},
  pages={10901--10911},
  year={2021}
}

@article{zhou2018stereo,
  title={Stereo magnification: Learning view synthesis using multiplane images},
  author={Zhou, Tinghui and Tucker, Richard and Flynn, John and Fyffe, Graham and Snavely, Noah},
  journal={arXiv preprint arXiv:1805.09817},
  year={2018}
}


@article{wang2020deep,
  title={Deep high-resolution representation learning for visual recognition},
  author={Wang, Jingdong and Sun, Ke and Cheng, Tianheng and Jiang, Borui and Deng, Chaorui and Zhao, Yang and Liu, Dong and Mu, Yadong and Tan, Mingkui and Wang, Xinggang and others},
  journal={IEEE transactions on pattern analysis and machine intelligence},
  volume={43},
  number={10},
  pages={3349--3364},
  year={2020},
  publisher={IEEE}
}

@inproceedings{weber2023toon3d,
title = {Toon3D: Seeing Cartoons from a New Perspective},
author = {Ethan Weber and Riley Peterlinz and Rohan Mathur and
    Frederik Warburg and Alexei A. Efros and Angjoo Kanazawa},
booktitle = {arXiv},
year = {2024},
}

@misc{rozumnyi2023estimatinggeneric3droom,
      title={Estimating Generic 3D Room Structures from 2D Annotations}, 
      author={Denys Rozumnyi and Stefan Popov and Kevis-Kokitsi Maninis and Matthias Nießner and Vittorio Ferrari},
      year={2023},
      eprint={2306.09077},
      archivePrefix={arXiv},
      primaryClass={cs.CV},
      url={https://arxiv.org/abs/2306.09077}, 
}
