@article{ahmed2024tdd,
  title={TDD-Bench Verified: Can LLMs Generate Tests for Issues Before They Get Resolved?}, 
  author={Ahmed, Toufique and Hirzel, Martin and Pan, Rangeet and Shinnar, Avraham and Sinha, Saurabh},
  journal={arXiv preprint arXiv:2412.02883},
  year={2024} 
}




 @inproceedings{mundler2024swtbench,
  title={{SWT}-Bench: Testing and Validating Real-World Bug-Fixes with Code Agents},
  author={Niels M{\"u}ndler and Mark Niklas Mueller and Jingxuan He and Martin Vechev},
  booktitle={The Thirty-eighth Annual Conference on Neural Information Processing Systems},
  year={2024},
  month=dec,
  url={https://openreview.net/forum?id=9Y8zUO11EQ}
}



@inproceedings{jimenezswe,
  title={SWE-bench: Can Language Models Resolve Real-world Github Issues?},
  author={Jimenez, Carlos E and Yang, John and Wettig, Alexander and Yao, Shunyu and Pei, Kexin and Press, Ofir and Narasimhan, Karthik R},
  booktitle={The Twelfth International Conference on Learning Representations},
  year={2024}
}

@article{yang2024swe,
  title={Swe-agent: Agent-computer interfaces enable automated software engineering},
  author={Yang, John and Jimenez, Carlos E and Wettig, Alexander and Lieret, Kilian and Yao, Shunyu and Narasimhan, Karthik and Press, Ofir},
  journal={arXiv preprint arXiv:2405.15793},
  year={2024}
}

@inproceedings{ahmed2022few,
  title={Few-shot training {LLMs} for project-specific code-summarization},
  author={Ahmed, Toufique and Devanbu, Premkumar},
  booktitle={Proceedings of the 37th IEEE/ACM International Conference on Automated Software Engineering},
  pages={1--5},
  year={2022}
}


@article{brown2020language,
  title={Language models are few-shot learners},
  author={Brown, Tom and Mann, Benjamin and Ryder, Nick and Subbiah, Melanie and Kaplan, Jared D and Dhariwal, Prafulla and Neelakantan, Arvind and Shyam, Pranav and Sastry, Girish and Askell, Amanda and others},
  journal={Advances in neural information processing systems},
  volume={33},
  pages={1877--1901},
  year={2020}
}

@article{aleithan2024swe,
  title = "{SWE-Bench+}: Enhanced Coding Benchmark for {LLMs}",
  author={Aleithan, Reem and Xue, Haoran and Mohajer, Mohammad Mahdi and Nnorom, Elijah and Uddin, Gias and Wang, Song},
  journal={arXiv preprint arXiv:2410.06992},
  year = 2024,
  month = oct }


@inproceedings{nashid2023retrieval,
  title={Retrieval-based prompt selection for code-related few-shot learning},
  author={Nashid, Noor and Sintaha, Mifta and Mesbah, Ali},
  booktitle={2023 IEEE/ACM 45th International Conference on Software Engineering (ICSE)},
  pages={2450--2462},
  year={2023},
  organization={IEEE}
}


@article{misu2024towards,
  title={Towards ai-assisted synthesis of verified dafny methods},
  author={Misu, Md Rakib Hossain and Lopes, Cristina V and Ma, Iris and Noble, James},
  journal={Proceedings of the ACM on Software Engineering},
  volume={1},
  number={FSE},
  pages={812--835},
  year={2024},
  publisher={ACM New York, NY, USA}
}


@inproceedings{ahmed2024automatic,
  title={Automatic semantic augmentation of language model prompts (for code summarization)},
  author={Ahmed, Toufique and Pai, Kunal Suresh and Devanbu, Premkumar and Barr, Earl},
  booktitle={Proceedings of the IEEE/ACM 46th International Conference on Software Engineering},
  pages={1--13},
  year={2024}
}


@article{robertson2009probabilistic,
  title={The probabilistic relevance framework: BM25 and beyond},
  author={Robertson, Stephen and Zaragoza, Hugo and others},
  journal={Foundations and Trends{\textregistered} in Information Retrieval},
  volume={3},
  number={4},
  pages={333--389},
  year={2009},
  publisher={Now Publishers, Inc.}
}


@inproceedings{ramos2003using,
  title={Using tf-idf to determine word relevance in document queries},
  author={Ramos, Juan and others},
  booktitle={Proceedings of the first instructional conference on machine learning},
  volume={242},
  number={1},
  pages={29--48},
  year={2003},
  organization={Citeseer}
}

@article{pan2024multi,
  title={Multi-language Unit Test Generation using {LLMs}},
  author={Pan, Rangeet and Kim, Myeongsoo and Krishna, Rahul and Pavuluri, Raju and Sinha, Saurabh},
  journal={arXiv preprint arXiv:2409.03093},
  year={2024}
}


@article{zhu1997software,
  title={Software unit test coverage and adequacy},
  author={Zhu, Hong and Hall, Patrick AV and May, John HR},
  journal={Acm computing surveys (csur)},
  volume={29},
  number={4},
  pages={366--427},
  year={1997},
  publisher={Acm New York, NY, USA}
}


# Releted works
@article{swejava,
  title={SWE-bench-java: A GitHub Issue Resolving Benchmark for Java},
  author={Zan, Daoguang and Huang, Zhirong and Yu, Ailun and Lin, Shaoxin and Shi, Yifan and Liu, Wei and Chen, Dong and Qi, Zongshuai and Yu, Hao and Yu, Lei and others},
  journal={arXiv preprint arXiv:2408.14354},
  year={2024}
}

@article{swemultimodal,
  title={SWE-bench Multimodal: Do AI Systems Generalize to Visual Software Domains?},
  author={Yang, John and Jimenez, Carlos E and Zhang, Alex L and Lieret, Kilian and Yang, Joyce and Wu, Xindi and Press, Ori and Muennighoff, Niklas and Synnaeve, Gabriel and Narasimhan, Karthik R and others},
  journal={arXiv preprint arXiv:2410.03859},
  year={2024}
}

@article{sweplus,
  title={SWE-Bench+: Enhanced Coding Benchmark for {LLMs}},
  author={Aleithan, Reem and Xue, Haoran and Mohajer, Mohammad Mahdi and Nnorom, Elijah and Uddin, Gias and Wang, Song},
  journal={arXiv preprint arXiv:2410.06992},
  year={2024}
}

@article{repounderstander,
  title={How to Understand Whole Software Repository?},
  author={Ma, Yingwei and Yang, Qingping and Cao, Rongyu and Li, Binhua and Huang, Fei and Li, Yongbin},
  journal={arXiv preprint arXiv:2406.01422},
  year={2024}
}

@article{sdeagent,
  title={Evaluating Software Development Agents: Patch Patterns, Code Quality, and Issue Complexity in Real-World GitHub Scenarios},
  author={Chen, Zhi and Jiang, Lingxiao},
  journal={arXiv preprint arXiv:2410.12468},
  year={2024}
}

@article{testagent1,
  title={Code Agents are State of the Art Software Testers},
  author={M{\"u}ndler, Niels and M{\"u}ller, Mark Niklas and He, Jingxuan and Vechev, Martin},
  journal={arXiv preprint arXiv:2406.12952},
  year={2024}
}

@inproceedings{autocoderover,
  title = "{AutoCodeRover}: Autonomous Program Improvement",
  author = "Zhang, Yuntong and Ruan, Haifeng and Fan, Zhiyu and Roychoudhury, Abhik",
  booktitle = "International Symposium on Software Testing and Analysis (ISSTA)",
  year = 2024,
  pages = "1592--1604",
  url = "https://doi.org/10.1145/3650212.3680384" }

@article{issuetot,
  title={Can Github issues be solved with Tree Of Thoughts?},
  author={La Rosa, Ricardo and Hulse, Corey and Liu, Bangdi},
  journal={arXiv preprint arXiv:2405.13057},
  year={2024}
}

@article{sweagent2,
  title="{SWE-Agent}: Agent-computer interfaces enable automated software engineering",
  author={Yang, John and Jimenez, Carlos E and Wettig, Alexander and Lieret, Kilian and Yao, Shunyu and Narasimhan, Karthik and Press, Ofir},
  journal={arXiv preprint arXiv:2405.15793},
  month = may,
  year={2024}
}

@article{sweagent3coder,
  title = "{CodeR}: Issue Resolving with Multi-Agent and Task Graphs",
  author={Chen, Dong and Lin, Shaoxin and Zeng, Muhan and Zan, Daoguang and Wang, Jian-Gang and Cheshkov, Anton and Sun, Jun and Yu, Hao and Dong, Guoliang and Aliev, Artem and others},
  journal={arXiv preprint arXiv:2406.01304},
  month = jun,
  year={2024}
}

@article{sweagent4magis,
  title={MAGIS: {LLM}-Based Multi-Agent Framework for {GitHub} Issue Resolution},
  author={Tao, Wei and Zhou, Yucheng and Zhang, Wenqiang and Cheng, Yu},
  journal={arXiv preprint arXiv:2403.17927},
  year={2024}
}

@article{sweagent5agentless,
  title={Agentless: Demystifying {LLM}-based software engineering agents},
  author={Xia, Chunqiu Steven and Deng, Yinlin and Dunn, Soren and Zhang, Lingming},
  journal={arXiv preprint arXiv:2407.01489},
  month = jul,
  year={2024}
}

@article{autocoderover2,
  title={SpecRover: Code Intent Extraction via {LLMs}},
  author={Ruan, Haifeng and Zhang, Yuntong and Roychoudhury, Abhik},
  journal={arXiv preprint arXiv:2408.02232},
  month = aug,
  year={2024}
}


@inproceedings{sweagent6masai,
  title={MASAI: Modular Architecture for Software-engineering AI Agents},
  author={Wadhwa, Nalin and Sonwane, Atharv and Arora, Daman and Mehrotra, Abhav and Utpala, Saiteja and Bairi, Ramakrishna B and Kanade, Aditya and Natarajan, Nagarajan},
  booktitle={NeurIPS 2024 Workshop on Open-World Agents}
}

@article{sweagent7pybench,
  title={PyBench: Evaluating {LLM} Agent on various real-world coding tasks},
  author={Zhang, Yaolun and Pan, Yinxu and Wang, Yudong and Cai, Jie and Zheng, Zhi and Zeng, Guoyang and Liu, Zhiyuan},
  journal={arXiv preprint arXiv:2407.16732},
  year={2024}
}


@inproceedings{pytestbench,
  title={Tests4Py: A Benchmark for System Testing},
  author={Smytzek, Marius and Eberlein, Martin and Serce, Batuhan and Grunske, Lars and Zeller, Andreas},
  booktitle={Companion Proceedings of the 32nd ACM International Conference on the Foundations of Software Engineering},
  pages={557--561},
  year={2024}
}

@article{testbench,
  title={TestBench: Evaluating Class-Level Test Case Generation Capability of Large Language Models},
  author={Zhang, Quanjun and Shang, Ye and Fang, Chunrong and Gu, Siqi and Zhou, Jianyi and Chen, Zhenyu},
  journal={arXiv preprint arXiv:2409.17561},
  year={2024}
}

@article{avatar,
  title={Avatar: A parallel corpus for java-python program translation},
  author={Ahmad, Wasi Uddin and Tushar, Md Golam Rahman and Chakraborty, Saikat and Chang, Kai-Wei},
  journal={arXiv preprint arXiv:2108.11590},
  year={2021}
}
@article{repair1,
  title = "Automatic repair of real bugs in {Java}: A large-scale experiment on the {Defects4J} dataset",
  author={Martinez, Matias and Durieux, Thomas and Sommerard, Romain and Xuan, Jifeng and Monperrus, Martin},
  journal={Empirical Software Engineering},
  volume={22},
  pages={1936--1964},
  year={2017},
  publisher={Springer}
}
@inproceedings{repair2,
  title={Vul4j: A dataset of reproducible java vulnerabilities geared towards the study of program repair techniques},
  author={Bui, Quang-Cuong and Scandariato, Riccardo and Ferreyra, Nicol{\'a}s E D{\'\i}az},
  booktitle={Proceedings of the 19th International Conference on Mining Software Repositories},
  pages={464--468},
  year={2022}
}
@article{humaneval,
  title={Evaluating large language models trained on code},
  author={Chen, Mark and Tworek, Jerry and Jun, Heewoo and Yuan, Qiming and Pinto, Henrique Ponde De Oliveira and Kaplan, Jared and Edwards, Harri and Burda, Yuri and Joseph, Nicholas and Brockman, Greg and others},
  journal={arXiv preprint arXiv:2107.03374},
  year={2021}
}
@inproceedings{javabench,
  title={JavaBench: A Benchmark of Object-Oriented Code Generation for Evaluating Large Language Models},
  author={Cao, Jialun and Chen, Zhiyong and Wu, Jiarong and Cheung, Shing-Chi and Xu, Chang},
  booktitle={Proceedings of the 39th IEEE/ACM International Conference on Automated Software Engineering},
  pages={870--882},
  year={2024}
}
@article{evalplus,
  title={Is your code generated by chatgpt really correct? rigorous evaluation of large language models for code generation},
  author={Liu, Jiawei and Xia, Chunqiu Steven and Wang, Yuyao and Zhang, Lingming},
  journal={Advances in Neural Information Processing Systems},
  volume={36},
  year={2024}
}
@inproceedings{pan2024lost,
  title={Lost in translation: A study of bugs introduced by large language models while translating code},
  author={Pan, Rangeet and Ibrahimzada, Ali Reza and Krishna, Rahul and Sankar, Divya and Wassi, Lambert Pouguem and Merler, Michele and Sobolev, Boris and Pavuluri, Raju and Sinha, Saurabh and Jabbarvand, Reyhaneh},
  booktitle={Proceedings of the IEEE/ACM 46th International Conference on Software Engineering},
  pages={1--13},
  year={2024}
}
@inproceedings{codenet,
  title={CodeNet: A Large-Scale AI for Code Dataset for Learning a Diversity of Coding Tasks},
  author={Puri, Ruchir and Kung, David S and Janssen, Geert and Zhang, Wei and Domeniconi, Giacomo and Zolotov, Vladimir and Dolby, Julian and Chen, Jie and Choudhury, Mihir and Decker, Lindsey and others},
  booktitle={Thirty-fifth Conference on Neural Information Processing Systems Datasets and Benchmarks Track (Round 2)}
}

@article{testeval,
  title={TESTEVAL: Benchmarking Large Language Models for Test Case Generation},
  author={Wang, Wenhan and Yang, Chenyuan and Wang, Zhijie and Huang, Yuheng and Chu, Zhaoyang and Song, Da and Zhang, Lingming and Chen, An Ran and Ma, Lei},
  journal={arXiv preprint arXiv:2406.04531},
  year={2024}
}
@article{testgeneval,
  title={TestGenEval: A Real World Unit Test Generation and Test Completion Benchmark},
  author={Jain, Kush and Synnaeve, Gabriel and Rozi{\`e}re, Baptiste},
  journal={arXiv preprint arXiv:2410.00752},
  year={2024}
}

@inproceedings{tddllm,
  title={Test-Driven Development and {LLM}-based Code Generation},
  author={Mathews, Noble Saji and Nagappan, Meiyappan},
  booktitle={Proceedings of the 39th IEEE/ACM International Conference on Automated Software Engineering},
  pages={1583--1594},
  year={2024}
}


@article{markharmantestgen,
  title={Rethinking the Influence of Source Code on Test Case Generation},
  author={Huang, Dong and Zhang, Jie M and Du, Mingzhe and Harman, Mark and Cui, Heming},
  journal={arXiv preprint arXiv:2409.09464},
  year={2024}
}

@article{fix1,
  title={CrossFix: Resolution of GitHub issues via similar bugs recommendation},
  author={Tan, Shin Hwei and Li, Ziqiang and Yan, Lu},
  journal={Journal of Software: Evolution and Process},
  volume={36},
  number={4},
  pages={e2554},
  year={2024},
  publisher={Wiley Online Library}
}
@inproceedings{fix2,
  title={GitHub-OSS Fixit: Fixing bugs at scale in a software engineering course},
  author={Tan, Shin Hwei and Hu, Chunfeng and Li, Ziqiang and Zhang, Xiaowen and Zhou, Ying},
  booktitle={2021 IEEE/ACM 43rd International Conference on Software Engineering: Software Engineering Education and Training (ICSE-SEET)},
  pages={1--10},
  year={2021},
  organization={IEEE}
}
@inproceedings{empirical1,
  title={Got issues? who cares about it? a large scale investigation of issue trackers from github},
  author={Bissyand{\'e}, Tegawend{\'e} F and Lo, David and Jiang, Lingxiao and R{\'e}veillere, Laurent and Klein, Jacques and Le Traon, Yves},
  booktitle={2013 IEEE 24th international symposium on software reliability engineering (ISSRE)},
  pages={188--197},
  year={2013},
  organization={IEEE}
}
@inproceedings{empirical2,
  title={A first look at good first issues on GitHub},
  author={Tan, Xin and Zhou, Minghui and Sun, Zeyu},
  booktitle={ACM Joint Meeting on European Software Engineering Conference and Symposium on the Foundations of Software Engineering},
  pages={398--409},
  year={2020}
}
@article{empirical3,
  title={A ground-truth dataset and classification model for detecting bots in GitHub issue and PR comments},
  author={Golzadeh, Mehdi and Decan, Alexandre and Legay, Damien and Mens, Tom},
  journal={Journal of Systems and Software},
  volume={175},
  pages={110911},
  year={2021},
  publisher={Elsevier}
}
@article{empirical4,
  title={Studying the association between bountysource bounties and the issue-addressing likelihood of github issue reports},
  author={Zhou, Jiayuan and Wang, Shaowei and Bezemer, Cor-Paul and Zou, Ying and Hassan, Ahmed E},
  journal={IEEE Transactions on Software Engineering},
  volume={47},
  number={12},
  pages={2919--2933},
  year={2020},
  publisher={IEEE}
}
@inproceedings{empirical5,
  title={Demystifying software release note issues on GitHub},
  author={Wu, Jianyu and He, Hao and Xiao, Wenxin and Gao, Kai and Zhou, Minghui},
  booktitle={Proceedings of the 30th IEEE/ACM International Conference on Program Comprehension},
  pages={602--613},
  year={2022}
}
@Book{beck_2002,
  title = "Test driven development: By example",
  author = "Beck, Kent",
  year = 2002,
  publisher = "Addison-Wesley Professional" }

@InProceedings{plein_et_al_2024,
  author = "Plein, Laura and Ou\'{e}draogo, Wendk\^{u}uni C. and Klein, Jacques and Bissyand\'{e}, Tegawend\'{e} F.",
  title = "Automatic Generation of Test Cases based on Bug Reports: a Feasibility Study with Large Language Models",
  booktitle = "International Conference on Software Engineering: Companion Proceedings (ICSE-Companion)",
  year = 2024,
  month = may,
  pages = "360--361",
  url = "https://doi.org/10.1145/3639478.3643119" }


@article{peng2023instruction,
  title={Instruction tuning with gpt-4},
  author={Peng, Baolin and Li, Chunyuan and He, Pengcheng and Galley, Michel and Gao, Jianfeng},
  journal={arXiv preprint arXiv:2304.03277},
  year={2023}
}


@article{zhang2023instruction,
  title={Instruction tuning for large language models: A survey},
  author={Zhang, Shengyu and Dong, Linfeng and Li, Xiaoya and Zhang, Sen and Sun, Xiaofei and Wang, Shuhe and Li, Jiwei and Hu, Runyi and Zhang, Tianwei and Wu, Fei and others},
  journal={arXiv preprint arXiv:2308.10792},
  year={2023}
}


@article{chen2021evaluating,
  title={Evaluating large language models trained on code},
  author={Chen, Mark and Tworek, Jerry and Jun, Heewoo and Yuan, Qiming and Pinto, Henrique Ponde De Oliveira and Kaplan, Jared and Edwards and others},
  journal={arXiv preprint arXiv:2107.03374},
  year={2021}
}

@article{austin2021program,
  title={Program synthesis with large language models},
  author={Austin, Jacob and Odena, Augustus and Nye, Maxwell and Bosma, Maarten and Michalewski, Henryk and Dohan, David and Jiang, Ellen and Cai, Carrie and Terry, Michael and Le, Quoc and others},
  journal={arXiv preprint arXiv:2108.07732},
  year={2021}
}


@inproceedings{just2014defects4j,
  title = "{Defects4J}: A database of existing faults to enable controlled testing studies for Java programs",
  author={Just, Ren{\'e} and Jalali, Darioush and Ernst, Michael D},
  booktitle={Proceedings of the 2014 international symposium on software testing and analysis},
  pages={437--440},
  year={2014}
}

# Proceedings
@inproceedings{fraser2011evosuite,
  title = {{EvoSuite}: Automatic Test Suite Generation for Object-Oriented Software},
  author={Fraser, Gordon and Arcuri, Andrea},
  booktitle={Proceedings of the 19th ACM SIGSOFT symposium and the 13th European conference on Foundations of software engineering},
  pages={416--419},
  year={2011}
}

@inproceedings{roziere2021leveraging,
  title={Leveraging Automated Unit Tests for Unsupervised Code Translation},
  author={Roziere, Baptiste and Zhang, Jie and Charton, Francois and Harman, Mark and Synnaeve, Gabriel and Lample, Guillaume},
  booktitle={International Conference on Learning Representations},
  year={2021}
}

@inproceedings{fraser2013evosuite,
  title={Evosuite: On the challenges of test case generation in the real world},
  author={Fraser, Gordon and Arcuri, Andrea},
  booktitle={2013 IEEE sixth international conference on software testing, verification and validation},
  pages={362--369},
  year={2013},
  organization={IEEE}
}

@inproceedings{pacheco2007randoop,
  title={Randoop: feedback-directed random testing for Java},
  author={Pacheco, Carlos and Ernst, Michael D},
  booktitle={Companion to the 22nd ACM SIGPLAN conference on Object-oriented programming systems and applications companion},
  pages={815--816},
  year={2007}
}

@inproceedings{pacheco2007feedback,
  title={Feedback-directed random test generation},
  author={Pacheco, Carlos and Lahiri, Shuvendu K and Ernst, Michael D and Ball, Thomas},
  booktitle={29th International Conference on Software Engineering (ICSE'07)},
  pages={75--84},
  year={2007},
  organization={IEEE}
}

@inproceedings{tillmann2008pex,
  title={Pex--white box test generation for. net},
  author={Tillmann, Nikolai and De Halleux, Jonathan},
  booktitle={International conference on tests and proofs},
  pages={134--153},
  year={2008},
  organization={Springer}
}

@inproceedings{lukasczyk2022pynguin,
  title={Pynguin: Automated unit test generation for python},
  author={Lukasczyk, Stephan and Fraser, Gordon},
  booktitle={Proceedings of the ACM/IEEE 44th International Conference on Software Engineering: Companion Proceedings},
  pages={168--172},
  year={2022}
}
@inproceedings{tufano2022generating,
  title={Generating accurate assert statements for unit test cases using pretrained transformers},
  author={Tufano, Michele and Drain, Dawn and Svyatkovskiy, Alexey and Sundaresan, Neel},
  booktitle={Proceedings of the 3rd ACM/IEEE International Conference on Automation of Software Test},
  pages={54--64},
  year={2022}
}
@inproceedings{dinella2022toga,
  title={Toga: A neural method for test oracle generation},
  author={Dinella, Elizabeth and Ryan, Gabriel and Mytkowicz, Todd and Lahiri, Shuvendu K},
  booktitle={Proceedings of the 44th International Conference on Software Engineering},
  pages={2130--2141},
  year={2022}
}

@inproceedings{lemieux2023codamosa,
  title={Codamosa: Escaping coverage plateaus in test generation with pre-trained large language models},
  author={Lemieux, Caroline and Inala, Jeevana Priya and Lahiri, Shuvendu K and Sen, Siddhartha},
  booktitle={2023 IEEE/ACM 45th International Conference on Software Engineering (ICSE)},
  pages={919--931},
  year={2023},
  organization={IEEE}
}

@inproceedings{godefroid2005dart,
  title={DART: Directed automated random testing},
  author={Godefroid, Patrice and Klarlund, Nils and Sen, Koushik},
  booktitle={Proceedings of the 2005 ACM SIGPLAN conference on Programming language design and implementation},
  pages={213--223},
  year={2005}
}

@inproceedings{tzoref2022tackletest,
  title={Tackletest: A tool for amplifying test generation via type-based combinatorial coverage},
  author={Tzoref-Brill, Rachel and Sinha, Saurabh and Nassar, Antonio Abu and Goldin, Victoria and Kermany, Haim},
  booktitle={2022 IEEE Conference on Software Testing, Verification and Validation (ICST)},
  pages={444--455},
  year={2022},
  organization={IEEE}
}

@inproceedings{tonella:2008,
  author = {Tonella, Paolo},
  title = {Evolutionary Testing of Classes},
  year = {2004},
  doi = {10.1145/1007512.1007528},
  booktitle = {Proceedings of the 2004 ACM SIGSOFT International Symposium on Software Testing and Analysis},
  pages = {119–128},
}

@inproceedings{lin:2021,
  author = {Lin, Yun and Ong, You Sheng and Sun, Jun and Fraser, Gordon and Dong, Jin Song},
  title = {Graph-Based Seed Object Synthesis for Search-Based Unit Testing},
  booktitle = {Proceedings of the 29th ACM Joint Meeting on European Software Engineering Conference and Symposium on the Foundations of Software Engineering},
  year = {2021},
  pages = {1068–1080},
  doi = {10.1145/3468264.3468619}
}

@inproceedings{xie:2005,
  author = {Xie, Tao and Marinov, Darko and Schulte, Wolfram and Notkin, David},
  title = {Symstra: A Framework for Generating Object-Oriented Unit Tests Using Symbolic Execution},
  booktitle = {Proceedings of the 11th International Conference on Tools and Algorithms for the Construction and Analysis of Systems},
  year = {2005},
  pages = {365–381},
  doi = {10.1007/978-3-540-31980-1_24}
}

@inproceedings{cadar:2008,
  author = {Cadar, Cristian and Dunbar, Daniel and Engler, Dawson},
  title = {KLEE: Unassisted and Automatic Generation of High-Coverage Tests for Complex Systems Programs},
  booktitle = {Proceedings of the 8th USENIX Conference on Operating Systems Design and Implementation},
  year = {2008},
  pages = {209–224}
}

@inproceedings{visser:2004,
  author = {Visser, Willem and Pasareanu, Corina S. and Khurshid, Sarfraz},
  title = {Test Input Generation with Java PathFinder},
  booktitle = {Proceedings of the 2004 ACM SIGSOFT International Symposium on Software Testing and Analysis},
  year = {2004},
  pages = {97–107},
  doi = {10.1145/1007512.1007526}
}

@inproceedings{pasareanu:2010,
  author = {P\u{a}s\u{a}reanu, Corina S. and Rungta, Neha},
  title = {Symbolic PathFinder: Symbolic Execution of Java Bytecode},
  year = {2010},
  doi = {10.1145/1858996.1859035},
  booktitle = {Proceedings of the IEEE/ACM International Conference on Automated Software Engineering},
  pages = {179–180},
}

@article{chen:2010:jss,
  author = {Chen, Tsong Yueh and Kuo, Fei-Ching and Merkel, Robert G. and Tse, T. H.},
  title = {Adaptive Random Testing: The {ART} of Test Case Diversity},
  year = {2010},
  volume = {83},
  number = {1},
  doi = {10.1016/j.jss.2009.02.022},
  journal = {J. Syst. Softw.},
  month = jan,
  pages = {60–66},
}

@inproceedings{ciupa:2008:icse,
  author = {Ciupa, Ilinca and Leitner, Andreas and Oriol, Manuel and Meyer, Bertrand},
  title = {{ARTOO}: Adaptive Random Testing for Object-Oriented Software},
  year = {2008},
  booktitle = {Proceedings of the 30th International Conference on Software Engineering},
  pages = {71–80},
  numpages = {10}
}

@inproceedings{lin:2009:ase,
  author={Lin, Yu and Tang, Xucheng and Chen, Yuting and Zhao, Jianjun},
  booktitle={2009 IEEE/ACM International Conference on Automated Software Engineering}, 
  title={A Divergence-Oriented Approach to Adaptive Random Testing of Java Programs}, 
  year={2009},
  pages={221-232},
  doi={10.1109/ASE.2009.13}
}

@inproceedings{arcuri:2011:issta,
  author = {Arcuri, Andrea and Briand, Lionel},
  title = {Adaptive Random Testing: An Illusion of Effectiveness?},
  year = {2011},
  doi = {10.1145/2001420.2001452},
  booktitle = {Proceedings of the 2011 International Symposium on Software Testing and Analysis},
  pages = {265–275}
}

@inproceedings{daka:2014:survey,
  author={Daka, Ermira and Fraser, Gordon},
  booktitle={2014 IEEE 25th International Symposium on Software Reliability Engineering}, 
  title={A Survey on Unit Testing Practices and Problems}, 
  year={2014},
  pages={201-211},
  doi={10.1109/ISSRE.2014.11}
}

@inproceedings{grano:2018:readability,
  author = {Grano, Giovanni and Scalabrino, Simone and Gall, Harald C. and Oliveto, Rocco},
  title = {An empirical investigation on the readability of manual and generated test cases},
  year = {2018},
  doi = {10.1145/3196321.3196363},
  booktitle = {Proceedings of the 26th Conference on Program Comprehension},
  pages = {348–351},
}

@inproceedings{daka:2015:readability,
  author = {Daka, Ermira and Campos, Jos\'{e} and Fraser, Gordon and Dorn, Jonathan and Weimer, Westley},
  title = {Modeling readability to improve unit tests},
  year = {2015},
  doi = {10.1145/2786805.2786838},
  booktitle = {Proceedings of the 2015 10th Joint Meeting on Foundations of Software Engineering},
  pages = {107–118},
}

@inproceedings{panichella:2020:testsmells,
  author={Panichella, Annibale and Panichella, Sebastiano and Fraser, Gordon and Sawant, Anand Ashok and Hellendoorn, Vincent J.},
  booktitle={2020 IEEE International Conference on Software Maintenance and Evolution (ICSME)}, 
  title={Revisiting Test Smells in Automatically Generated Tests: Limitations, Pitfalls, and Opportunities}, 
  year={2020},
  pages={523-533},
  doi={10.1109/ICSME46990.2020.00056}
}

@inproceedings{peruma:2020:tsdetect,
author = {Peruma, Anthony and Almalki, Khalid and Newman, Christian D. and Mkaouer, Mohamed Wiem and Ouni, Ali and Palomba, Fabio},
title = {tsDetect: an open source test smells detection tool},
year = {2020},
doi = {10.1145/3368089.3417921},
booktitle = {Proceedings of the 28th ACM Joint Meeting on European Software Engineering Conference and Symposium on the Foundations of Software Engineering},
pages = {1650–1654},
}

@article{plein2023automatic,
  title={Automatic generation of test cases based on bug reports: a feasibility study with large language models},
  author={Plein, Laura and Ou{\'e}draogo, Wendk{\^u}uni C and Klein, Jacques and Bissyand{\'e}, Tegawend{\'e} F},
  journal={arXiv preprint arXiv:2310.06320},
  year={2023}
}


# Articles
@article{arcuri2019restful,
  title={RESTful API automated test case generation with EvoMaster},
  author={Arcuri, Andrea},
  journal={ACM Transactions on Software Engineering and Methodology (TOSEM)},
  volume={28},
  number={1},
  pages={1--37},
  year={2019},
  publisher={ACM New York, NY, USA}
}
@article{ryan2024code,
  title={Code-Aware Prompting: A study of Coverage Guided Test Generation in Regression Setting using {LLM}},
  author={Ryan, Gabriel and Jain, Siddhartha and Shang, Mingyue and Wang, Shiqi and Ma, Xiaofei and Ramanathan, Murali Krishna and Ray, Baishakhi},
  journal={FSE},
  year={2024}
}
@article{xie2023chatunitest,
  title={ChatUniTest: a ChatGPT-based automated unit test generation tool},
  author={Xie, Zhuokui and Chen, Yinghao and Zhi, Chen and Deng, Shuiguang and Yin, Jianwei},
  journal={arXiv preprint arXiv:2305.04764},
  year={2023}
}
@article{yuan2024evaluating,
  title={Evaluating and Improving ChatGPT for Unit Test Generation},
  author={Yuan, Zhiqiang and Liu, Mingwei and Ding, Shiji and Wang, Kaixin and Chen, Yixuan and Peng, Xin and Lou, Yiling},
  journal={Proceedings of the ACM on Software Engineering},
  volume={1},
  number={FSE},
  pages={1703--1726},
  year={2024},
  publisher={ACM New York, NY, USA}
}
@article{xia2024fuzz4all,
  title={Fuzz4all: Universal fuzzing with large language models},
  author={Xia, Chunqiu Steven and Paltenghi, Matteo and Le Tian, Jia and Pradel, Michael and Zhang, Lingming},
  journal={Proc. IEEE/ACM ICSE},
  year={2024}
}
@inproceedings{siddiq2024using,
  title={Using large language models to generate junit tests: An empirical study},
  author={Siddiq, Mohammed Latif and Da Silva Santos, Joanna Cecilia and Tanvir, Ridwanul Hasan and Ulfat, Noshin and Al Rifat, Fahmid and Carvalho Lopes, Vin{\'\i}cius},
  booktitle={Proceedings of the 28th International Conference on Evaluation and Assessment in Software Engineering},
  pages={313--322},
  year={2024}
}
@inproceedings{chen2024chatunitest,
  title={Chatunitest: A framework for {LLM}-based test generation},
  author={Chen, Yinghao and Hu, Zehao and Zhi, Chen and Han, Junxiao and Deng, Shuiguang and Yin, Jianwei},
  booktitle={Companion Proceedings of the 32nd ACM International Conference on the Foundations of Software Engineering},
  pages={572--576},
  year={2024}
}
@article{fraser2014large,
  title={A large-scale evaluation of automated unit test generation using evosuite},
  author={Fraser, Gordon and Arcuri, Andrea},
  journal={ACM Transactions on Software Engineering and Methodology (TOSEM)},
  volume={24},
  number={2},
  pages={1--42},
  year={2014},
  publisher={ACM New York, NY, USA}
}
@article{pizzorno2024coverup,
  title={CoverUp: Coverage-Guided {LLM}-Based Test Generation},
  author={Pizzorno, Juan Altmayer and Berger, Emery D},
  journal={arXiv preprint arXiv:2403.16218},
  year={2024}
}
@article{wang2024software,
  title={Software testing with large language models: Survey, landscape, and vision},
  author={Wang, Junjie and Huang, Yuchao and Chen, Chunyang and Liu, Zhe and Wang, Song and Wang, Qing},
  journal={IEEE Transactions on Software Engineering},
  year={2024},
  publisher={IEEE}
}
@article{sen2005cute,
  title={CUTE: A concolic unit testing engine for C},
  author={Sen, Koushik and Marinov, Darko and Agha, Gul},
  journal={ACM SIGSOFT Software Engineering Notes},
  volume={30},
  number={5},
  pages={263--272},
  year={2005},
  publisher={ACM New York, NY, USA}
}

@article{schafer2023empirical,
  title={An empirical evaluation of using large language models for automated unit test generation},
  author={Sch{\"a}fer, Max and Nadi, Sarah and Eghbali, Aryaz and Tip, Frank},
  journal={IEEE Transactions on Software Engineering},
  year={2023},
  publisher={IEEE}
}

@article{tufano2020unit,
  title={Unit test case generation with transformers and focal context},
  author={Tufano, Michele and Drain, Dawn and Svyatkovskiy, Alexey and Deng, Shao Kun and Sundaresan, Neel},
  journal={preprint arXiv:2009.05617},
  year={2020}
}
@article{bareiss2022code,
  title={Code generation tools (almost) for free? a study of few-shot, pre-trained language models on code},
  author={Barei{\ss}, Patrick and Souza, Beatriz and d'Amorim, Marcelo and Pradel, Michael},
  journal={arXiv preprint arXiv:2206.01335},
  year={2022}
}

@article{vikram2023can,
  title={Can large language models write good property-based tests?},
  author={Vikram, Vasudev and Lemieux, Caroline and Padhye, Rohan},
  journal={arXiv preprint arXiv:2307.04346},
  year={2023}
}

@article{dakhel2023effective,
  title={Effective test generation using pre-trained large language models and mutation testing},
  author={Dakhel, Arghavan Moradi and Nikanjam, Amin and Majdinasab, Vahid and Khomh, Foutse and Desmarais, Michel C},
  journal={arXiv preprint arXiv:2308.16557},
  year={2023}
}

@article{alshahwan2024observation,
  title={Observation-based unit test generation at Meta},
  author={Alshahwan, Nadia and Harman, Mark and Marginean, Alexandru and Tal, Rotem and Wang, Eddy},
  journal={arXiv preprint arXiv:2402.06111},
  year={2024}
}

@article{alshahwan2024automated,
  title={Automated unit test improvement using large language models at meta},
  author={Alshahwan, Nadia and Chheda, Jubin and Finegenova, Anastasia and Gokkaya, Beliz and Harman, Mark and Harper, Inna and Marginean, Alexandru and Sengupta, Shubho and Wang, Eddy},
  journal={arXiv preprint arXiv:2402.09171},
  year={2024}
}

@article{hou2024large,
  title={Large Language Models for Software Engineering: A Systematic Literature Review}, 
  author={Xinyi Hou and Yanjie Zhao and Yue Liu and Zhou Yang and Kailong Wang and Li Li and Xiapu Luo and David Lo and John Grundy and Haoyu Wang},
  journal={arXiv preprint arXiv:2308.10620},
  year={2024}
}

@article{hashtroudi2023automated,
  title={Automated test case generation using code models and domain adaptation},
  author={Hashtroudi, Sepehr and Shin, Jiho and Hemmati, Hadi and Wang, Song},
  journal={arXiv preprint arXiv:2308.08033},
  year={2023}
}

@article{alagarsamy2023a3test,
  title={A3test: Assertion-augmented automated test case generation},
  author={Alagarsamy, Saranya and Tantithamthavorn, Chakkrit and Aleti, Aldeida},
  journal={arXiv preprint arXiv:2302.10352},
  year={2023}
}

@article{wang2024survey,
  title={Software testing with large language models: Survey, landscape, and vision},
  author={Wang, Junjie and Huang, Yuchao and Chen, Chunyang and Liu, Zhe and Wang, Song and Wang, Qing},
  journal={IEEE Transactions on Software Engineering},
  year={2024},
  publisher={IEEE}
}

@article{tang:2024:tse,
  author={Tang, Yutian and Liu, Zhijie and Zhou, Zhichao and Luo, Xiapu},
  journal={IEEE Transactions on Software Engineering}, 
  title={{ChatGPT vs SBST}: A Comparative Assessment of Unit Test Suite Generation}, 
  year={2024},
  volume={},
  number={},
  pages={1-19},
  doi={10.1109/TSE.2024.3382365}
}

@article{durelli2019study,
  author={Durelli, Vinicius H. S. and Durelli, Rafael S. and Borges, Simone S. and Endo, Andre T. and Eler, Marcelo M. and Dias, Diego R. C. and Guimarães, Marcelo P.},
  journal={IEEE Transactions on Reliability}, 
  title={Machine Learning Applied to Software Testing: A Systematic Mapping Study}, 
  year={2019},
  volume={68},
  number={3},
  pages={1189-1212},
  doi={10.1109/TR.2019.2892517}
}

@article{harman:2010:tse,
  author={Harman, Mark and McMinn, Phil},
  journal={IEEE Transactions on Software Engineering}, 
  title={A Theoretical and Empirical Study of Search-Based Testing: Local, Global, and Hybrid Search}, 
  year={2010},
  volume={36},
  number={2},
  pages={226-247},
  doi={10.1109/TSE.2009.71}
}

@article{mcminn:2004,
  author = {McMinn, Phil},
  title = {Search-based Software Test Data Generation: A Survey: Research Articles},
  journal = {Softw. Test. Verif. Reliab.},
  issue_date = {June 2004},
  volume = {14},
  number = {2},
  month = jun,
  year = {2004},
  pages = {105--156}
}

@article{lukasczyk:2023:emse,
  author    = {Stephan Lukasczyk and Florian Kroi{\ss} and Gordon Fraser},
  title     = {An empirical study of automated unit test generation for python},
  journal   = {Empirical Software Engineering},
  volume    = {28},
  number    = {2},
  year      = {2023},
  doi       = {10.1007/s10664-022-10248-w},
}

@article{fraser:2015,
  author = {Fraser, Gordon and Staats, Matt and McMinn, Phil and Arcuri, Andrea and Padberg, Frank},
  title = {Does Automated Unit Test Generation Really Help Software Testers? A Controlled Empirical Study},
  year = {2015},
  doi = {10.1145/2699688},
  journal = {ACM Trans. Softw. Eng. Methodol.},
  month = sep,
  articleno = {23}
}

@article{mishra2024granite,
  title={Granite code models: A family of open foundation models for code intelligence},
  author={Mishra, Mayank and Stallone, Matt and Zhang, Gaoyuan and Shen, Yikang and Prasad, Aditya and Soria, Adriana Meza and Merler, Michele and Selvam, Parameswaran and Surendran, Saptha and Singh, Shivdeep and others},
  journal={arXiv preprint arXiv:2405.04324},
  year={2024}
}

# Misc


# URLs
@misc{aster:artifact,
  title = {{ASTER Artifact}},
  year = 2024,
  url = {https://github.com/aster-it/aster},
  key = {asterartifact}
}

@misc{evosuite,
  title = {{EvoSuite: Automatic Test Suite Generation for Java}},
  year = 2024,
  url = {https://www.evosuite.org/},
  key = {evosuite}
}

@misc{codamosa,
  title = {{CodaMosa}},
  year = 2024,
  url = {https://github.com/microsoft/codamosa},
  key = {codamosa}
}

@misc{tsdetect,
  title = {{TSDetect}},
  year = 2024,
  url = {https://github.com/TestSmells/TSDetect},
  key = {tsdetect}
}

@misc{treesitter,
  title = {{Tree-sitter}},
  year = 2024,
  url = {https://tree-sitter.github.io/tree-sitter},
  key = {treesitter}
}

@misc{wala,
  title = {{WALA}},
  year = 2024,
  url = {https://github.com/wala/WALA},
  key = {wala}
}

@misc{apachecommons,
  title = {{Apache Commons}},
  year = 2024,
  url = {https://commons.apache.org/},
  key = {apachecommons}
}

@misc{commonscli,
  title = {{Apache Commons CLI}},
  year = 2024,
  url = {https://github.com/apache/commons-cli},
  key = {commonscli}
}

@misc{commonscodec,
  title = {{Apache Commons Codec}},
  year = 2024,
  url = {https://github.com/apache/commons-codec},
  key = {commonscodec}
}

@misc{commonscompress,
  title = {{Apache Commons Compress}},
  year = 2024,
  url = {https://github.com/apache/commons-compress},
  key = {commonscompress}
}

@misc{commonsjxpath,
  title = {{Apache Commons JXPath}},
  year = 2024,
  url = {https://github.com/apache/commons-jxpath},
  key = {commonsjxpath}
}

@misc{cargotracker,
  title = {{Eclipse Cargo Tracker}},
  year = 2024,
  url = {https://github.com/eclipse-ee4j/cargotracker},
  key = {cargotracker}
}

@misc{daytrader,
  title = {{DayTrader8 Sample}},
  year = 2024,
  url = {https://github.com/OpenLiberty/sample.daytrader8},
  key = {daytrader}
}

@misc{petclinic,
  title = {{Spring PetClinic Sample Application}},
  year = 2024,
  url = {https://github.com/spring-projects/spring-petclinic},
  key = {petclinic}
}

@misc{codamosa:artifact,
  title = {{CodaMOSA Artifact}},
  year = 2024,
  url = {https://github.com/microsoft/codamosa/tree/main/replication},
  key = {codamosaartifact}
}
@misc{ansible,
  title = {{Ansible}},
  year = 2024,
  url = {https://github.com/ansible/ansible},
  key = {ansible}
}
@misc{flutes,
  title = {{Flutes}},
  year = 2024,
  url = {https://github.com/huzecong/flutes},
  key = {flutes}
}
@misc{tornadoweb,
  title = {{Tornado Web Server}},
  year = 2024,
  url = {https://github.com/tornadoweb/tornado},
  key = {tornadoweb}
}

@misc{javaservletspec,
  title = {{Jakarta Servlet}},
  year = 2024,
  url = {https://jakarta.ee/specifications/servlet},
  key = {javaservletspec}
}


@article{buscemi2023comparative,
  title={A comparative study of code generation using chatgpt 3.5 across 10 programming languages},
  author={Buscemi, Alessio},
  journal={arXiv preprint arXiv:2308.04477},
  year={2023}
}

@misc{watsonx,
  title={WatsonX},
  author={IBM},
  url={https://www.ibm.com/watsonx},
  year={2024}
}

@misc{openaiapi,
  title={OpenAI API},
  author={OpenAI},
  url={https://platform.openai.com/docs/api-reference/introduction},
  year={2024}
}

@misc{mutmut,
  author = {Anders Hovmöller},
  title = {{Mutmut: Mutation Testing for Python}},
  howpublished = {\url{https://mutmut.readthedocs.io/}},
  note = {Accessed: 2024-07-27}
}

@misc{pit,
  author = {PITEST},
  title = {{PIT Mutation Testing}},
  note = {Accessed: 2024-07-27}
}

@misc{openaimodels,
  title={OpenAI Models},
  author={OpenAI},
  url={https://platform.openai.com/docs/models/gpt-base},
  year={2024}
}

@misc{openai:deprecations,
  title={OpenAI Deprecations},
  author={OpenAI},
  url={https://platform.openai.com/docs/deprecations},
  year={2024}
}

@misc{granitecodemodels,
  title={Granite Code Models},
  author={IBM},
  url={https://huggingface.co/collections/ibm-granite/granite-code-models-6624c5cec322e4c148c8b330},
  year={2024}
}

@misc{llama3models,
  title={Meta Llama 3},
  author={Meta},
  url={https://huggingface.co/collections/meta-llama/meta-llama-3-66214712577ca38149ebb2b6},
  year={2024}
}

@misc{jacoco,
  title = {{JaCoCo: Java Code Coverage Library}},
  author = {EclEmma},
  note = {Accessed: 2024-07-27}
}
@misc{openaitoken,
  title = {{What are tokens and how to count them?}},
  author = {OpenAI},
  note = {Accessed: 2024-07-27}
}
@misc{pylint,
  author = {pylint-dev},
  title = {{Pylint}},
  note = {Accessed: 2024-07-27}
}
@misc{codeql,
  author = {CodeQL},
  title = {{CodeQL}},
  note = {Accessed: 2024-07-27}
}
}
@article{ugare2024improving,
  title={Improving {LLM} code generation with grammar augmentation},
  author={Ugare, Shubham and Suresh, Tarun and Kang, Hangoo and Misailovic, Sasa and Singh, Gagandeep},
  journal={arXiv preprint arXiv:2403.01632},
  year={2024}
}
@misc{pylinterror,
  author = {pylint dev},
  title = {{Pylint error messages}},
  note = {Accessed: 2024-07-27}
}
@misc{pytest,
  author = {Ned Batchelder},
  title = {{Coverage.py: Code coverage measurement for Python}},
  note = {Accessed: 2024-07-27}
}
@misc{coverage,
  author = {Ned Batchelder},
  title = {{Coverage.py: Code coverage measurement for Python}},
  howpublished = {\url{https://coverage.readthedocs.io/}},
  note = {Accessed: 2024-07-27}
}

@misc{github:copilot,
  title={GitHub Copilot},
  author={GitHub},
  url={hhttps://github.com/features/copilot},
  year={2024}
}

@misc{jetbrains:codewithme,
  title={{Code With Me}},
  author={JET Brains},
  url={https://www.jetbrains.com/code-with-me},
  year={2024}
}

@misc{ibm:wca4eja,
  title={{watsonx Code Assistant for Enterprise Java Applications}},
  author={IBM},
  url={https://www.ibm.com/products/watsonx-code-assistant-for-enterprise-java-applications},
  year={2024}
}



@inproceedings{kang2023large,
  title={Large language models are few-shot testers: Exploring {LLM}-based general bug reproduction},
  author={Kang, Sungmin and Yoon, Juyeon and Yoo, Shin},
  booktitle={2023 IEEE/ACM 45th International Conference on Software Engineering (ICSE)},
  pages={2312--2323},
  year={2023},
  month = jul,
  organization={IEEE}
}


@Misc{chowdhury_et_al_2024,
  author = "Chowdhury, Neil and Aung, James and Shern, Chan Jun and Jaffe, Oliver and Sherburn, Dane and Starace, Giulio and Mays, Evan and Dias, Rachel and Aljubeh, Marwan and Glaese, Mia and Jimenez, Carlos E. and Yang, John and Liu, Kevin and Madry, Aleksander",
  title = "Introducing {SWE}-bench {Verified}",
  year = 2024,
  month = aug,
  url = "https://openai.com/index/introducing-swe-bench-verified/" }


@inproceedings{zhang2024autocoderover,
  title={Autocoderover: Autonomous program improvement},
  author={Zhang, Yuntong and Ruan, Haifeng and Fan, Zhiyu and Roychoudhury, Abhik},
  booktitle={Proceedings of the 33rd ACM SIGSOFT International Symposium on Software Testing and Analysis},
  pages={1592--1604},
  year={2024}
}

@inproceedings{hellendoorn_et_al_2021,
author = {Hellendoorn, Vincent J. and Tsay, Jason and Mukherjee, Manisha and Hirzel, Martin},
title = {Towards automating code review at scale},
year = {2021},
isbn = {9781450385626},
publisher = {Association for Computing Machinery},
address = {New York, NY, USA},
url = {https://doi.org/10.1145/3468264.3473134},
doi = {10.1145/3468264.3473134},
booktitle = {Proceedings of the 29th ACM Joint Meeting on European Software Engineering Conference and Symposium on the Foundations of Software Engineering},
pages = {1479–1482},
numpages = {4},
keywords = {code review, neural networks},
location = {Athens, Greece},
series = {ESEC/FSE 2021}
}

@Misc{opendevin,
  title = "{OpenDevin}: An Open Platform for {AI} Software Developers as Generalist Agents",
  author = "Wang, Xingyao and Li, Boxuan and Song, Yufan and Xu, Frank F. and Tang, Xiangru and Zhuge, Mingchen and Pan, Jiayi and Song, Yueqi and Li, Bowen and Singh, Jaskirat and Tran, Hoang H. and Li, Fuqiang and Ma, Ren and Zheng, Mingzhang and Qian, Bill and Shao, Yanjun and Muennighoff, Niklas and Zhang, Yizhe and Hui, Binyuan and Lin, Junyang and Brennan, Robert and Peng, Hao and Ji, Heng and Neubig, Graham",
  year = 2024,
  month = jul,
  url = "https://arxiv.org/abs/2407.16741" }

@Misc{aegis,
  title = "{AEGIS}: An Agent-based Framework for General Bug Reproduction from Issue Descriptions",
  author = "Wang, Xinchen and Gao, Pengfei and Meng, Xiangxin and Peng, Chao and Hu, Ruida and Lin, Yun and Gao, Cuiyun",
  year = 2024,
  month = nov,
  url = "https://arxiv.org/abs/2411.18015" }