@Misc{aegis,
  title = "{AEGIS}: An Agent-based Framework for General Bug Reproduction from Issue Descriptions",
  author = "Wang, Xinchen and Gao, Pengfei and Meng, Xiangxin and Peng, Chao and Hu, Ruida and Lin, Yun and Gao, Cuiyun",
  year = 2024,
  month = nov,
  url = "https://arxiv.org/abs/2411.18015" }

@article{autocoderover2,
  title={SpecRover: Code Intent Extraction via {LLMs}},
  author={Ruan, Haifeng and Zhang, Yuntong and Roychoudhury, Abhik},
  journal={arXiv preprint arXiv:2408.02232},
  month = aug,
  year={2024}
}

@inproceedings{jimenezswe,
  title={SWE-bench: Can Language Models Resolve Real-world Github Issues?},
  author={Jimenez, Carlos E and Yang, John and Wettig, Alexander and Yao, Shunyu and Pei, Kexin and Press, Ofir and Narasimhan, Karthik R},
  booktitle={The Twelfth International Conference on Learning Representations},
  year={2024}
}

@inproceedings{just2014defects4j,
  title = "{Defects4J}: A database of existing faults to enable controlled testing studies for Java programs",
  author={Just, Ren{\'e} and Jalali, Darioush and Ernst, Michael D},
  booktitle={Proceedings of the 2014 international symposium on software testing and analysis},
  pages={437--440},
  year={2014}
}

@inproceedings{kang2023large,
  title={Large language models are few-shot testers: Exploring {LLM}-based general bug reproduction},
  author={Kang, Sungmin and Yoon, Juyeon and Yoo, Shin},
  booktitle={2023 IEEE/ACM 45th International Conference on Software Engineering (ICSE)},
  pages={2312--2323},
  year={2023},
  month = jul,
  organization={IEEE}
}

@inproceedings{mundler2024swtbench,
  title={{SWT}-Bench: Testing and Validating Real-World Bug-Fixes with Code Agents},
  author={Niels M{\"u}ndler and Mark Niklas Mueller and Jingxuan He and Martin Vechev},
  booktitle={The Thirty-eighth Annual Conference on Neural Information Processing Systems},
  year={2024},
  month=dec,
  url={https://openreview.net/forum?id=9Y8zUO11EQ}
}

@InProceedings{plein_et_al_2024,
  author = "Plein, Laura and Ou\'{e}draogo, Wendk\^{u}uni C. and Klein, Jacques and Bissyand\'{e}, Tegawend\'{e} F.",
  title = "Automatic Generation of Test Cases based on Bug Reports: a Feasibility Study with Large Language Models",
  booktitle = "International Conference on Software Engineering: Companion Proceedings (ICSE-Companion)",
  year = 2024,
  month = may,
  pages = "360--361",
  url = "https://doi.org/10.1145/3639478.3643119" }

@article{sweagent2,
  title="{SWE-Agent}: Agent-computer interfaces enable automated software engineering",
  author={Yang, John and Jimenez, Carlos E and Wettig, Alexander and Lieret, Kilian and Yao, Shunyu and Narasimhan, Karthik and Press, Ofir},
  journal={arXiv preprint arXiv:2405.15793},
  month = may,
  year={2024}
}

@article{sweagent3coder,
  title = "{CodeR}: Issue Resolving with Multi-Agent and Task Graphs",
  author={Chen, Dong and Lin, Shaoxin and Zeng, Muhan and Zan, Daoguang and Wang, Jian-Gang and Cheshkov, Anton and Sun, Jun and Yu, Hao and Dong, Guoliang and Aliev, Artem and others},
  journal={arXiv preprint arXiv:2406.01304},
  month = jun,
  year={2024}
}

@article{sweagent5agentless,
  title={Agentless: Demystifying {LLM}-based software engineering agents},
  author={Xia, Chunqiu Steven and Deng, Yinlin and Dunn, Soren and Zhang, Lingming},
  journal={arXiv preprint arXiv:2407.01489},
  month = jul,
  year={2024}
}

