@inproceedings{cadar2008klee,
  title={Klee: unassisted and automatic generation of high-coverage tests for complex systems programs.},
  author={Cadar, Cristian and Dunbar, Daniel and Engler, Dawson R and others},
  booktitle={OSDI},
  volume={8},
  pages={209--224},
  year={2008}
}

@inproceedings{cha2015program,
  title={Program-adaptive mutational fuzzing},
  author={Cha, Sang Kil and Woo, Maverick and Brumley, David},
  booktitle={2015 IEEE Symposium on Security and Privacy},
  pages={725--741},
  year={2015},
  organization={IEEE}
}

@article{chae2024coffee,
  title={Coffee-gym: An environment for evaluating and improving natural language feedback on erroneous code},
  author={Chae, Hyungjoo and Kwon, Taeyoon and Moon, Seungjun and Song, Yongho and Kang, Dongjin and Ong, Kai Tzu-iunn and Kwak, Beong-woo and Bae, Seonghyeon and Hwang, Seung-won and Yeo, Jinyoung},
  journal={arXiv preprint arXiv:2409.19715},
  year={2024}
}

@article{chen2023teaching,
  title={Teaching large language models to self-debug},
  author={Chen, Xinyun and Lin, Maxwell and Sch{\"a}rli, Nathanael and Zhou, Denny},
  journal={arXiv preprint arXiv:2304.05128},
  year={2023}
}

@inproceedings{chencodet,
  title={CodeT: Code Generation with Generated Tests},
  author={Chen, Bei and Zhang, Fengji and Nguyen, Anh and Zan, Daoguang and Lin, Zeqi and Lou, Jian-Guang and Chen, Weizhu},
  booktitle={The Eleventh International Conference on Learning Representations},
year={2023}
}

@inproceedings{holler2012fuzzing,
  title={Fuzzing with code fragments},
  author={Holler, Christian and Herzig, Kim and Zeller, Andreas},
  booktitle={21st USENIX Security Symposium (USENIX Security 12)},
  pages={445--458},
  year={2012}
}

@article{king1976symbolic,
  title={Symbolic execution and program testing},
  author={King, James C},
  journal={Communications of the ACM},
  volume={19},
  number={7},
  pages={385--394},
  year={1976},
  publisher={ACM New York, NY, USA}
}

@article{liu2024your,
  title={Is your code generated by chatgpt really correct? rigorous evaluation of large language models for code generation},
  author={Liu, Jiawei and Xia, Chunqiu Steven and Wang, Yuyao and Zhang, Lingming},
  journal={Advances in Neural Information Processing Systems},
  volume={36},
  year={2024}
}

@article{moon2023coffee,
  title={Coffee: Boost your code llms by fixing bugs with feedback},
  author={Moon, Seungjun and Chae, Hyungjoo and Song, Yongho and Kwon, Taeyoon and Kang, Dongjin and Ong, Kai Tzu-iunn and Hwang, Seung-won and Yeo, Jinyoung},
  journal={arXiv preprint arXiv:2311.07215},
  year={2023}
}

@inproceedings{ninext,
  title={NExT: Teaching Large Language Models to Reason about Code Execution},
  author={Ni, Ansong and Allamanis, Miltiadis and Cohan, Arman and Deng, Yinlin and Shi, Kensen and Sutton, Charles and Yin, Pengcheng},
  booktitle={Forty-first International Conference on Machine Learning},
year={2024}
}

@inproceedings{olausson2023self,
  title={Is Self-Repair a Silver Bullet for Code Generation?},
  author={Olausson, Theo X and Inala, Jeevana Priya and Wang, Chenglong and Gao, Jianfeng and Solar-Lezama, Armando},
  booktitle={The Twelfth International Conference on Learning Representations},
  year={2023}
}

@article{schafer2023empirical,
  title={An empirical evaluation of using large language models for automated unit test generation},
  author={Sch{\"a}fer, Max and Nadi, Sarah and Eghbali, Aryaz and Tip, Frank},
  journal={IEEE Transactions on Software Engineering},
  year={2023},
  publisher={IEEE}
}

@article{zhong2024ldb,
  title={Ldb: A large language model debugger via verifying runtime execution step-by-step},
  author={Zhong, Li and Wang, Zilong and Shang, Jingbo},
  journal={arXiv preprint arXiv:2402.16906},
  year={2024}
}

