@article{achiam2023gpt,
  title={Gpt-4 technical report},
  author={Achiam, Josh and Adler, Steven and Agarwal, Sandhini and Ahmad, Lama and Akkaya, Ilge and Aleman, Florencia Leoni and Almeida, Diogo and Altenschmidt, Janko and Altman, Sam and Anadkat, Shyamal and others},
  journal={arXiv preprint arXiv:2303.08774},
  year={2023}
}
@article{dubey2024llama,
  title={The llama 3 herd of models},
  author={Dubey, Abhimanyu and Jauhri, Abhinav and Pandey, Abhinav and Kadian, Abhishek and Al-Dahle, Ahmad and Letman, Aiesha and Mathur, Akhil and Schelten, Alan and Yang, Amy and Fan, Angela and others},
  journal={arXiv preprint arXiv:2407.21783},
  year={2024}
}
@article{liu2024skywork,
  title={Skywork-Reward: Bag of Tricks for Reward Modeling in LLMs},
  author={Liu, Chris Yuhao and Zeng, Liang and Liu, Jiacai and Yan, Rui and He, Jujie and Wang, Chaojie and Yan, Shuicheng and Liu, Yang and Zhou, Yahui},
  journal={arXiv preprint arXiv:2410.18451},
  year={2024}
}
@misc{RewardBench,
    title={RewardBench: Evaluating Reward Models for Language Modeling},
    author={Lambert, Nathan and Pyatkin, Valentina and Morrison, Jacob and Miranda, LJ and Lin, Bill Yuchen and Chandu, Khyathi and Dziri, Nouha and Kumar, Sachin and Zick, Tom and Choi, Yejin and Smith, Noah A. and Hajishirzi, Hannaneh},
    year={2024},
url={https://huggingface.co/spaces/allenai/reward-bench}
}
@article{prasad2024self,
  title={Self-Consistency Preference Optimization},
  author={Prasad, Archiki and Yuan, Weizhe and Pang, Richard Yuanzhe and Xu, Jing and Fazel-Zarandi, Maryam and Bansal, Mohit and Sukhbaatar, Sainbayar and Weston, Jason and Yu, Jane},
  journal={arXiv preprint arXiv:2411.04109},
  year={2024}
}
@book{beck2022test,
  title={Test driven development: By example},
  author={Beck, Kent},
  year={2022},
  publisher={Addison-Wesley Professional}
}
@article{kulal2019spoc,
  title={Spoc: Search-based pseudocode to code},
  author={Kulal, Sumith and Pasupat, Panupong and Chandra, Kartik and Lee, Mina and Padon, Oded and Aiken, Alex and Liang, Percy S},
  journal={Advances in Neural Information Processing Systems},
  volume={32},
  year={2019}
}
@article{claude3modelcard,
  title={The Claude 3 Model Family: Opus, Sonnet, Haiku},
  author={Anthropic},
  year={2024},
  url = {https://www-cdn.anthropic.com/de8ba9b01c9ab7cbabf5c33b80b7bbc618857627/Model_Card_Claude_3.pdf}
}
@article{dettmers2023qlora,
  title={Qlora: Efficient finetuning of quantized llms},
  author={Dettmers, Tim and Pagnoni, Artidoro and Holtzman, Ari and Zettlemoyer, Luke},
  journal={Advances in neural information processing systems},
  volume={36},
  pages={10088--10115},
  year={2023}
}
@article{team2023gemini,
  title={Gemini: a family of highly capable multimodal models},
  author={Team Gemini and Anil, Rohan and Borgeaud, Sebastian and Alayrac, Jean-Baptiste and Yu, Jiahui and Soricut, Radu and Schalkwyk, Johan and Dai, Andrew M and Hauth, Anja and Millican, Katie and others},
  journal={arXiv preprint arXiv:2312.11805},
  year={2023}
}
@article{austin2021program,
  title={Program synthesis with large language models},
  author={Austin, Jacob and Odena, Augustus and Nye, Maxwell and Bosma, Maarten and Michalewski, Henryk and Dohan, David and Jiang, Ellen and Cai, Carrie and Terry, Michael and Le, Quoc and others},
  journal={arXiv preprint arXiv:2108.07732},
  year={2021}
}
@article{gehring2024rlef,
  title={Rlef: Grounding code llms in execution feedback with reinforcement learning},
  author={Gehring, Jonas and Zheng, Kunhao and Copet, Jade and Mella, Vegard and Cohen, Taco and Synnaeve, Gabriel},
  journal={arXiv preprint arXiv:2410.02089},
  year={2024}
}
@article{liu2023rltf,
  title={Rltf: Reinforcement learning from unit test feedback},
  author={Liu, Jiate and Zhu, Yiqin and Xiao, Kaiwen and Fu, Qiang and Han, Xiao and Yang, Wei and Ye, Deheng},
  journal={arXiv preprint arXiv:2307.04349},
  year={2023}
}
@article{chen2023teaching,
  title={Teaching large language models to self-debug},
  author={Chen, Xinyun and Lin, Maxwell and Sch{\"a}rli, Nathanael and Zhou, Denny},
  journal={arXiv preprint arXiv:2304.05128},
  year={2023}
}
@article{zhang2024generative,
  title={Generative verifiers: Reward modeling as next-token prediction},
  author={Zhang, Lunjun and Hosseini, Arian and Bansal, Hritik and Kazemi, Mehran and Kumar, Aviral and Agarwal, Rishabh},
  journal={arXiv preprint arXiv:2408.15240},
  year={2024}
}
@article{mahan2024generative,
  title={Generative reward models},
  author={Mahan, Dakota and Van Phung, Duy and Rafailov, Rafael and Blagden, Chase and Lile, Nathan and Castricato, Louis and Fr{\"a}nken, Jan-Philipp and Finn, Chelsea and Albalak, Alon},
  journal={arXiv preprint arXiv:2410.12832},
  year={2024}
}
@article{hu2021lora,
  title={Lora: Low-rank adaptation of large language models},
  author={Hu, Edward J and Shen, Yelong and Wallis, Phillip and Allen-Zhu, Zeyuan and Li, Yuanzhi and Wang, Shean and Wang, Lu and Chen, Weizhu},
  journal={arXiv preprint arXiv:2106.09685},
  year={2021}
}
@article{schafer2023empirical,
  title={An empirical evaluation of using large language models for automated unit test generation},
  author={Sch{\"a}fer, Max and Nadi, Sarah and Eghbali, Aryaz and Tip, Frank},
  journal={IEEE Transactions on Software Engineering},
  year={2023},
  publisher={IEEE}
}
@inproceedings{chencodet,
  title={CodeT: Code Generation with Generated Tests},
  author={Chen, Bei and Zhang, Fengji and Nguyen, Anh and Zan, Daoguang and Lin, Zeqi and Lou, Jian-Guang and Chen, Weizhu},
  booktitle={The Eleventh International Conference on Learning Representations},
year={2023}
}

@inproceedings{holler2012fuzzing,
  title={Fuzzing with code fragments},
  author={Holler, Christian and Herzig, Kim and Zeller, Andreas},
  booktitle={21st USENIX Security Symposium (USENIX Security 12)},
  pages={445--458},
  year={2012}
}
@inproceedings{cha2015program,
  title={Program-adaptive mutational fuzzing},
  author={Cha, Sang Kil and Woo, Maverick and Brumley, David},
  booktitle={2015 IEEE Symposium on Security and Privacy},
  pages={725--741},
  year={2015},
  organization={IEEE}
}

@article{steenhoek2023reinforcement,
  title={Reinforcement learning from automatic feedback for high-quality unit test generation},
  author={Steenhoek, Benjamin and Tufano, Michele and Sundaresan, Neel and Svyatkovskiy, Alexey},
  journal={arXiv preprint arXiv:2310.02368},
  year={2023}
}
@inproceedings{ninext,
  title={NExT: Teaching Large Language Models to Reason about Code Execution},
  author={Ni, Ansong and Allamanis, Miltiadis and Cohan, Arman and Deng, Yinlin and Shi, Kensen and Sutton, Charles and Yin, Pengcheng},
  booktitle={Forty-first International Conference on Machine Learning},
year={2024}
}
@article{moon2023coffee,
  title={Coffee: Boost your code llms by fixing bugs with feedback},
  author={Moon, Seungjun and Chae, Hyungjoo and Song, Yongho and Kwon, Taeyoon and Kang, Dongjin and Ong, Kai Tzu-iunn and Hwang, Seung-won and Yeo, Jinyoung},
  journal={arXiv preprint arXiv:2311.07215},
  year={2023}
}
@article{chae2024coffee,
  title={Coffee-gym: An environment for evaluating and improving natural language feedback on erroneous code},
  author={Chae, Hyungjoo and Kwon, Taeyoon and Moon, Seungjun and Song, Yongho and Kang, Dongjin and Ong, Kai Tzu-iunn and Kwak, Beong-woo and Bae, Seonghyeon and Hwang, Seung-won and Yeo, Jinyoung},
  journal={arXiv preprint arXiv:2409.19715},
  year={2024}
}
@inproceedings{olausson2023self,
  title={Is Self-Repair a Silver Bullet for Code Generation?},
  author={Olausson, Theo X and Inala, Jeevana Priya and Wang, Chenglong and Gao, Jianfeng and Solar-Lezama, Armando},
  booktitle={The Twelfth International Conference on Learning Representations},
  year={2023}
}

@inproceedings{
muennighoff2024octopack,
title={OctoPack: Instruction Tuning Code Large Language Models},
author={Niklas Muennighoff and Qian Liu and Armel Randy Zebaze and Qinkai Zheng and Binyuan Hui and Terry Yue Zhuo and Swayam Singh and Xiangru Tang and Leandro Von Werra and Shayne Longpre},
booktitle={The Twelfth International Conference on Learning Representations},
year={2024},
url={https://openreview.net/forum?id=mw1PWNSWZP}
}

@article{tian2024debugbench,
  title={Debugbench: Evaluating debugging capability of large language models},
  author={Tian, Runchu and Ye, Yining and Qin, Yujia and Cong, Xin and Lin, Yankai and Pan, Yinxu and Wu, Yesai and Hui, Haotian and Liu, Weichuan and Liu, Zhiyuan and others},
  journal={arXiv preprint arXiv:2401.04621},
  year={2024}
}
@article{llama3modelcard,
  title={Llama 3 Model Card},
  author={AI@Meta},
  year={2024},
  url = {https://github.com/meta-llama/llama3/blob/main/MODEL_CARD.md}
}

@article{team2024gemma,
  title={Gemma: Open models based on gemini research and technology},
  author={Team, Gemma and Mesnard, Thomas and Hardin, Cassidy and Dadashi, Robert and Bhupatiraju, Surya and Pathak, Shreya and Sifre, Laurent and Rivi{\`e}re, Morgane and Kale, Mihir Sanjay and Love, Juliette and others},
  journal={arXiv preprint arXiv:2403.08295},
  year={2024}
}


@article{madaan2024self,
  title={Self-refine: Iterative refinement with self-feedback},
  author={Madaan, Aman and Tandon, Niket and Gupta, Prakhar and Hallinan, Skyler and Gao, Luyu and Wiegreffe, Sarah and Alon, Uri and Dziri, Nouha and Prabhumoye, Shrimai and Yang, Yiming and others},
  journal={Advances in Neural Information Processing Systems},
  volume={36},
  year={2024}
}
@article{shinn2024reflexion,
  title={Reflexion: Language agents with verbal reinforcement learning},
  author={Shinn, Noah and Cassano, Federico and Gopinath, Ashwin and Narasimhan, Karthik and Yao, Shunyu},
  journal={Advances in Neural Information Processing Systems},
  volume={36},
  year={2024}
}

@article{jain2024livecodebench,
  title={Livecodebench: Holistic and contamination free evaluation of large language models for code},
  author={Jain, Naman and Han, King and Gu, Alex and Li, Wen-Ding and Yan, Fanjia and Zhang, Tianjun and Wang, Sida and Solar-Lezama, Armando and Sen, Koushik and Stoica, Ion},
  journal={arXiv preprint arXiv:2403.07974},
  year={2024}
}

@article{zelikman2022star,
  title={{STaR}: Bootstrapping reasoning with reasoning},
  author={Zelikman, Eric and Wu, Yuhuai and Mu, Jesse and Goodman, Noah},
  journal={Advances in Neural Information Processing Systems},
  volume={35},
  pages={15476--15488},
  year={2022}
}

@article{wei2022chain,
  title={Chain-of-thought prompting elicits reasoning in large language models},
  author={Wei, Jason and Wang, Xuezhi and Schuurmans, Dale and Bosma, Maarten and Xia, Fei and Chi, Ed and Le, Quoc V and Zhou, Denny and others},
  journal={Advances in neural information processing systems},
  volume={35},
  pages={24824--24837},
  year={2022}
}

@article{gu2024cruxeval,
  title={Cruxeval: A benchmark for code reasoning, understanding and execution},
  author={Gu, Alex and Rozi{\`e}re, Baptiste and Leather, Hugh and Solar-Lezama, Armando and Synnaeve, Gabriel and Wang, Sida I},
  journal={arXiv preprint arXiv:2401.03065},
  year={2024}
}

@article{king1976symbolic,
  title={Symbolic execution and program testing},
  author={King, James C},
  journal={Communications of the ACM},
  volume={19},
  number={7},
  pages={385--394},
  year={1976},
  publisher={ACM New York, NY, USA}
}
@inproceedings{cadar2008klee,
  title={Klee: unassisted and automatic generation of high-coverage tests for complex systems programs.},
  author={Cadar, Cristian and Dunbar, Daniel and Engler, Dawson R and others},
  booktitle={OSDI},
  volume={8},
  pages={209--224},
  year={2008}
}

@inproceedings{
    yuan2024selfrewarding,
    title={Self-Rewarding Language Models},
    author={Weizhe Yuan and Richard Yuanzhe Pang and Kyunghyun Cho and Xian Li and Sainbayar Sukhbaatar and Jing Xu and Jason E Weston},
    booktitle={Forty-first International Conference on Machine Learning},
    year={2024},
    url={https://openreview.net/forum?id=0NphYCmgua}
}
@article{zheng2023judging,
  title={Judging llm-as-a-judge with mt-bench and chatbot arena},
  author={Zheng, Lianmin and Chiang, Wei-Lin and Sheng, Ying and Zhuang, Siyuan and Wu, Zhanghao and Zhuang, Yonghao and Lin, Zi and Li, Zhuohan and Li, Dacheng and Xing, Eric and others},
  journal={Advances in Neural Information Processing Systems},
  volume={36},
  pages={46595--46623},
  year={2023}
}
@inproceedings{
chen2024self,
title={Self-Play Fine-Tuning Converts Weak Language Models to Strong Language Models},
author={Zixiang Chen and Yihe Deng and Huizhuo Yuan and Kaixuan Ji and Quanquan Gu},
booktitle={Forty-first International Conference on Machine Learning},
year={2024},
url={https://openreview.net/forum?id=O4cHTxW9BS}
}

@article{wang2024self,
  title={Self-taught evaluators},
  author={Wang, Tianlu and Kulikov, Ilia and Golovneva, Olga and Yu, Ping and Yuan, Weizhe and Dwivedi-Yu, Jane and Pang, Richard Yuanzhe and Fazel-Zarandi, Maryam and Weston, Jason and Li, Xian},
  journal={arXiv preprint arXiv:2408.02666},
  year={2024}
}
@article{liu2024your,
  title={Is your code generated by chatgpt really correct? rigorous evaluation of large language models for code generation},
  author={Liu, Jiawei and Xia, Chunqiu Steven and Wang, Yuyao and Zhang, Lingming},
  journal={Advances in Neural Information Processing Systems},
  volume={36},
  year={2024}
}
@article{zhong2024ldb,
  title={Ldb: A large language model debugger via verifying runtime execution step-by-step},
  author={Zhong, Li and Wang, Zilong and Shang, Jingbo},
  journal={arXiv preprint arXiv:2402.16906},
  year={2024}
}

@article{chen2021evaluating,
  title={Evaluating large language models trained on code},
  author={Chen, Mark and Tworek, Jerry and Jun, Heewoo and Yuan, Qiming and Pinto, Henrique Ponde De Oliveira and Kaplan, Jared and Edwards, Harri and Burda, Yuri and Joseph, Nicholas and Brockman, Greg and others},
  journal={arXiv preprint arXiv:2107.03374},
  year={2021}
}
@article{li2023starcoder,
  title={Starcoder: may the source be with you!},
  author={Li, Raymond and Allal, Loubna Ben and Zi, Yangtian and Muennighoff, Niklas and Kocetkov, Denis and Mou, Chenghao and Marone, Marc and Akiki, Christopher and Li, Jia and Chim, Jenny and others},
  journal={arXiv preprint arXiv:2305.06161},
  year={2023}
}
@article{roziere2023code,
  title={Code llama: Open foundation models for code},
  author={Roziere, Baptiste and Gehring, Jonas and Gloeckle, Fabian and Sootla, Sten and Gat, Itai and Tan, Xiaoqing Ellen and Adi, Yossi and Liu, Jingyu and Sauvestre, Romain and Remez, Tal and others},
  journal={arXiv preprint arXiv:2308.12950},
  year={2023}
}
@article{guo2024deepseek,
  title={DeepSeek-Coder: When the Large Language Model Meets Programming--The Rise of Code Intelligence},
  author={Guo, Daya and Zhu, Qihao and Yang, Dejian and Xie, Zhenda and Dong, Kai and Zhang, Wentao and Chen, Guanting and Bi, Xiao and Wu, Yu and Li, YK and others},
  journal={arXiv preprint arXiv:2401.14196},
  year={2024}
}
@article{hui2024qwen2,
  title={Qwen2. 5-Coder Technical Report},
  author={Hui, Binyuan and Yang, Jian and Cui, Zeyu and Yang, Jiaxi and Liu, Dayiheng and Zhang, Lei and Liu, Tianyu and Zhang, Jiajun and Yu, Bowen and Dang, Kai and others},
  journal={arXiv preprint arXiv:2409.12186},
  year={2024}
}
@inproceedings{langley00,
 author    = {P. Langley},
 title     = {Crafting Papers on Machine Learning},
 year      = {2000},
 pages     = {1207--1216},
 editor    = {Pat Langley},
 booktitle     = {Proceedings of the 17th International Conference
              on Machine Learning (ICML 2000)},
 address   = {Stanford, CA},
 publisher = {Morgan Kaufmann}
}

@TechReport{mitchell80,
  author = 	 "T. M. Mitchell",
  title = 	 "The Need for Biases in Learning Generalizations",
  institution =  "Computer Science Department, Rutgers University",
  year = 	 "1980",
  address =	 "New Brunswick, MA",
}

@phdthesis{kearns89,
  author = {M. J. Kearns},
  title =  {Computational Complexity of Machine Learning},
  school = {Department of Computer Science, Harvard University},
  year =   {1989}
}

@Book{MachineLearningI,
  editor = 	 "R. S. Michalski and J. G. Carbonell and T.
		  M. Mitchell",
  title = 	 "Machine Learning: An Artificial Intelligence
		  Approach, Vol. I",
  publisher = 	 "Tioga",
  year = 	 "1983",
  address =	 "Palo Alto, CA"
}

@Book{DudaHart2nd,
  author =       "R. O. Duda and P. E. Hart and D. G. Stork",
  title =        "Pattern Classification",
  publisher =    "John Wiley and Sons",
  edition =      "2nd",
  year =         "2000"
}

@misc{anonymous,
  title= {Suppressed for Anonymity},
  author= {Author, N. N.},
  year= {2021}
}

@InCollection{Newell81,
  author =       "A. Newell and P. S. Rosenbloom",
  title =        "Mechanisms of Skill Acquisition and the Law of
                  Practice", 
  booktitle =    "Cognitive Skills and Their Acquisition",
  pages =        "1--51",
  publisher =    "Lawrence Erlbaum Associates, Inc.",
  year =         "1981",
  editor =       "J. R. Anderson",
  chapter =      "1",
  address =      "Hillsdale, NJ"
}


@Article{Samuel59,
  author = 	 "A. L. Samuel",
  title = 	 "Some Studies in Machine Learning Using the Game of
		  Checkers",
  journal =	 "IBM Journal of Research and Development",
  year =	 "1959",
  volume =	 "3",
  number =	 "3",
  pages =	 "211--229"
}


@article{quality_improvement_tdd,
  author       = {Nachiappan Nagappan and
                  E. Michael Maximilien and
                  Thirumalesh Bhat and
                  Laurie A. Williams},
  title        = {Realizing quality improvement through test driven development: results
                  and experiences of four industrial teams},
  journal      = {Empir. Softw. Eng.},
  volume       = {13},
  number       = {3},
  pages        = {289--302},
  year         = {2008},
  url          = {https://doi.org/10.1007/s10664-008-9062-z},
  doi          = {10.1007/S10664-008-9062-Z},
  timestamp    = {Mon, 07 Sep 2020 10:46:55 +0200},
  biburl       = {https://dblp.org/rec/journals/ese/NagappanMBW08.bib},
  bibsource    = {dblp computer science bibliography, https://dblp.org}
}

@INPROCEEDINGS{tdd_at_ibm,
  author={Maximilien, E.M. and Williams, L.},
  booktitle={25th International Conference on Software Engineering, 2003. Proceedings.}, 
  title={Assessing test-driven development at IBM}, 
  year={2003},
  volume={},
  number={},
  pages={564-569},
  keywords={System testing;Software testing;Software systems;Programming;Software standards;Standards development;Productivity;Automatic testing;Life testing;Contracts},
  doi={10.1109/ICSE.2003.1201238}}
@article{lambert2024tulu3,
  title = {Tülu 3: Pushing Frontiers in Open Language Model Post-Training},
  author = {
    Nathan Lambert and 
    Jacob Morrison and 
    Valentina Pyatkin and 
    Shengyi Huang and 
    Hamish Ivison and 
    Faeze Brahman and 
    Lester James V. Miranda and 
    Alisa Liu and 
    Nouha Dziri and 
    Shane Lyu and 
    Yuling Gu and 
    Saumya Malik and 
    Victoria Graf and 
    Jena D. Hwang and 
    Jiangjiang Yang and
    Ronan Le Bras and
    Oyvind Tafjord and
    Chris Wilhelm and
    Luca Soldaini and 
    Noah A. Smith and 
    Yizhong Wang and 
    Pradeep Dasigi and 
    Hannaneh Hajishirzi
  },
  year = {2024},
  email = {tulu@allenai.org}
}


@INPROCEEDINGS{parameterized_unit_testing,
  author={Tillmann, Nikolai and de Halleux, Jonathan and Xie, Tao},
  booktitle={2010 ACM/IEEE 32nd International Conference on Software Engineering}, 
  title={Parameterized unit testing: theory and practice}, 
  year={2010},
  volume={2},
  number={},
  pages={483-484},
  keywords={Testing;Tutorials;Software;Writing;Education;Programming;USA Councils;Pex;mock objects;parameterized unit testing;symbolic execution;testing;theories;unit testing},
  doi={10.1145/1810295.1810441}}

@misc{judgebench2024,
  title={JudgeBench: A Benchmark for Evaluating LLM-Based Judges},
  author={Sijun Tan and Siyuan Zhuang and Kyle Montgomery and Willian Y. Tang and Alejandro Cuadron and Chenguang Wang and Raluca Ada Popa and Ion Stoica},
  year={2024},
  archivePrefix={arXiv},
  url={https://arxiv.org/abs/2410.12784}
}

@misc{rlef,
      title={RLEF: Grounding Code LLMs in Execution Feedback with Reinforcement Learning}, 
      author={Jonas Gehring and Kunhao Zheng and Jade Copet and Vegard Mella and Taco Cohen and Gabriel Synnaeve},
      year={2024},
      eprint={2410.02089},
      archivePrefix={arXiv},
      primaryClass={cs.CL},
      url={https://arxiv.org/abs/2410.02089}, 
}

@inproceedings{stepcoder,
    title = "{S}tep{C}oder: Improving Code Generation with Reinforcement Learning from Compiler Feedback",
    author = "Dou, Shihan  and
      Liu, Yan  and
      Jia, Haoxiang  and
      Zhou, Enyu  and
      Xiong, Limao  and
      Shan, Junjie  and
      Huang, Caishuang  and
      Wang, Xiao  and
      Fan, Xiaoran  and
      Xi, Zhiheng  and
      Zhou, Yuhao  and
      Ji, Tao  and
      Zheng, Rui  and
      Zhang, Qi  and
      Gui, Tao  and
      Huang, Xuanjing",
    editor = "Ku, Lun-Wei  and
      Martins, Andre  and
      Srikumar, Vivek",
    booktitle = "Proceedings of the 62nd Annual Meeting of the Association for Computational Linguistics (Volume 1: Long Papers)",
    month = aug,
    year = "2024",
    address = "Bangkok, Thailand",
    publisher = "Association for Computational Linguistics",
    url = "https://aclanthology.org/2024.acl-long.251/",
    doi = "10.18653/v1/2024.acl-long.251",
    pages = "4571--4585",
}

@inproceedings{wang2022self,
  title={Self-Consistency Improves Chain of Thought Reasoning in Language Models},
  author={Wang, Xuezhi and Wei, Jason and Schuurmans, Dale and Le, Quoc V and Chi, Ed H and Narang, Sharan and Chowdhery, Aakanksha and Zhou, Denny},
  booktitle={The Eleventh International Conference on Learning Representations},
  year={2022}
}

@article{ficco2011bug,
  title={Bug Localization in Test-Driven Development},
  author={Ficco, Massimo and Pietrantuono, Roberto and Russo, Stefano},
  journal={Advances in Software Engineering},
  volume={2011},
  number={1},
  pages={492757},
  year={2011},
  publisher={Wiley Online Library}
}

@inproceedings{huang2024large,
title={Large Language Models Cannot Self-Correct Reasoning Yet},
author={Jie Huang and Xinyun Chen and Swaroop Mishra and Huaixiu Steven Zheng and Adams Wei Yu and Xinying Song and Denny Zhou},
booktitle={The Twelfth International Conference on Learning Representations},
year={2024},
url={https://openreview.net/forum?id=IkmD3fKBPQ}
}

@inproceedings{shridhar2024art,
  title={The ART of LLM Refinement: Ask, Refine, and Trust},
  author={Shridhar, Kumar and Sinha, Koustuv and Cohen, Andrew and Wang, Tianlu and Yu, Ping and Pasunuru, Ramakanth and Sachan, Mrinmaya and Weston, Jason and Celikyilmaz, Asli},
  booktitle={Proceedings of the 2024 Conference of the North American Chapter of the Association for Computational Linguistics: Human Language Technologies},
  year={2024}
}

@article{stechly2024selfverification,
      title={On the Self-Verification Limitations of Large Language Models on Reasoning and Planning Tasks}, 
      author={Kaya Stechly and Karthik Valmeekam and Subbarao Kambhampati},
      year={2024},
      eprint={2402.08115},
      journal={arXiv preprint arXiv:2402.08115},
      archivePrefix={arXiv},
      primaryClass={cs.AI},
      url={https://arxiv.org/abs/2402.08115}, 
}

@article{chen2024magicore,
      title={MAgICoRe: Multi-Agent, Iterative, Coarse-to-Fine Refinement for Reasoning}, 
      author={Justin Chih-Yao Chen and Archiki Prasad and Swarnadeep Saha and Elias Stengel-Eskin and Mohit Bansal},
      year={2024},
      eprint={2409.12147},
      journal={arXiv preprint arXiv:2409.12147},
      archivePrefix={arXiv},
      primaryClass={cs.CL},
      url={https://arxiv.org/abs/2409.12147}, 
}

@inproceedings{
    swe_bench,
    title={{SWE}-bench: Can Language Models Resolve Real-world Github Issues?},
    author={Carlos E Jimenez and John Yang and Alexander Wettig and Shunyu Yao and Kexin Pei and Ofir Press and Karthik R Narasimhan},
    booktitle={The Twelfth International Conference on Learning Representations},
    year={2024},
    url={https://openreview.net/forum?id=VTF8yNQM66}
}

@article{rices_theorem,
  title={Classes of recursively enumerable sets and their decision problems},
  author={Rice, Henry Gordon},
  journal={Transactions of the American Mathematical Society},
  volume={74},
  number={2},
  pages={358--366},
  year={1953},
  publisher={American Mathematical Society}
}

@article{lightman2023let,
  title={Let's Verify Step by Step},
  author={Lightman, Hunter and Kosaraju, Vineet and Burda, Yura and Edwards, Harri and Baker, Bowen and Lee, Teddy and Leike, Jan and Schulman, John and Sutskever, Ilya and Cobbe, Karl},
  journal={arXiv preprint arXiv:2305.20050},
  year={2023}
}

@article{snell2024scaling,
      title={Scaling LLM Test-Time Compute Optimally can be More Effective than Scaling Model Parameters}, 
      author={Charlie Snell and Jaehoon Lee and Kelvin Xu and Aviral Kumar},
      year={2024},
      eprint={2408.03314},
      journal={arXiv preprint arXiv:2408.03314},
      archivePrefix={arXiv},
      primaryClass={cs.LG},
      url={https://arxiv.org/abs/2408.03314}, 
}

@misc{deepseek-coder,
  author = {Daya Guo and Qihao Zhu and Dejian Yang and Zhenda Xie and Kai Dong and Wentao Zhang and Guanting Chen and Xiao Bi and Y. Wu and Y.K. Li and Fuli Luo and Yingfei Xiong and Wenfeng Liang},
  title = {DeepSeek-Coder: When the Large Language Model Meets Programming -- The Rise of Code Intelligence},
  journal = {CoRR},
  volume = {abs/2401.14196},
  year = {2024},
  url = {https://arxiv.org/abs/2401.14196},
}

@article{octopack,
      title={OctoPack: Instruction Tuning Code Large Language Models}, 
      author={Niklas Muennighoff and Qian Liu and Armel Zebaze and Qinkai Zheng and Binyuan Hui and Terry Yue Zhuo and Swayam Singh and Xiangru Tang and Leandro von Werra and Shayne Longpre},
      journal={arXiv preprint arXiv:2308.07124},
      year={2023}
}