@inproceedings{NEURIPS2018_3ea2db50,
 author = {Malinin, Andrey and Gales, Mark},
 booktitle = {Advances in Neural Information Processing Systems},
 editor = {S. Bengio and H. Wallach and H. Larochelle and K. Grauman and N. Cesa-Bianchi and R. Garnett},
 pages = {},
 publisher = {Curran Associates, Inc.},
 title = {Predictive Uncertainty Estimation via Prior Networks},
 volume = {31},
 year = {2018}
}

@inproceedings{NEURIPS2018_abdeb6f5,
 author = {Lee, Kimin and Lee, Kibok and Lee, Honglak and Shin, Jinwoo},
 booktitle = {Advances in Neural Information Processing Systems},
 editor = {S. Bengio and H. Wallach and H. Larochelle and K. Grauman and N. Cesa-Bianchi and R. Garnett},
 pages = {},
 publisher = {Curran Associates, Inc.},
 title = {A Simple Unified Framework for Detecting Out-of-Distribution Samples and Adversarial Attacks},
 volume = {31},
 year = {2018}
}

@inproceedings{NEURIPS2019_7dd2ae7d,
 author = {Malinin, Andrey and Gales, Mark},
 booktitle = {Advances in Neural Information Processing Systems},
 editor = {H. Wallach and H. Larochelle and A. Beygelzimer and F. d\textquotesingle Alch\'{e}-Buc and E. Fox and R. Garnett},
 pages = {},
 publisher = {Curran Associates, Inc.},
 title = {Reverse KL-Divergence Training of Prior Networks: Improved Uncertainty and Adversarial Robustness},
 volume = {32},
 year = {2019}
}

@inproceedings{NEURIPS2020_1e6e25d9,
 author = {Chapel, Laetitia and Alaya, Mokhtar Z. and Gasso, Gilles},
 booktitle = {Advances in Neural Information Processing Systems},
 editor = {H. Larochelle and M. Ranzato and R. Hadsell and M.F. Balcan and H. Lin},
 pages = {2903--2913},
 publisher = {Curran Associates, Inc.},
 title = {Partial Optimal Tranport with applications on Positive-Unlabeled Learning},
 volume = {33},
 year = {2020}
}

@inproceedings{NEURIPS2020_28e209b6,
 author = {Jeong, Taewon and Kim, Heeyoung},
 booktitle = {Advances in Neural Information Processing Systems},
 editor = {H. Larochelle and M. Ranzato and R. Hadsell and M.F. Balcan and H. Lin},
 pages = {3907--3916},
 publisher = {Curran Associates, Inc.},
 title = {OOD-MAML: Meta-Learning for Few-Shot Out-of-Distribution Detection and Classification},
 volume = {33},
 year = {2020}
}

@inproceedings{NEURIPS2020_8965f766,
 author = {Tack, Jihoon and Mo, Sangwoo and Jeong, Jongheon and Shin, Jinwoo},
 booktitle = {Advances in Neural Information Processing Systems},
 editor = {H. Larochelle and M. Ranzato and R. Hadsell and M.F. Balcan and H. Lin},
 pages = {11839--11852},
 publisher = {Curran Associates, Inc.},
 title = {CSI: Novelty Detection via Contrastive Learning on Distributionally Shifted Instances},
 volume = {33},
 year = {2020}
}

@inproceedings{NEURIPS2020_f5496252,
 author = {Liu, Weitang and Wang, Xiaoyun and Owens, John and Li, Yixuan},
 booktitle = {Advances in Neural Information Processing Systems},
 editor = {H. Larochelle and M. Ranzato and R. Hadsell and M.F. Balcan and H. Lin},
 pages = {21464--21475},
 publisher = {Curran Associates, Inc.},
 title = {Energy-based Out-of-distribution Detection},
 volume = {33},
 year = {2020}
}

@inproceedings{NEURIPS2021_47b4f1bf,
 author = {Garg, Saurabh and Wu, Yifan and Smola, Alexander J and Balakrishnan, Sivaraman and Lipton, Zachary},
 booktitle = {Advances in Neural Information Processing Systems},
 editor = {M. Ranzato and A. Beygelzimer and Y. Dauphin and P.S. Liang and J. Wortman Vaughan},
 pages = {8532--8544},
 publisher = {Curran Associates, Inc.},
 title = {Mixture Proportion Estimation and PU Learning:A Modern Approach},
 volume = {34},
 year = {2021}
}

@inproceedings{NEURIPS2021_f4334c13,
 author = {Zhou, Zhi and Guo, Lan-Zhe and Cheng, Zhanzhan and Li, Yu-Feng and Pu, Shiliang},
 booktitle = {Advances in Neural Information Processing Systems},
 editor = {M. Ranzato and A. Beygelzimer and Y. Dauphin and P.S. Liang and J. Wortman Vaughan},
 pages = {29168--29180},
 publisher = {Curran Associates, Inc.},
 title = {STEP: Out-of-Distribution Detection in the Presence of Limited In-Distribution Labeled Data},
 volume = {34},
 year = {2021}
}

@inproceedings{NEURIPS2022_804dbf8d,
 author = {Du, Xuefeng and Gozum, Gabriel and Ming, Yifei and Li, Yixuan},
 booktitle = {Advances in Neural Information Processing Systems},
 editor = {S. Koyejo and S. Mohamed and A. Agarwal and D. Belgrave and K. Cho and A. Oh},
 pages = {20434--20449},
 publisher = {Curran Associates, Inc.},
 title = {SIREN: Shaping Representations for Detecting Out-of-Distribution Objects},
 volume = {35},
 year = {2022}
}

@inproceedings{NEURIPS2022_8d5f526a,
 author = {Garg, Saurabh and Balakrishnan, Sivaraman and Lipton, Zachary},
 booktitle = {Advances in Neural Information Processing Systems},
 editor = {S. Koyejo and S. Mohamed and A. Agarwal and D. Belgrave and K. Cho and A. Oh},
 pages = {22531--22546},
 publisher = {Curran Associates, Inc.},
 title = {Domain Adaptation under Open Set Label Shift},
 volume = {35},
 year = {2022}
}

@inproceedings{NEURIPS2022_f0e91b13,
 author = {Fang, Zhen and Li, Yixuan and Lu, Jie and Dong, Jiahua and Han, Bo and Liu, Feng},
 booktitle = {Advances in Neural Information Processing Systems},
 editor = {S. Koyejo and S. Mohamed and A. Agarwal and D. Belgrave and K. Cho and A. Oh},
 pages = {37199--37213},
 publisher = {Curran Associates, Inc.},
 title = {Is Out-of-Distribution Detection Learnable?},
 volume = {35},
 year = {2022}
}

@inproceedings{NEURIPS2023_bf5311df,
 author = {Du, Xuefeng and Sun, Yiyou and Zhu, Jerry and Li, Yixuan},
 booktitle = {Advances in Neural Information Processing Systems},
 editor = {A. Oh and T. Naumann and A. Globerson and K. Saenko and M. Hardt and S. Levine},
 pages = {60878--60901},
 publisher = {Curran Associates, Inc.},
 title = {Dream the Impossible: Outlier Imagination with Diffusion Models},
 volume = {36},
 year = {2023}
}

@inproceedings{NEURIPS2023_e812af67,
 author = {Wang, Qizhou and Fang, Zhen and Zhang, Yonggang and Liu, Feng and Li, Yixuan and Han, Bo},
 booktitle = {Advances in Neural Information Processing Systems},
 editor = {A. Oh and T. Naumann and A. Globerson and K. Saenko and M. Hardt and S. Levine},
 pages = {73274--73286},
 publisher = {Curran Associates, Inc.},
 title = {Learning to Augment Distributions for Out-of-distribution Detection},
 volume = {36},
 year = {2023}
}

@inproceedings{NIPS2017_9ef2ed4b,
 author = {Lakshminarayanan, Balaji and Pritzel, Alexander and Blundell, Charles},
 booktitle = {Advances in Neural Information Processing Systems},
 editor = {I. Guyon and U. Von Luxburg and S. Bengio and H. Wallach and R. Fergus and S. Vishwanathan and R. Garnett},
 pages = {},
 publisher = {Curran Associates, Inc.},
 title = {Simple and Scalable Predictive Uncertainty Estimation using Deep Ensembles},
 volume = {30},
 year = {2017}
}

@inproceedings{bai2023feed,
  title={Feed two birds with one scone: Exploiting wild data for both out-of-distribution generalization and detection},
  author={Bai, Haoyue and Canal, Gregory and Du, Xuefeng and Kwon, Jeongyeol and Nowak, Robert D and Li, Yixuan},
  booktitle={International Conference on Machine Learning},
  pages={1454--1471},
  year={2023},
  organization={PMLR}
}

@inproceedings{bendale2016towards,
  title={Towards open set deep networks},
  author={Bendale, Abhijit and Boult, Terrance E},
  booktitle={Proceedings of the IEEE conference on computer vision and pattern recognition},
  pages={1563--1572},
  year={2016}
}

@inproceedings{du2022unknown,
  title={Unknown-aware object detection: Learning what you don't know from videos in the wild},
  author={Du, Xuefeng and Wang, Xin and Gozum, Gabriel and Li, Yixuan},
  booktitle={Proceedings of the IEEE/CVF Conference on Computer Vision and Pattern Recognition},
  pages={13678--13688},
  year={2022}
}

@article{fort2021exploring,
  title={Exploring the limits of out-of-distribution detection},
  author={Fort, Stanislav and Ren, Jie and Lakshminarayanan, Balaji},
  journal={Advances in Neural Information Processing Systems},
  volume={34},
  pages={7068--7081},
  year={2021}
}

@inproceedings{ghosal2024overcome,
  title={How to Overcome Curse-of-Dimensionality for Out-of-Distribution Detection?},
  author={Ghosal, Soumya Suvra and Sun, Yiyou and Li, Yixuan},
  booktitle={Proceedings of the AAAI Conference on Artificial Intelligence},
  volume={38},
  number={18},
  pages={19849--19857},
  year={2024}
}

@inproceedings{gong2018margin,
  title={Margin based PU learning},
  author={Gong, Tieliang and Wang, Guangtao and Ye, Jieping and Xu, Zongben and Lin, Ming},
  booktitle={Proceedings of the AAAI Conference on Artificial Intelligence},
  volume={32},
  number={1},
  year={2018}
}

@inproceedings{he2023topological,
  title={Topological structure learning for weakly-supervised out-of-distribution detection},
  author={He, Rundong and Li, Rongxue and Han, Zhongyi and Yang, Xihong and Yin, Yilong},
  booktitle={Proceedings of the 31st ACM International Conference on Multimedia},
  pages={4858--4866},
  year={2023}
}

@inproceedings{kwon2023improving,
  title={Improving Out-of-Distribution Detection Performance using Synthetic Outlier Exposure Generated by Visual Foundation Models.},
  author={Kwon, Gitaek and Kim, Jaeyoung and Choi, Hong-Jun and Yoon, Byung-Moo and Choi, Sungchul and Jung, Kyu-Hwan},
  booktitle={BMVC},
  pages={10--11},
  year={2023}
}

@article{lee2017training,
  title={Training confidence-calibrated classifiers for detecting out-of-distribution samples},
  author={Lee, Kimin and Lee, Honglak and Lee, Kibok and Shin, Jinwoo},
  journal={arXiv preprint arXiv:1711.09325},
  year={2017}
}

@inproceedings{letouzey2000learning,
  title={Learning from positive and unlabeled examples},
  author={Letouzey, Fabien and Denis, Fran{\c{c}}ois and Gilleron, R{\'e}mi},
  booktitle={International Conference on Algorithmic Learning Theory},
  pages={71--85},
  year={2000},
  organization={Springer}
}

@article{ming2024does,
  title={How Does Fine-Tuning Impact Out-of-Distribution Detection for Vision-Language Models?},
  author={Ming, Yifei and Li, Yixuan},
  journal={International Journal of Computer Vision},
  volume={132},
  number={2},
  pages={596--609},
  year={2024},
  publisher={Springer}
}

@article{niu2016theoretical,
  title={Theoretical comparisons of positive-unlabeled learning against positive-negative learning},
  author={Niu, Gang and Du Plessis, Marthinus Christoffel and Sakai, Tomoya and Ma, Yao and Sugiyama, Masashi},
  journal={Advances in neural information processing systems},
  volume={29},
  year={2016}
}

@InProceedings{pmlr-v162-katz-samuels22a,
  title = 	 {Training {OOD} Detectors in their Natural Habitats},
  author =       {Katz-Samuels, Julian and Nakhleh, Julia B and Nowak, Robert and Li, Yixuan},
  booktitle = 	 {Proceedings of the 39th International Conference on Machine Learning},
  pages = 	 {10848--10865},
  year = 	 {2022},
  editor = 	 {Chaudhuri, Kamalika and Jegelka, Stefanie and Song, Le and Szepesvari, Csaba and Niu, Gang and Sabato, Sivan},
  volume = 	 {162},
  series = 	 {Proceedings of Machine Learning Research},
  month = 	 {17--23 Jul},
  publisher =    {PMLR},
  pdf = 	 {https://proceedings.mlr.press/v162/katz-samuels22a/katz-samuels22a.pdf},
}

@InProceedings{pmlr-v162-ming22a,
  title = 	 {{POEM}: Out-of-Distribution Detection with Posterior Sampling},
  author =       {Ming, Yifei and Fan, Ying and Li, Yixuan},
  booktitle = 	 {Proceedings of the 39th International Conference on Machine Learning},
  pages = 	 {15650--15665},
  year = 	 {2022},
  editor = 	 {Chaudhuri, Kamalika and Jegelka, Stefanie and Song, Le and Szepesvari, Csaba and Niu, Gang and Sabato, Sivan},
  volume = 	 {162},
  series = 	 {Proceedings of Machine Learning Research},
  month = 	 {17--23 Jul},
  publisher =    {PMLR},
  pdf = 	 {https://proceedings.mlr.press/v162/ming22a/ming22a.pdf},
}

@InProceedings{pmlr-v162-wei22d,
  title = 	 {Mitigating Neural Network Overconfidence with Logit Normalization},
  author =       {Wei, Hongxin and Xie, Renchunzi and Cheng, Hao and Feng, Lei and An, Bo and Li, Yixuan},
  booktitle = 	 {Proceedings of the 39th International Conference on Machine Learning},
  pages = 	 {23631--23644},
  year = 	 {2022},
  editor = 	 {Chaudhuri, Kamalika and Jegelka, Stefanie and Song, Le and Szepesvari, Csaba and Niu, Gang and Sabato, Sivan},
  volume = 	 {162},
  series = 	 {Proceedings of Machine Learning Research},
  month = 	 {17--23 Jul},
  publisher =    {PMLR},
  pdf = 	 {https://proceedings.mlr.press/v162/wei22d/wei22d.pdf},
}

@InProceedings{pmlr-v37-hsiehb15,
  title = 	 {PU Learning for Matrix Completion},
  author = 	 {Hsieh, Cho-Jui and Natarajan, Nagarajan and Dhillon, Inderjit},
  booktitle = 	 {Proceedings of the 32nd International Conference on Machine Learning},
  pages = 	 {2445--2453},
  year = 	 {2015},
  editor = 	 {Bach, Francis and Blei, David},
  volume = 	 {37},
  series = 	 {Proceedings of Machine Learning Research},
  address = 	 {Lille, France},
  month = 	 {07--09 Jul},
  publisher =    {PMLR},
  pdf = 	 {http://proceedings.mlr.press/v37/hsiehb15.pdf},
}

@InProceedings{pmlr-v48-gal16,
  title = 	 {Dropout as a Bayesian Approximation: Representing Model Uncertainty in Deep Learning},
  author = 	 {Gal, Yarin and Ghahramani, Zoubin},
  booktitle = 	 {Proceedings of The 33rd International Conference on Machine Learning},
  pages = 	 {1050--1059},
  year = 	 {2016},
  editor = 	 {Balcan, Maria Florina and Weinberger, Kilian Q.},
  volume = 	 {48},
  series = 	 {Proceedings of Machine Learning Research},
  address = 	 {New York, New York, USA},
  month = 	 {20--22 Jun},
  publisher =    {PMLR},
  pdf = 	 {http://proceedings.mlr.press/v48/gal16.pdf},
}

@InProceedings{pmlr-v97-geifman19a,
  title = 	 {{S}elective{N}et: A Deep Neural Network with an Integrated Reject Option},
  author =       {Geifman, Yonatan and El-Yaniv, Ran},
  booktitle = 	 {Proceedings of the 36th International Conference on Machine Learning},
  pages = 	 {2151--2159},
  year = 	 {2019},
  editor = 	 {Chaudhuri, Kamalika and Salakhutdinov, Ruslan},
  volume = 	 {97},
  series = 	 {Proceedings of Machine Learning Research},
  month = 	 {09--15 Jun},
  publisher =    {PMLR},
  pdf = 	 {http://proceedings.mlr.press/v97/geifman19a/geifman19a.pdf},
}

@inproceedings{radford2021learning,
  title={Learning transferable visual models from natural language supervision},
  author={Radford, Alec and Kim, Jong Wook and Hallacy, Chris and Ramesh, Aditya and Goh, Gabriel and Agarwal, Sandhini and Sastry, Girish and Askell, Amanda and Mishkin, Pamela and Clark, Jack and others},
  booktitle={International conference on machine learning},
  pages={8748--8763},
  year={2021},
  organization={PMLR}
}

@article{ren2021simple,
  title={A simple fix to mahalanobis distance for improving near-ood detection},
  author={Ren, Jie and Fort, Stanislav and Liu, Jeremiah and Roy, Abhijit Guha and Padhy, Shreyas and Lakshminarayanan, Balaji},
  journal={arXiv preprint arXiv:2106.09022},
  year={2021}
}

@article{sun2024clip,
  title={CLIP-driven Outliers Synthesis for few-shot OOD detection},
  author={Sun, Hao and He, Rundong and Han, Zhongyi and Lin, Zhicong and Gong, Yongshun and Yin, Yilong},
  journal={arXiv preprint arXiv:2404.00323},
  year={2024}
}

@inproceedings{xu2021positive,
  title={Positive-unlabeled reward learning},
  author={Xu, Danfei and Denil, Misha},
  booktitle={Conference on Robot Learning},
  pages={205--219},
  year={2021},
  organization={PMLR}
}

@inproceedings{yang2021semantically,
  title={Semantically coherent out-of-distribution detection},
  author={Yang, Jingkang and Wang, Haoqi and Feng, Litong and Yan, Xiaopeng and Zheng, Huabin and Zhang, Wayne and Liu, Ziwei},
  booktitle={Proceedings of the IEEE/CVF International Conference on Computer Vision},
  pages={8301--8309},
  year={2021}
}

@article{yang2024generalized,
  title={Generalized out-of-distribution detection: A survey},
  author={Yang, Jingkang and Zhou, Kaiyang and Li, Yixuan and Liu, Ziwei},
  journal={International Journal of Computer Vision},
  volume={132},
  number={12},
  pages={5635--5662},
  year={2024},
  publisher={Springer}
}

@article{zheng2023out,
  title={Out-of-distribution detection learning with unreliable out-of-distribution sources},
  author={Zheng, Haotian and Wang, Qizhou and Fang, Zhen and Xia, Xiaobo and Liu, Feng and Liu, Tongliang and Han, Bo},
  journal={Advances in Neural Information Processing Systems},
  volume={36},
  pages={72110--72123},
  year={2023}
}

@article{zhu2023diversified,
  title={Diversified outlier exposure for out-of-distribution detection via informative extrapolation},
  author={Zhu, Jianing and Geng, Yu and Yao, Jiangchao and Liu, Tongliang and Niu, Gang and Sugiyama, Masashi and Han, Bo},
  journal={Advances in Neural Information Processing Systems},
  volume={36},
  pages={22702--22734},
  year={2023}
}

