@inproceedings{langley00,
 author    = {P. Langley},
 title     = {Crafting Papers on Machine Learning},
 year      = {2000},
 pages     = {1207--1216},
 editor    = {Pat Langley},
 booktitle     = {Proceedings of the 17th International Conference
              on Machine Learning (ICML 2000)},
 address   = {Stanford, CA},
 publisher = {Morgan Kaufmann}
}

@TechReport{mitchell80,
  author = 	 "T. M. Mitchell",
  title = 	 "The Need for Biases in Learning Generalizations",
  institution =  "Computer Science Department, Rutgers University",
  year = 	 "1980",
  address =	 "New Brunswick, MA",
}

@phdthesis{kearns89,
  author = {M. J. Kearns},
  title =  {Computational Complexity of Machine Learning},
  school = {Department of Computer Science, Harvard University},
  year =   {1989}
}

@Book{MachineLearningI,
  editor = 	 "R. S. Michalski and J. G. Carbonell and T.
		  M. Mitchell",
  title = 	 "Machine Learning: An Artificial Intelligence
		  Approach, Vol. I",
  publisher = 	 "Tioga",
  year = 	 "1983",
  address =	 "Palo Alto, CA"
}

@Book{DudaHart2nd,
  author =       "R. O. Duda and P. E. Hart and D. G. Stork",
  title =        "Pattern Classification",
  publisher =    "John Wiley and Sons",
  edition =      "2nd",
  year =         "2000"
}

@misc{anonymous,
  title= {Suppressed for Anonymity},
  author= {Author, N. N.},
  year= {2021}
}

@InCollection{Newell81,
  author =       "A. Newell and P. S. Rosenbloom",
  title =        "Mechanisms of Skill Acquisition and the Law of
                  Practice", 
  booktitle =    "Cognitive Skills and Their Acquisition",
  pages =        "1--51",
  publisher =    "Lawrence Erlbaum Associates, Inc.",
  year =         "1981",
  editor =       "J. R. Anderson",
  chapter =      "1",
  address =      "Hillsdale, NJ"
}


@Article{Samuel59,
  author = 	 "A. L. Samuel",
  title = 	 "Some Studies in Machine Learning Using the Game of
		  Checkers",
  journal =	 "IBM Journal of Research and Development",
  year =	 "1959",
  volume =	 "3",
  number =	 "3",
  pages =	 "211--229"
}


@incollection{Bengio+chapter2007,
author = {Bengio, Yoshua and LeCun, Yann},
booktitle = {Large Scale Kernel Machines},
publisher = {MIT Press},
title = {Scaling Learning Algorithms Towards {AI}},
year = {2007}
}

@article{Hinton06,
author = {Hinton, Geoffrey E. and Osindero, Simon and Teh, Yee Whye},
journal = {Neural Computation},
pages = {1527--1554},
title = {A Fast Learning Algorithm for Deep Belief Nets},
volume = {18},
year = {2006}
}

@book{goodfellow2016deep,
title={Deep learning},
author={Goodfellow, Ian and Bengio, Yoshua and Courville, Aaron and Bengio, Yoshua},
volume={1},
year={2016},
publisher={MIT Press}
}


@inproceedings{zhao2021calibrate,
  title={Calibrate before use: Improving few-shot performance of language models},
  author={Zhao, Zihao and Wallace, Eric and Feng, Shi and Klein, Dan and Singh, Sameer},
  booktitle={International Conference on Machine Learning},
  pages={12697--12706},
  year={2021},
  organization={PMLR}
}

@article{GPT3,
  title={Language models are few-shot learners},
  author={Brown, Tom and Mann, Benjamin and Ryder, Nick and Subbiah, Melanie and Kaplan, Jared D and Dhariwal, Prafulla and Neelakantan, Arvind and Shyam, Pranav and Sastry, Girish and Askell, Amanda and others},
  journal={Advances in neural information processing systems},
  volume={33},
  pages={1877--1901},
  year={2020}
}

@article{fort2021exploring,
  title={Exploring the limits of out-of-distribution detection},
  author={Fort, Stanislav and Ren, Jie and Lakshminarayanan, Balaji},
  journal={Advances in Neural Information Processing Systems},
  volume={34},
  pages={7068--7081},
  year={2021}
}

@article{yang2022openood,
  title={Openood: Benchmarking generalized out-of-distribution detection},
  author={Yang, Jingkang and Wang, Pengyun and Zou, Dejian and Zhou, Zitang and Ding, Kunyuan and Peng, Wenxuan and Wang, Haoqi and Chen, Guangyao and Li, Bo and Sun, Yiyou and others},
  journal={Advances in Neural Information Processing Systems},
  volume={35},
  pages={32598--32611},
  year={2022}
}


@article{chen2024diversity,
  title={On the Diversity of Synthetic Data and its Impact on Training Large Language Models},
  author={Chen, Hao and Waheed, Abdul and Li, Xiang and Wang, Yidong and Wang, Jindong and Raj, Bhiksha and Abdin, Marah I},
  journal={arXiv preprint arXiv:2410.15226},
  year={2024}
}

@inproceedings{NEURIPS2022_ec14daa5,
 author = {Wang, Yu and Zou, Jingjing and Lin, Jingyang and Ling, Qing and Pan, Yingwei and Yao, Ting and Mei, Tao},
 booktitle = {Advances in Neural Information Processing Systems},
 editor = {S. Koyejo and S. Mohamed and A. Agarwal and D. Belgrave and K. Cho and A. Oh},
 pages = {36411--36425},
 publisher = {Curran Associates, Inc.},
 title = {Out-of-Distribution Detection via Conditional Kernel Independence Model},
 volume = {35},
 year = {2022}
}

@article{yang2024generalized,
  title={Generalized out-of-distribution detection: A survey},
  author={Yang, Jingkang and Zhou, Kaiyang and Li, Yixuan and Liu, Ziwei},
  journal={International Journal of Computer Vision},
  volume={132},
  number={12},
  pages={5635--5662},
  year={2024},
  publisher={Springer}
}

@inproceedings{
djurisic2023extremely,
title={Extremely Simple Activation Shaping for Out-of-Distribution Detection},
author={Andrija Djurisic and Nebojsa Bozanic and Arjun Ashok and Rosanne Liu},
booktitle={The Eleventh International Conference on Learning Representations },
year={2023},
}

@inproceedings{bendale2016towards,
  title={Towards open set deep networks},
  author={Bendale, Abhijit and Boult, Terrance E},
  booktitle={Proceedings of the IEEE conference on computer vision and pattern recognition},
  pages={1563--1572},
  year={2016}
}

@inproceedings{NEURIPS2019_118921ef,
 author = {Maddox, Wesley J and Izmailov, Pavel and Garipov, Timur and Vetrov, Dmitry P and Wilson, Andrew Gordon},
 booktitle = {Advances in Neural Information Processing Systems},
 editor = {H. Wallach and H. Larochelle and A. Beygelzimer and F. d\textquotesingle Alch\'{e}-Buc and E. Fox and R. Garnett},
 pages = {},
 publisher = {Curran Associates, Inc.},
 title = {A Simple Baseline for Bayesian Uncertainty in Deep Learning},
 volume = {32},
 year = {2019}
}

@inproceedings{
Meinke2020Towards,
title={Towards neural networks that provably know when they don't know},
author={Alexander Meinke and Matthias Hein},
booktitle={International Conference on Learning Representations},
year={2020},
}

@inproceedings{yang2021semantically,
  title={Semantically coherent out-of-distribution detection},
  author={Yang, Jingkang and Wang, Haoqi and Feng, Litong and Yan, Xiaopeng and Zheng, Huabin and Zhang, Wayne and Liu, Ziwei},
  booktitle={Proceedings of the IEEE/CVF International Conference on Computer Vision},
  pages={8301--8309},
  year={2021}
}

@article{lee2017training,
  title={Training confidence-calibrated classifiers for detecting out-of-distribution samples},
  author={Lee, Kimin and Lee, Honglak and Lee, Kibok and Shin, Jinwoo},
  journal={arXiv preprint arXiv:1711.09325},
  year={2017}
}


@InProceedings{pmlr-v162-ming22a,
  title = 	 {{POEM}: Out-of-Distribution Detection with Posterior Sampling},
  author =       {Ming, Yifei and Fan, Ying and Li, Yixuan},
  booktitle = 	 {Proceedings of the 39th International Conference on Machine Learning},
  pages = 	 {15650--15665},
  year = 	 {2022},
  editor = 	 {Chaudhuri, Kamalika and Jegelka, Stefanie and Song, Le and Szepesvari, Csaba and Niu, Gang and Sabato, Sivan},
  volume = 	 {162},
  series = 	 {Proceedings of Machine Learning Research},
  month = 	 {17--23 Jul},
  publisher =    {PMLR},
  pdf = 	 {https://proceedings.mlr.press/v162/ming22a/ming22a.pdf},
}


@inproceedings{
du2022towards,
title={Towards Unknown-aware Learning with Virtual Outlier Synthesis},
author={Xuefeng Du and Zhaoning Wang and Mu Cai and Sharon Li},
booktitle={International Conference on Learning Representations},
year={2022},
}

@inproceedings{NEURIPS2020_f5496252,
 author = {Liu, Weitang and Wang, Xiaoyun and Owens, John and Li, Yixuan},
 booktitle = {Advances in Neural Information Processing Systems},
 editor = {H. Larochelle and M. Ranzato and R. Hadsell and M.F. Balcan and H. Lin},
 pages = {21464--21475},
 publisher = {Curran Associates, Inc.},
 title = {Energy-based Out-of-distribution Detection},
 volume = {33},
 year = {2020}
}


@inproceedings{
hendrycks2018deep,
title={Deep Anomaly Detection with Outlier Exposure},
author={Dan Hendrycks and Mantas Mazeika and Thomas Dietterich},
booktitle={International Conference on Learning Representations},
year={2019},
}

@inproceedings{NEURIPS2023_e812af67,
 author = {Wang, Qizhou and Fang, Zhen and Zhang, Yonggang and Liu, Feng and Li, Yixuan and Han, Bo},
 booktitle = {Advances in Neural Information Processing Systems},
 editor = {A. Oh and T. Naumann and A. Globerson and K. Saenko and M. Hardt and S. Levine},
 pages = {73274--73286},
 publisher = {Curran Associates, Inc.},
 title = {Learning to Augment Distributions for Out-of-distribution Detection},
 volume = {36},
 year = {2023}
}


@inproceedings{NEURIPS2023_bf5311df,
 author = {Du, Xuefeng and Sun, Yiyou and Zhu, Jerry and Li, Yixuan},
 booktitle = {Advances in Neural Information Processing Systems},
 editor = {A. Oh and T. Naumann and A. Globerson and K. Saenko and M. Hardt and S. Levine},
 pages = {60878--60901},
 publisher = {Curran Associates, Inc.},
 title = {Dream the Impossible: Outlier Imagination with Diffusion Models},
 volume = {36},
 year = {2023}
}


@inproceedings{du2022unknown,
  title={Unknown-aware object detection: Learning what you don't know from videos in the wild},
  author={Du, Xuefeng and Wang, Xin and Gozum, Gabriel and Li, Yixuan},
  booktitle={Proceedings of the IEEE/CVF Conference on Computer Vision and Pattern Recognition},
  pages={13678--13688},
  year={2022}
}

@InProceedings{pmlr-v162-wei22d,
  title = 	 {Mitigating Neural Network Overconfidence with Logit Normalization},
  author =       {Wei, Hongxin and Xie, Renchunzi and Cheng, Hao and Feng, Lei and An, Bo and Li, Yixuan},
  booktitle = 	 {Proceedings of the 39th International Conference on Machine Learning},
  pages = 	 {23631--23644},
  year = 	 {2022},
  editor = 	 {Chaudhuri, Kamalika and Jegelka, Stefanie and Song, Le and Szepesvari, Csaba and Niu, Gang and Sabato, Sivan},
  volume = 	 {162},
  series = 	 {Proceedings of Machine Learning Research},
  month = 	 {17--23 Jul},
  publisher =    {PMLR},
  pdf = 	 {https://proceedings.mlr.press/v162/wei22d/wei22d.pdf},
}


@inproceedings{van2020uncertainty,
  title={Uncertainty estimation using a single deep deterministic neural network},
  author={Van Amersfoort, Joost and Smith, Lewis and Teh, Yee Whye and Gal, Yarin},
  booktitle={International conference on machine learning},
  pages={9690--9700},
  year={2020},
  organization={PMLR}
}

@inproceedings{NEURIPS2020_543e8374,
 author = {Liu, Jeremiah and Lin, Zi and Padhy, Shreyas and Tran, Dustin and Bedrax Weiss, Tania and Lakshminarayanan, Balaji},
 booktitle = {Advances in Neural Information Processing Systems},
 editor = {H. Larochelle and M. Ranzato and R. Hadsell and M.F. Balcan and H. Lin},
 pages = {7498--7512},
 publisher = {Curran Associates, Inc.},
 title = {Simple and Principled Uncertainty Estimation with Deterministic Deep Learning via Distance Awareness},
 volume = {33},
 year = {2020}
}


@inproceedings{NEURIPS2020_28e209b6,
 author = {Jeong, Taewon and Kim, Heeyoung},
 booktitle = {Advances in Neural Information Processing Systems},
 editor = {H. Larochelle and M. Ranzato and R. Hadsell and M.F. Balcan and H. Lin},
 pages = {3907--3916},
 publisher = {Curran Associates, Inc.},
 title = {OOD-MAML: Meta-Learning for Few-Shot Out-of-Distribution Detection and Classification},
 volume = {33},
 year = {2020}
}


@inproceedings{hein2019relu,
  title={Why relu networks yield high-confidence predictions far away from the training data and how to mitigate the problem},
  author={Hein, Matthias and Andriushchenko, Maksym and Bitterwolf, Julian},
  booktitle={Proceedings of the IEEE/CVF conference on computer vision and pattern recognition},
  pages={41--50},
  year={2019}
}

@InProceedings{pmlr-v97-geifman19a,
  title = 	 {{S}elective{N}et: A Deep Neural Network with an Integrated Reject Option},
  author =       {Geifman, Yonatan and El-Yaniv, Ran},
  booktitle = 	 {Proceedings of the 36th International Conference on Machine Learning},
  pages = 	 {2151--2159},
  year = 	 {2019},
  editor = 	 {Chaudhuri, Kamalika and Salakhutdinov, Ruslan},
  volume = 	 {97},
  series = 	 {Proceedings of Machine Learning Research},
  month = 	 {09--15 Jun},
  publisher =    {PMLR},
  pdf = 	 {http://proceedings.mlr.press/v97/geifman19a/geifman19a.pdf},
}


@inproceedings{NEURIPS2018_3ea2db50,
 author = {Malinin, Andrey and Gales, Mark},
 booktitle = {Advances in Neural Information Processing Systems},
 editor = {S. Bengio and H. Wallach and H. Larochelle and K. Grauman and N. Cesa-Bianchi and R. Garnett},
 pages = {},
 publisher = {Curran Associates, Inc.},
 title = {Predictive Uncertainty Estimation via Prior Networks},
 volume = {31},
 year = {2018}
}


@inproceedings{kristiadi2020being,
  title={Being bayesian, even just a bit, fixes overconfidence in relu networks},
  author={Kristiadi, Agustinus and Hein, Matthias and Hennig, Philipp},
  booktitle={International conference on machine learning},
  pages={5436--5446},
  year={2020},
  organization={PMLR}
}

@inproceedings{
Wen2020BatchEnsemble,
title={BatchEnsemble: an Alternative Approach to Efficient Ensemble and Lifelong Learning},
author={Yeming Wen and Dustin Tran and Jimmy Ba},
booktitle={International Conference on Learning Representations},
year={2020},
}

@inproceedings{NEURIPS2019_7dd2ae7d,
 author = {Malinin, Andrey and Gales, Mark},
 booktitle = {Advances in Neural Information Processing Systems},
 editor = {H. Wallach and H. Larochelle and A. Beygelzimer and F. d\textquotesingle Alch\'{e}-Buc and E. Fox and R. Garnett},
 pages = {},
 publisher = {Curran Associates, Inc.},
 title = {Reverse KL-Divergence Training of Prior Networks: Improved Uncertainty and Adversarial Robustness},
 volume = {32},
 year = {2019}
}




@inproceedings{NIPS2017_9ef2ed4b,
 author = {Lakshminarayanan, Balaji and Pritzel, Alexander and Blundell, Charles},
 booktitle = {Advances in Neural Information Processing Systems},
 editor = {I. Guyon and U. Von Luxburg and S. Bengio and H. Wallach and R. Fergus and S. Vishwanathan and R. Garnett},
 pages = {},
 publisher = {Curran Associates, Inc.},
 title = {Simple and Scalable Predictive Uncertainty Estimation using Deep Ensembles},
 volume = {30},
 year = {2017}
}


@InProceedings{pmlr-v48-gal16,
  title = 	 {Dropout as a Bayesian Approximation: Representing Model Uncertainty in Deep Learning},
  author = 	 {Gal, Yarin and Ghahramani, Zoubin},
  booktitle = 	 {Proceedings of The 33rd International Conference on Machine Learning},
  pages = 	 {1050--1059},
  year = 	 {2016},
  editor = 	 {Balcan, Maria Florina and Weinberger, Kilian Q.},
  volume = 	 {48},
  series = 	 {Proceedings of Machine Learning Research},
  address = 	 {New York, New York, USA},
  month = 	 {20--22 Jun},
  publisher =    {PMLR},
  pdf = 	 {http://proceedings.mlr.press/v48/gal16.pdf},
}


@inproceedings{
liang2018enhancing,
title={Enhancing The Reliability of Out-of-distribution Image Detection in Neural Networks},
author={Shiyu Liang and Yixuan Li and R. Srikant},
booktitle={International Conference on Learning Representations},
year={2018},
}

@inproceedings{
hendrycks2017a,
title={A Baseline for Detecting Misclassified and Out-of-Distribution Examples in Neural Networks},
author={Dan Hendrycks and Kevin Gimpel},
booktitle={International Conference on Learning Representations},
year={2017},
}

@article{geifman2017selective,
  title={Selective classification for deep neural networks},
  author={Geifman, Yonatan and El-Yaniv, Ran},
  journal={Advances in neural information processing systems},
  volume={30},
  year={2017}
}

@inproceedings{
wu2023energybased,
title={Energy-based Out-of-Distribution Detection for Graph Neural Networks},
author={Qitian Wu and Yiting Chen and Chenxiao Yang and Junchi Yan},
booktitle={The Eleventh International Conference on Learning Representations },
year={2023},
}

@article{wang2021can,
  title={Can multi-label classification networks know what they don’t know?},
  author={Wang, Haoran and Liu, Weitang and Bocchieri, Alex and Li, Yixuan},
  journal={Advances in Neural Information Processing Systems},
  volume={34},
  pages={29074--29087},
  year={2021}
}

@inproceedings{sun2022dice,
  title={Dice: Leveraging sparsification for out-of-distribution detection},
  author={Sun, Yiyou and Li, Yixuan},
  booktitle={European Conference on Computer Vision},
  pages={691--708},
  year={2022},
  organization={Springer}
}

@article{sun2024clip,
  title={CLIP-driven Outliers Synthesis for few-shot OOD detection},
  author={Sun, Hao and He, Rundong and Han, Zhongyi and Lin, Zhicong and Gong, Yongshun and Yin, Yilong},
  journal={arXiv preprint arXiv:2404.00323},
  year={2024}
}

@inproceedings{gong2018margin,
  title={Margin based PU learning},
  author={Gong, Tieliang and Wang, Guangtao and Ye, Jieping and Xu, Zongben and Lin, Ming},
  booktitle={Proceedings of the AAAI Conference on Artificial Intelligence},
  volume={32},
  number={1},
  year={2018}
}

@inproceedings{NEURIPS2022_8d5f526a,
 author = {Garg, Saurabh and Balakrishnan, Sivaraman and Lipton, Zachary},
 booktitle = {Advances in Neural Information Processing Systems},
 editor = {S. Koyejo and S. Mohamed and A. Agarwal and D. Belgrave and K. Cho and A. Oh},
 pages = {22531--22546},
 publisher = {Curran Associates, Inc.},
 title = {Domain Adaptation under Open Set Label Shift},
 volume = {35},
 year = {2022}
}

@article{acharya2022positive,
  title={Positive unlabeled contrastive learning},
  author={Acharya, Anish and Sanghavi, Sujay and Jing, Li and Bhushanam, Bhargav and Choudhary, Dhruv and Rabbat, Michael and Dhillon, Inderjit},
  journal={arXiv preprint arXiv:2206.01206},
  year={2022}
}

@inproceedings{
du2024how,
title={How Does Unlabeled Data Provably Help Out-of-Distribution Detection?},
author={Xuefeng Du and Zhen Fang and Ilias Diakonikolas and Yixuan Li},
booktitle={The Twelfth International Conference on Learning Representations},
year={2024},
}

@inproceedings{zhao2022dist,
  title={Dist-pu: Positive-unlabeled learning from a label distribution perspective},
  author={Zhao, Yunrui and Xu, Qianqian and Jiang, Yangbangyan and Wen, Peisong and Huang, Qingming},
  booktitle={Proceedings of the IEEE/CVF Conference on Computer Vision and Pattern Recognition},
  pages={14461--14470},
  year={2022}
}


@inproceedings{xu2021positive,
  title={Positive-unlabeled reward learning},
  author={Xu, Danfei and Denil, Misha},
  booktitle={Conference on Robot Learning},
  pages={205--219},
  year={2021},
  organization={PMLR}
}

@inproceedings{NEURIPS2021_47b4f1bf,
 author = {Garg, Saurabh and Wu, Yifan and Smola, Alexander J and Balakrishnan, Sivaraman and Lipton, Zachary},
 booktitle = {Advances in Neural Information Processing Systems},
 editor = {M. Ranzato and A. Beygelzimer and Y. Dauphin and P.S. Liang and J. Wortman Vaughan},
 pages = {8532--8544},
 publisher = {Curran Associates, Inc.},
 title = {Mixture Proportion Estimation and PU Learning:A Modern Approach},
 volume = {34},
 year = {2021}
}


@inproceedings{NEURIPS2020_1e6e25d9,
 author = {Chapel, Laetitia and Alaya, Mokhtar Z. and Gasso, Gilles},
 booktitle = {Advances in Neural Information Processing Systems},
 editor = {H. Larochelle and M. Ranzato and R. Hadsell and M.F. Balcan and H. Lin},
 pages = {2903--2913},
 publisher = {Curran Associates, Inc.},
 title = {Partial Optimal Tranport with applications on Positive-Unlabeled Learning},
 volume = {33},
 year = {2020}
}


@article{niu2016theoretical,
  title={Theoretical comparisons of positive-unlabeled learning against positive-negative learning},
  author={Niu, Gang and Du Plessis, Marthinus Christoffel and Sakai, Tomoya and Ma, Yao and Sugiyama, Masashi},
  journal={Advances in neural information processing systems},
  volume={29},
  year={2016}
}


@InProceedings{pmlr-v37-plessis15,
  title = 	 {Convex Formulation for Learning from Positive and Unlabeled Data},
  author = 	 {Plessis, Marthinus Du and Niu, Gang and Sugiyama, Masashi},
  booktitle = 	 {Proceedings of the 32nd International Conference on Machine Learning},
  pages = 	 {1386--1394},
  year = 	 {2015},
  editor = 	 {Bach, Francis and Blei, David},
  volume = 	 {37},
  series = 	 {Proceedings of Machine Learning Research},
  address = 	 {Lille, France},
  month = 	 {07--09 Jul},
  publisher =    {PMLR},
  pdf = 	 {http://proceedings.mlr.press/v37/plessis15.pdf},
}


@InProceedings{pmlr-v37-hsiehb15,
  title = 	 {PU Learning for Matrix Completion},
  author = 	 {Hsieh, Cho-Jui and Natarajan, Nagarajan and Dhillon, Inderjit},
  booktitle = 	 {Proceedings of the 32nd International Conference on Machine Learning},
  pages = 	 {2445--2453},
  year = 	 {2015},
  editor = 	 {Bach, Francis and Blei, David},
  volume = 	 {37},
  series = 	 {Proceedings of Machine Learning Research},
  address = 	 {Lille, France},
  month = 	 {07--09 Jul},
  publisher =    {PMLR},
  pdf = 	 {http://proceedings.mlr.press/v37/hsiehb15.pdf},
}


@inproceedings{letouzey2000learning,
  title={Learning from positive and unlabeled examples},
  author={Letouzey, Fabien and Denis, Fran{\c{c}}ois and Gilleron, R{\'e}mi},
  booktitle={International Conference on Algorithmic Learning Theory},
  pages={71--85},
  year={2000},
  organization={Springer}
}

@inproceedings{he2023topological,
  title={Topological structure learning for weakly-supervised out-of-distribution detection},
  author={He, Rundong and Li, Rongxue and Han, Zhongyi and Yang, Xihong and Yin, Yilong},
  booktitle={Proceedings of the 31st ACM International Conference on Multimedia},
  pages={4858--4866},
  year={2023}
}

@InProceedings{pmlr-v162-katz-samuels22a,
  title = 	 {Training {OOD} Detectors in their Natural Habitats},
  author =       {Katz-Samuels, Julian and Nakhleh, Julia B and Nowak, Robert and Li, Yixuan},
  booktitle = 	 {Proceedings of the 39th International Conference on Machine Learning},
  pages = 	 {10848--10865},
  year = 	 {2022},
  editor = 	 {Chaudhuri, Kamalika and Jegelka, Stefanie and Song, Le and Szepesvari, Csaba and Niu, Gang and Sabato, Sivan},
  volume = 	 {162},
  series = 	 {Proceedings of Machine Learning Research},
  month = 	 {17--23 Jul},
  publisher =    {PMLR},
  pdf = 	 {https://proceedings.mlr.press/v162/katz-samuels22a/katz-samuels22a.pdf},
}


@inproceedings{NEURIPS2021_f4334c13,
 author = {Zhou, Zhi and Guo, Lan-Zhe and Cheng, Zhanzhan and Li, Yu-Feng and Pu, Shiliang},
 booktitle = {Advances in Neural Information Processing Systems},
 editor = {M. Ranzato and A. Beygelzimer and Y. Dauphin and P.S. Liang and J. Wortman Vaughan},
 pages = {29168--29180},
 publisher = {Curran Associates, Inc.},
 title = {STEP: Out-of-Distribution Detection in the Presence of Limited In-Distribution Labeled Data},
 volume = {34},
 year = {2021}
}


@inproceedings{
huang2021on,
title={On the Importance of Gradients for Detecting Distributional Shifts in the Wild},
author={Rui Huang and Andrew Geng and Yixuan Li},
booktitle={Advances in Neural Information Processing Systems},
editor={A. Beygelzimer and Y. Dauphin and P. Liang and J. Wortman Vaughan},
year={2021},
}

@inproceedings{ren2022out,
  title={Out-of-distribution detection and selective generation for conditional language models},
  author={Ren, Jie and Luo, Jiaming and Zhao, Yao and Krishna, Kundan and Saleh, Mohammad and Lakshminarayanan, Balaji and Liu, Peter J},
  booktitle={The Eleventh International Conference on Learning Representations},
  year={2022}
}

@inproceedings{
ming2023how,
title={How to Exploit Hyperspherical Embeddings for Out-of-Distribution Detection?},
author={Yifei Ming and Yiyou Sun and Ousmane Dia and Yixuan Li},
booktitle={The Eleventh International Conference on Learning Representations },
year={2023},
}

@inproceedings{NEURIPS2022_804dbf8d,
 author = {Du, Xuefeng and Gozum, Gabriel and Ming, Yifei and Li, Yixuan},
 booktitle = {Advances in Neural Information Processing Systems},
 editor = {S. Koyejo and S. Mohamed and A. Agarwal and D. Belgrave and K. Cho and A. Oh},
 pages = {20434--20449},
 publisher = {Curran Associates, Inc.},
 title = {SIREN: Shaping Representations for Detecting Out-of-Distribution Objects},
 volume = {35},
 year = {2022}
}


@inproceedings{sun2022out,
  title={Out-of-distribution detection with deep nearest neighbors},
  author={Sun, Yiyou and Ming, Yifei and Zhu, Xiaojin and Li, Yixuan},
  booktitle={International Conference on Machine Learning},
  pages={20827--20840},
  year={2022},
  organization={PMLR}
}

@article{sehwag2021ssd,
  title={Ssd: A unified framework for self-supervised outlier detection},
  author={Sehwag, Vikash and Chiang, Mung and Mittal, Prateek},
  journal={arXiv preprint arXiv:2103.12051},
  year={2021}
}

@article{austin2021program,
  title={Program Synthesis with Large Language Models},
  author={Austin, Jacob and Odena, Augustus and Nye, Maxwell and Bosma, Maarten and Michalewski, Henryk and Dohan, David and Jiang, Ellen and Cai, Carrie and Terry, Michael and Le, Quoc and others},
  journal={arXiv preprint arXiv:2108.07732},
  year={2021}
}

@article{hartvigsen2022toxigen,
  title={Toxigen: A large-scale machine-generated dataset for adversarial and implicit hate speech detection},
  author={Hartvigsen, Thomas and Gabriel, Saadia and Palangi, Hamid and Sap, Maarten and Ray, Dipankar and Kamar, Ece},
  journal={arXiv preprint arXiv:2203.09509},
  year={2022}
}

@inproceedings{socher-etal-2013-recursive,
    title = "Recursive Deep Models for Semantic Compositionality Over a Sentiment Treebank",
    author = "Socher, Richard  and
      Perelygin, Alex  and
      Wu, Jean  and
      Chuang, Jason  and
      Manning, Christopher D.  and
      Ng, Andrew  and
      Potts, Christopher",
    booktitle = "Proceedings of the 2013 Conference on Empirical Methods in Natural Language Processing",
    month = oct,
    year = "2013",
    address = "Seattle, Washington, USA",
    publisher = "Association for Computational Linguistics",
    pages = "1631--1642",
}


@article{cobbe2021gsm8k,
  title={Training Verifiers to Solve Math Word Problems},
  author={Cobbe, Karl and Kosaraju, Vineet and Bavarian, Mohammad and Chen, Mark and Jun, Heewoo and Kaiser, Lukasz and Plappert, Matthias and Tworek, Jerry and Hilton, Jacob and Nakano, Reiichiro and Hesse, Christopher and Schulman, John},
  journal={arXiv preprint arXiv:2110.14168},
  year={2021}
}


@article{christiano2017deep,
  title={Deep reinforcement learning from human preferences},
  author={Christiano, Paul F and Leike, Jan and Brown, Tom and Martic, Miljan and Legg, Shane and Amodei, Dario},
  journal={Advances in neural information processing systems},
  volume={30},
  year={2017}
}

@article{wang2022self,
  title={Self-instruct: Aligning language models with self-generated instructions},
  author={Wang, Yizhong and Kordi, Yeganeh and Mishra, Swaroop and Liu, Alisa and Smith, Noah A and Khashabi, Daniel and Hajishirzi, Hannaneh},
  journal={arXiv preprint arXiv:2212.10560},
  year={2022}
}


@article{ren2021simple,
  title={A simple fix to mahalanobis distance for improving near-ood detection},
  author={Ren, Jie and Fort, Stanislav and Liu, Jeremiah and Roy, Abhijit Guha and Padhy, Shreyas and Lakshminarayanan, Balaji},
  journal={arXiv preprint arXiv:2106.09022},
  year={2021}
}

@inproceedings{NEURIPS2020_8965f766,
 author = {Tack, Jihoon and Mo, Sangwoo and Jeong, Jongheon and Shin, Jinwoo},
 booktitle = {Advances in Neural Information Processing Systems},
 editor = {H. Larochelle and M. Ranzato and R. Hadsell and M.F. Balcan and H. Lin},
 pages = {11839--11852},
 publisher = {Curran Associates, Inc.},
 title = {CSI: Novelty Detection via Contrastive Learning on Distributionally Shifted Instances},
 volume = {33},
 year = {2020}
}


@inproceedings{NEURIPS2018_abdeb6f5,
 author = {Lee, Kimin and Lee, Kibok and Lee, Honglak and Shin, Jinwoo},
 booktitle = {Advances in Neural Information Processing Systems},
 editor = {S. Bengio and H. Wallach and H. Larochelle and K. Grauman and N. Cesa-Bianchi and R. Garnett},
 pages = {},
 publisher = {Curran Associates, Inc.},
 title = {A Simple Unified Framework for Detecting Out-of-Distribution Samples and Adversarial Attacks},
 volume = {31},
 year = {2018}
}


@inproceedings{ghosal2024overcome,
  title={How to Overcome Curse-of-Dimensionality for Out-of-Distribution Detection?},
  author={Ghosal, Soumya Suvra and Sun, Yiyou and Li, Yixuan},
  booktitle={Proceedings of the AAAI Conference on Artificial Intelligence},
  volume={38},
  number={18},
  pages={19849--19857},
  year={2024}
}

@article{zhang2023openood,
  title={Openood v1. 5: Enhanced benchmark for out-of-distribution detection},
  author={Zhang, Jingyang and Yang, Jingkang and Wang, Pengyun and Wang, Haoqi and Lin, Yueqian and Zhang, Haoran and Sun, Yiyou and Du, Xuefeng and Zhou, Kaiyang and Zhang, Wayne and others},
  journal={arXiv preprint arXiv:2306.09301},
  year={2023}
}

@article{ming2024does,
  title={How Does Fine-Tuning Impact Out-of-Distribution Detection for Vision-Language Models?},
  author={Ming, Yifei and Li, Yixuan},
  journal={International Journal of Computer Vision},
  volume={132},
  number={2},
  pages={596--609},
  year={2024},
  publisher={Springer}
}

@inproceedings{bai2023feed,
  title={Feed two birds with one scone: Exploiting wild data for both out-of-distribution generalization and detection},
  author={Bai, Haoyue and Canal, Gregory and Du, Xuefeng and Kwon, Jeongyeol and Nowak, Robert D and Li, Yixuan},
  booktitle={International Conference on Machine Learning},
  pages={1454--1471},
  year={2023},
  organization={PMLR}
}

@article{zhu2023diversified,
  title={Diversified outlier exposure for out-of-distribution detection via informative extrapolation},
  author={Zhu, Jianing and Geng, Yu and Yao, Jiangchao and Liu, Tongliang and Niu, Gang and Sugiyama, Masashi and Han, Bo},
  journal={Advances in Neural Information Processing Systems},
  volume={36},
  pages={22702--22734},
  year={2023}
}

@article{winkens2020contrastive,
  title={Contrastive training for improved out-of-distribution detection},
  author={Winkens, Jim and Bunel, Rudy and Roy, Abhijit Guha and Stanforth, Robert and Natarajan, Vivek and Ledsam, Joseph R and MacWilliams, Patricia and Kohli, Pushmeet and Karthikesalingam, Alan and Kohl, Simon and others},
  journal={arXiv preprint arXiv:2007.05566},
  year={2020}
}

@article{ngweta2024aligners,
  title={Aligners: Decoupling LLMs and Alignment},
  author={Ngweta, Lilian and Agarwal, Mayank and Maity, Subha and Gittens, Alex and Sun, Yuekai and Yurochkin, Mikhail},
  journal={arXiv preprint arXiv:2403.04224},
  year={2024}
}

@inproceedings{
gao2023selfguided,
title={Self-Guided Noise-Free Data Generation for Efficient Zero-Shot Learning},
author={Jiahui Gao and Renjie Pi and LIN Yong and Hang Xu and Jiacheng Ye and Zhiyong Wu and WEIZHONG ZHANG and Xiaodan Liang and Zhenguo Li and Lingpeng Kong},
booktitle={The Eleventh International Conference on Learning Representations },
year={2023},
}

@inproceedings{radford2021learning,
  title={Learning transferable visual models from natural language supervision},
  author={Radford, Alec and Kim, Jong Wook and Hallacy, Chris and Ramesh, Aditya and Goh, Gabriel and Agarwal, Sandhini and Sastry, Girish and Askell, Amanda and Mishkin, Pamela and Clark, Jack and others},
  booktitle={International conference on machine learning},
  pages={8748--8763},
  year={2021},
  organization={PMLR}
}

@inproceedings{kwon2023improving,
  title={Improving Out-of-Distribution Detection Performance using Synthetic Outlier Exposure Generated by Visual Foundation Models.},
  author={Kwon, Gitaek and Kim, Jaeyoung and Choi, Hong-Jun and Yoon, Byung-Moo and Choi, Sungchul and Jung, Kyu-Hwan},
  booktitle={BMVC},
  pages={10--11},
  year={2023}
}

@article{tang2023does,
  title={Does synthetic data generation of llms help clinical text mining?},
  author={Tang, Ruixiang and Han, Xiaotian and Jiang, Xiaoqian and Hu, Xia},
  journal={arXiv preprint arXiv:2303.04360},
  year={2023}
}

@inproceedings{nguyen2015deep,
  title={Deep neural networks are easily fooled: High confidence predictions for unrecognizable images},
  author={Nguyen, Anh and Yosinski, Jason and Clune, Jeff},
  booktitle={Proceedings of the IEEE conference on computer vision and pattern recognition},
  pages={427--436},
  year={2015}
}

@inproceedings{katz2022training,
  title={Training ood detectors in their natural habitats},
  author={Katz-Samuels, Julian and Nakhleh, Julia B and Nowak, Robert and Li, Yixuan},
  booktitle={International Conference on Machine Learning},
  pages={10848--10865},
  year={2022},
  organization={PMLR}
}

@article{ouyang2022training,
  title={Training language models to follow instructions with human feedback},
  author={Ouyang, Long and Wu, Jeffrey and Jiang, Xu and Almeida, Diogo and Wainwright, Carroll and Mishkin, Pamela and Zhang, Chong and Agarwal, Sandhini and Slama, Katarina and Ray, Alex and others},
  journal={Advances in neural information processing systems},
  volume={35},
  pages={27730--27744},
  year={2022}
}

@inproceedings{uppaal-etal-2023-fine,
    title = "Is Fine-tuning Needed? Pre-trained Language Models Are Near Perfect for Out-of-Domain Detection",
    author = "Uppaal, Rheeya  and
      Hu, Junjie  and
      Li, Yixuan",
    editor = "Rogers, Anna  and
      Boyd-Graber, Jordan  and
      Okazaki, Naoaki",
    booktitle = "Proceedings of the 61st Annual Meeting of the Association for Computational Linguistics (Volume 1: Long Papers)",
    month = jul,
    year = "2023",
    address = "Toronto, Canada",
    publisher = "Association for Computational Linguistics",
    doi = "10.18653/v1/2023.acl-long.717",
    pages = "12813--12832",
}

@inproceedings{
wang2023outofdistribution,
title={Out-of-distribution Detection with Implicit Outlier Transformation},
author={Qizhou Wang and Junjie Ye and Feng Liu and Quanyu Dai and Marcus Kalander and Tongliang Liu and Jianye HAO and Bo Han},
booktitle={The Eleventh International Conference on Learning Representations },
year={2023},
}

@article{wang2022watermarking,
  title={Watermarking for out-of-distribution detection},
  author={Wang, Qizhou and Liu, Feng and Zhang, Yonggang and Zhang, Jing and Gong, Chen and Liu, Tongliang and Han, Bo},
  journal={Advances in Neural Information Processing Systems},
  volume={35},
  pages={15545--15557},
  year={2022}
}

@article{zheng2023out,
  title={Out-of-distribution detection learning with unreliable out-of-distribution sources},
  author={Zheng, Haotian and Wang, Qizhou and Fang, Zhen and Xia, Xiaobo and Liu, Feng and Liu, Tongliang and Han, Bo},
  journal={Advances in Neural Information Processing Systems},
  volume={36},
  pages={72110--72123},
  year={2023}
}

@inproceedings{
tao2023nonparametric,
title={Non-parametric Outlier Synthesis},
author={Leitian Tao and Xuefeng Du and Jerry Zhu and Yixuan Li},
booktitle={The Eleventh International Conference on Learning Representations },
year={2023},
}

@inproceedings{
galil2023a,
title={A framework for benchmarking Class-out-of-distribution detection and its application to ImageNet},
author={Ido Galil and Mohammed Dabbah and Ran El-Yaniv},
booktitle={The Eleventh International Conference on Learning Representations },
year={2023},
}


@inproceedings{NEURIPS2022_82b0c1b9,
 author = {Zhu, Yao and Chen, YueFeng and Xie, Chuanlong and Li, Xiaodan and Zhang, Rong and Xue\textquotesingle , Hui and Tian, Xiang and zheng, bolun and Chen, Yaowu},
 booktitle = {Advances in Neural Information Processing Systems},
 editor = {S. Koyejo and S. Mohamed and A. Agarwal and D. Belgrave and K. Cho and A. Oh},
 pages = {20758--20769},
 publisher = {Curran Associates, Inc.},
 title = {Boosting Out-of-distribution Detection with Typical Features},
 volume = {35},
 year = {2022}
}


@inproceedings{NEURIPS2022_f0e91b13,
 author = {Fang, Zhen and Li, Yixuan and Lu, Jie and Dong, Jiahua and Han, Bo and Liu, Feng},
 booktitle = {Advances in Neural Information Processing Systems},
 editor = {S. Koyejo and S. Mohamed and A. Agarwal and D. Belgrave and K. Cho and A. Oh},
 pages = {37199--37213},
 publisher = {Curran Associates, Inc.},
 title = {Is Out-of-Distribution Detection Learnable?},
 volume = {35},
 year = {2022}
}

@article{acharya2024geometric,
  title={Geometric Median (GM) Matching for Robust Data Pruning},
  author={Acharya, Anish and Dhillon, Inderjit S and Sanghavi, Sujay},
  journal={arXiv preprint arXiv:2406.17188},
  year={2024}
} 

@article{amodei2016concrete,
  title={Concrete problems in AI safety},
  author={Amodei, Dario and Olah, Chris and Steinhardt, Jacob and Christiano, Paul and Schulman, John and Man{\'e}, Dan},
  journal={arXiv preprint arXiv:1606.06565},
  year={2016}
}

@inproceedings{bender2021dangers,
  title={On the dangers of stochastic parrots: Can language models be too big?��},
  author={Bender, Emily M and Gebru, Timnit and McMillan-Major, Angelina and Shmitchell, Shmargaret},
  booktitle={Proceedings of the 2021 ACM conference on fairness, accountability, and transparency},
  pages={610--623},
  year={2021}
}

@inproceedings{biderman2023pythia,
  title={Pythia: A suite for analyzing large language models across training and scaling},
  author={Biderman, Stella and Schoelkopf, Hailey and Anthony, Quentin Gregory and Bradley, Herbie and O’Brien, Kyle and Hallahan, Eric and Khan, Mohammad Aflah and Purohit, Shivanshu and Prashanth, USVSN Sai and Raff, Edward and others},
  booktitle={International Conference on Machine Learning},
  pages={2397--2430},
  year={2023},
  organization={PMLR}
}

@article{reimers2019sentence,
  title={Sentence-bert: Sentence embeddings using siamese bert-networks},
  author={Reimers, Nils and Gurevych, Iryna},
  journal={arXiv preprint arXiv:1908.10084},
  year={2019}
}

@misc{starling2023,
    title = {Starling-7B: Improving LLM Helpfulness \& Harmlessness with RLAIF},
    author = {Zhu, Banghua and Frick, Evan and Wu, Tianhao and Zhu, Hanlin and Jiao, Jiantao},
    month = {November},
    year = {2023}
}


@inproceedings{borkan2019nuanced,
  title={Nuanced metrics for measuring unintended bias with real data for text classification},
  author={Borkan, Daniel and Dixon, Lucas and Sorensen, Jeffrey and Thain, Nithum and Vasserman, Lucy},
  booktitle={Companion proceedings of the 2019 world wide web conference},
  pages={491--500},
  year={2019}
}

@article{liu2023good,
  title={How Good Are Large Language Models at Out-of-Distribution Detection?},
  author={Liu, Bo and Zhan, Liming and Lu, Zexin and Feng, Yujie and Xue, Lei and Wu, Xiao-Ming},
  journal={arXiv preprint arXiv:2308.10261},
  year={2023}
}

@article{yuan2023revisiting,
  title={Revisiting out-of-distribution robustness in nlp: Benchmarks, analysis, and LLMs evaluations},
  author={Yuan, Lifan and Chen, Yangyi and Cui, Ganqu and Gao, Hongcheng and Zou, Fangyuan and Cheng, Xingyi and Ji, Heng and Liu, Zhiyuan and Sun, Maosong},
  journal={Advances in Neural Information Processing Systems},
  volume={36},
  pages={58478--58507},
  year={2023}
}

@inproceedings{zhang2023mixture,
  title={Mixture outlier exposure: Towards out-of-distribution detection in fine-grained environments},
  author={Zhang, Jingyang and Inkawhich, Nathan and Linderman, Randolph and Chen, Yiran and Li, Hai},
  booktitle={Proceedings of the IEEE/CVF Winter Conference on Applications of Computer Vision},
  pages={5531--5540},
  year={2023}
}

@article{zhang2023sio,
  title={Sio: Synthetic in-distribution data benefits out-of-distribution detection},
  author={Zhang, Jingyang and Inkawhich, Nathan and Linderman, Randolph and Luley, Ryan and Chen, Yiran and Li, Hai},
  journal={arXiv preprint arXiv:2303.14531},
  year={2023}
}

@inproceedings{hendrycks2022pixmix,
  title={Pixmix: Dreamlike pictures comprehensively improve safety measures},
  author={Hendrycks, Dan and Zou, Andy and Mazeika, Mantas and Tang, Leonard and Li, Bo and Song, Dawn and Steinhardt, Jacob},
  booktitle={Proceedings of the IEEE/CVF Conference on Computer Vision and Pattern Recognition},
  pages={16783--16792},
  year={2022}
}

@article{hendrycks2018using,
  title={Using trusted data to train deep networks on labels corrupted by severe noise},
  author={Hendrycks, Dan and Mazeika, Mantas and Wilson, Duncan and Gimpel, Kevin},
  journal={Advances in neural information processing systems},
  volume={31},
  year={2018}
}

@article{uppaal2023fine,
  title={Is fine-tuning needed? pre-trained language models are near perfect for out-of-domain detection},
  author={Uppaal, Rheeya and Hu, Junjie and Li, Yixuan},
  journal={arXiv preprint arXiv:2305.13282},
  year={2023}
}

@inproceedings{
hu2021lora,
title={Lo{RA}: Low-Rank Adaptation of Large Language Models},
author={Edward J Hu and yelong shen and Phillip Wallis and Zeyuan Allen-Zhu and Yuanzhi Li and Shean Wang and Lu Wang and Weizhu Chen},
booktitle={International Conference on Learning Representations},
year={2022},
}

@article{lambert2024rewardbench,
  title={Rewardbench: Evaluating reward models for language modeling},
  author={Lambert, Nathan and Pyatkin, Valentina and Morrison, Jacob and Miranda, LJ and Lin, Bill Yuchen and Chandu, Khyathi and Dziri, Nouha and Kumar, Sachin and Zick, Tom and Choi, Yejin and others},
  journal={arXiv preprint arXiv:2403.13787},
  year={2024}
}

@article{ji2024beavertails,
  title={Beavertails: Towards improved safety alignment of llm via a human-preference dataset},
  author={Ji, Jiaming and Liu, Mickel and Dai, Josef and Pan, Xuehai and Zhang, Chi and Bian, Ce and Chen, Boyuan and Sun, Ruiyang and Wang, Yizhou and Yang, Yaodong},
  journal={Advances in Neural Information Processing Systems},
  volume={36},
  year={2024}
}


@article{mcinnes2018umap,
  title={Umap: Uniform manifold approximation and projection for dimension reduction},
  author={McInnes, Leland and Healy, John and Melville, James},
  journal={arXiv preprint arXiv:1802.03426},
  year={2018}
}

@article{COSMIDES19961,
title = {Are humans good intuitive statisticians after all? Rethinking some conclusions from the literature on judgment under uncertainty},
journal = {Cognition},
volume = {58},
number = {1},
pages = {1-73},
year = {1996},
issn = {0010-0277},
doi = {https://doi.org/10.1016/0010-0277(95)00664-8},
author = {Leda Cosmides and John Tooby},
}

@article{wang2019superglue,
  title={Superglue: A stickier benchmark for general-purpose language understanding systems},
  author={Wang, Alex and Pruksachatkun, Yada and Nangia, Nikita and Singh, Amanpreet and Michael, Julian and Hill, Felix and Levy, Omer and Bowman, Samuel},
  journal={Advances in neural information processing systems},
  volume={32},
  year={2019}
}

@article{lu2021fantastically,
  title={Fantastically ordered prompts and where to find them: Overcoming few-shot prompt order sensitivity},
  author={Lu, Yao and Bartolo, Max and Moore, Alastair and Riedel, Sebastian and Stenetorp, Pontus},
  journal={arXiv preprint arXiv:2104.08786},
  year={2021}
}

@inproceedings{rte-dagan2006pascal,
  title={The pascal recognising textual entailment challenge},
  author={Dagan, Ido and Glickman, Oren and Magnini, Bernardo},
  booktitle={Machine Learning Challenges. Evaluating Predictive Uncertainty, Visual Object Classification, and Recognising Tectual Entailment: First PASCAL Machine Learning Challenges Workshop, MLCW 2005, Southampton, UK, April 11-13, 2005, Revised Selected Papers},
  pages={177--190},
  year={2006},
  organization={Springer}
}

@inproceedings{trec,
author = {Voorhees, Ellen M. and Tice, Dawn M.},
title = {Building a Question Answering Test Collection},
year = {2000},
isbn = {1581132263},
publisher = {Association for Computing Machinery},
address = {New York, NY, USA},
doi = {10.1145/345508.345577},
pages = {200–207},
numpages = {8},
location = {Athens, Greece},
series = {SIGIR '00}
}

@article{dbpedia-zhang2015character,
  title={Character-level convolutional networks for text classification},
  author={Zhang, Xiang and Zhao, Junbo and LeCun, Yann},
  journal={Advances in neural information processing systems},
  volume={28},
  year={2015}
}

@article{radford2019languagegpt2,
  title={Language models are unsupervised multitask learners},
  author={Radford, Alec and Wu, Jeffrey and Child, Rewon and Luan, David and Amodei, Dario and Sutskever, Ilya and others}
}

@article{wei2022emergent,
  title={Emergent abilities of large language models},
  author={Wei, Jason and Tay, Yi and Bommasani, Rishi and Raffel, Colin and Zoph, Barret and Borgeaud, Sebastian and Yogatama, Dani and Bosma, Maarten and Zhou, Denny and Metzler, Donald and others},
  journal={arXiv preprint arXiv:2206.07682},
  year={2022}
}

@article{srivastava2022beyond,
  title={Beyond the imitation game: Quantifying and extrapolating the capabilities of language models},
  author={Srivastava, Aarohi and Rastogi, Abhinav and Rao, Abhishek and Shoeb, Abu Awal Md and Abid, Abubakar and Fisch, Adam and Brown, Adam R and Santoro, Adam and Gupta, Aditya and Garriga-Alonso, Adri{\`a} and others},
  journal={arXiv preprint arXiv:2206.04615},
  year={2022}
}

@article{subj-pang2004sentimental,
  title={A sentimental education: Sentiment analysis using subjectivity summarization based on minimum cuts},
  author={Pang, Bo and Lee, Lillian},
  journal={arXiv preprint cs/0409058},
  year={2004}
}

@article{thoppilan2022lamda,
  title={Lamda: Language models for dialog applications},
  author={Thoppilan, Romal and De Freitas, Daniel and Hall, Jamie and Shazeer, Noam and Kulshreshtha, Apoorv and Cheng, Heng-Tze and Jin, Alicia and Bos, Taylor and Baker, Leslie and Du, Yu and others},
  journal={arXiv preprint arXiv:2201.08239},
  year={2022}
}

@article{OpenAI2023GPT4TR,
  title={GPT-4 Technical Report},
  author={OpenAI},
  journal={ArXiv},
  year={2023},
  volume={abs/2303.08774}
}

@inproceedings{sst2-socher2013recursive,
  title={Recursive deep models for semantic compositionality over a sentiment treebank},
  author={Socher, Richard and Perelygin, Alex and Wu, Jean and Chuang, Jason and Manning, Christopher D and Ng, Andrew Y and Potts, Christopher},
  booktitle={Proceedings of the 2013 conference on empirical methods in natural language processing},
  pages={1631--1642},
  year={2013}
}

@misc{wang2021gptj,
  title={GPT-J-6B: A 6 billion parameter autoregressive language model},
  author={Wang, Ben and Komatsuzaki, Aran},
  year={2021},
  publisher={Software}
}

@article{rosenfeld2019constructive,
  title={A constructive prediction of the generalization error across scales},
  author={Rosenfeld, Jonathan S and Rosenfeld, Amir and Belinkov, Yonatan and Shavit, Nir},
  journal={arXiv preprint arXiv:1909.12673},
  year={2019}
}

@article{kaplan2020scaling,
  title={Scaling laws for neural language models},
  author={Kaplan, Jared and McCandlish, Sam and Henighan, Tom and Brown, Tom B and Chess, Benjamin and Child, Rewon and Gray, Scott and Radford, Alec and Wu, Jeffrey and Amodei, Dario},
  journal={arXiv preprint arXiv:2001.08361},
  year={2020}
}

@article{platt1999,
author = {Platt, John},
year = {2000},
month = {06},
pages = {},
title = {Probabilistic Outputs for Support Vector Machines and Comparisons to Regularized Likelihood Methods},
volume = {10},
journal = {Adv. Large Margin Classif.}
}

@article{Jiang2012,
author = {Jiang, Xiaoqian and Osl, Melanie and Kim, Jihoon and Ohno-Machado, Lucila},
year = {2012},
month = {03},
pages = {263-74},
title = {Calibrating Predictive Model Estimates to Support Personalized Medicine},
volume = {19},
journal = {Journal of the American Medical Informatics Association : JAMIA},
doi = {10.1136/amiajnl-2011-000291}
}

@article{han2022prototypical,
  title={Prototypical calibration for few-shot learning of language models},
  author={Han, Zhixiong and Hao, Yaru and Dong, Li and Sun, Yutao and Wei, Furu},
  journal={arXiv preprint arXiv:2205.10183},
  year={2022}
}

@article{patterson2021carbon,
  title={Carbon emissions and large neural network training},
  author={Patterson, David and Gonzalez, Joseph and Le, Quoc and Liang, Chen and Munguia, Lluis-Miquel and Rothchild, Daniel and So, David and Texier, Maud and Dean, Jeff},
  journal={arXiv preprint arXiv:2104.10350},
  year={2021}
}

@article{lacoste2019quantifying,
  title={Quantifying the Carbon Emissions of Machine Learning},
  author={Lacoste, Alexandre and Luccioni, Alexandra and Schmidt, Victor and Dandres, Thomas},
  journal={arXiv preprint arXiv:1910.09700},
  year={2019}
}

@inproceedings{guo2017calibration,
  title={On calibration of modern neural networks},
  author={Guo, Chuan and Pleiss, Geoff and Sun, Yu and Weinberger, Kilian Q},
  booktitle={International conference on machine learning},
  pages={1321--1330},
  year={2017},
  organization={PMLR}
}

@article{black2022gpt,
  title={Gpt-neox-20b: An open-source autoregressive language model},
  author={Black, Sid and Biderman, Stella and Hallahan, Eric and Anthony, Quentin and Gao, Leo and Golding, Laurence and He, Horace and Leahy, Connor and McDonell, Kyle and Phang, Jason and others},
  journal={arXiv preprint arXiv:2204.06745},
  year={2022}
}

@article{touvron2023llama,
  title={Llama: Open and efficient foundation language models},
  author={Touvron, Hugo and Lavril, Thibaut and Izacard, Gautier and Martinet, Xavier and Lachaux, Marie-Anne and Lacroix, Timoth{\'e}e and Rozi{\`e}re, Baptiste and Goyal, Naman and Hambro, Eric and Azhar, Faisal and others},
  journal={arXiv preprint arXiv:2302.13971},
  year={2023}
}

@article{lewis2019bart,
  title={Bart: Denoising sequence-to-sequence pre-training for natural language generation, translation, and comprehension},
  author={Lewis, Mike and Liu, Yinhan and Goyal, Naman and Ghazvininejad, Marjan and Mohamed, Abdelrahman and Levy, Omer and Stoyanov, Ves and Zettlemoyer, Luke},
  journal={arXiv preprint arXiv:1910.13461},
  year={2019}
}

@article{bommasani2021opportunities,
  title={On the opportunities and risks of foundation models},
  author={Bommasani, Rishi and Hudson, Drew A and Adeli, Ehsan and Altman, Russ and Arora, Simran and von Arx, Sydney and Bernstein, Michael S and Bohg, Jeannette and Bosselut, Antoine and Brunskill, Emma and others},
  journal={arXiv preprint arXiv:2108.07258},
  year={2021}
}

@article{yang2019xlnet,
  title={Xlnet: Generalized autoregressive pretraining for language understanding},
  author={Yang, Zhilin and Dai, Zihang and Yang, Yiming and Carbonell, Jaime and Salakhutdinov, Russ R and Le, Quoc V},
  journal={Advances in neural information processing systems},
  volume={32},
  year={2019}
}

@article{li2023transformers,
  title={Transformers as Algorithms: Generalization and Implicit Model Selection in In-context Learning},
  author={Li, Yingcong and Ildiz, M Emrullah and Papailiopoulos, Dimitris and Oymak, Samet},
  journal={arXiv preprint arXiv:2301.07067},
  year={2023}
}

@article{dong2022survey,
  title={A Survey for In-context Learning},
  author={Dong, Qingxiu and Li, Lei and Dai, Damai and Zheng, Ce and Wu, Zhiyong and Chang, Baobao and Sun, Xu and Xu, Jingjing and Sui, Zhifang},
  journal={arXiv preprint arXiv:2301.00234},
  year={2022}
}

@article{shannon1948mathematical,
  title={A mathematical theory of communication},
  author={Shannon, Claude E},
  journal={The Bell system technical journal},
  volume={27},
  number={3},
  pages={379--423},
  year={1948},
  publisher={Nokia Bell Labs}
}

@article{sun2021react,
  title={React: Out-of-distribution detection with rectified activations},
  author={Sun, Yiyou and Guo, Chuan and Li, Yixuan},
  journal={Advances in Neural Information Processing Systems},
  volume={34},
  pages={144--157},
  year={2021}
}

@article{xu2023knn-propmt,
  title={$ k $ NN Prompting: Beyond-Context Learning with Calibration-Free Nearest Neighbor Inference},
  author={Xu, Benfeng and Wang, Quan and Mao, Zhendong and Lyu, Yajuan and She, Qiaoqiao and Zhang, Yongdong},
  journal={arXiv preprint arXiv:2303.13824},
  year={2023}
}

@article{wei2022chain,
  title={Chain of thought prompting elicits reasoning in large language models},
  author={Wei, Jason and Wang, Xuezhi and Schuurmans, Dale and Bosma, Maarten and Chi, Ed and Le, Quoc and Zhou, Denny},
  journal={arXiv preprint arXiv:2201.11903},
  year={2022}
}

@article{liu2021makes,
  title={What Makes Good In-Context Examples for GPT-$3 $?},
  author={Liu, Jiachang and Shen, Dinghan and Zhang, Yizhe and Dolan, Bill and Carin, Lawrence and Chen, Weizhu},
  journal={arXiv preprint arXiv:2101.06804},
  year={2021}
}

@article{levy2022diverse,
  title={Diverse Demonstrations Improve In-context Compositional Generalization},
  author={Levy, Itay and Bogin, Ben and Berant, Jonathan},
  journal={arXiv preprint arXiv:2212.06800},
  year={2022}
}

@article{sanh2021multitask,
  title={Multitask prompted training enables zero-shot task generalization},
  author={Sanh, Victor and Webson, Albert and Raffel, Colin and Bach, Stephen H and Sutawika, Lintang and Alyafeai, Zaid and Chaffin, Antoine and Stiegler, Arnaud and Scao, Teven Le and Raja, Arun and others},
  journal={arXiv preprint arXiv:2110.08207},
  year={2021}
}

@article{wei2021finetuned,
  title={Finetuned language models are zero-shot learners},
  author={Wei, Jason and Bosma, Maarten and Zhao, Vincent Y and Guu, Kelvin and Yu, Adams Wei and Lester, Brian and Du, Nan and Dai, Andrew M and Le, Quoc V},
  journal={arXiv preprint arXiv:2109.01652},
  year={2021}
}

@article{zhang2022opt,
  title={Opt: Open pre-trained transformer language models},
  author={Zhang, Susan and Roller, Stephen and Goyal, Naman and Artetxe, Mikel and Chen, Moya and Chen, Shuohui and Dewan, Christopher and Diab, Mona and Li, Xian and Lin, Xi Victoria and others},
  journal={arXiv preprint arXiv:2205.01068},
  year={2022}
}

@article{kumar2022fine,
  title={Fine-tuning can distort pretrained features and underperform out-of-distribution},
  author={Kumar, Ananya and Raghunathan, Aditi and Jones, Robbie and Ma, Tengyu and Liang, Percy},
  journal={arXiv preprint arXiv:2202.10054},
  year={2022}
}

@article{devlin2018bert,
  title={Bert: Pre-training of deep bidirectional transformers for language understanding},
  author={Devlin, Jacob and Chang, Ming-Wei and Lee, Kenton and Toutanova, Kristina},
  journal={arXiv preprint arXiv:1810.04805},
  year={2018}
}

@article{raffel2020exploring,
  title={Exploring the limits of transfer learning with a unified text-to-text transformer},
  author={Raffel, Colin and Shazeer, Noam and Roberts, Adam and Lee, Katherine and Narang, Sharan and Matena, Michael and Zhou, Yanqi and Li, Wei and Liu, Peter J},
  journal={The Journal of Machine Learning Research},
  volume={21},
  number={1},
  pages={5485--5551},
  year={2020},
  publisher={JMLRORG}
}

@article{mosbach2020stability,
  title={On the stability of fine-tuning bert: Misconceptions, explanations, and strong baselines},
  author={Mosbach, Marius and Andriushchenko, Maksym and Klakow, Dietrich},
  journal={arXiv preprint arXiv:2006.04884},
  year={2020}
}

@article{dai2022can,
  title={Why Can GPT Learn In-Context? Language Models Secretly Perform Gradient Descent as Meta Optimizers},
  author={Dai, Damai and Sun, Yutao and Dong, Li and Hao, Yaru and Sui, Zhifang and Wei, Furu},
  journal={arXiv preprint arXiv:2212.10559},
  year={2022}
}

@article{chan2022data,
  title={Data distributional properties drive emergent few-shot learning in transformers},
  author={Chan, Stephanie CY and Santoro, Adam and Lampinen, Andrew K and Wang, Jane X and Singh, Aaditya and Richemond, Pierre H and McClelland, Jay and Hill, Felix},
  journal={arXiv preprint arXiv:2205.05055},
  year={2022}
}

@article{wang2023large,
  title={Large language models are implicitly topic models: Explaining and finding good demonstrations for in-context learning},
  author={Wang, Xinyi and Zhu, Wanrong and Wang, William Yang},
  journal={arXiv preprint arXiv:2301.11916},
  year={2023}
}
@article{sorensen2022information,
  title={An information-theoretic approach to prompt engineering without ground truth labels},
  author={Sorensen, Taylor and Robinson, Joshua and Rytting, Christopher Michael and Shaw, Alexander Glenn and Rogers, Kyle Jeffrey and Delorey, Alexia Pauline and Khalil, Mahmoud and Fulda, Nancy and Wingate, David},
  journal={arXiv preprint arXiv:2203.11364},
  year={2022}
}

@article{gupta2022mitigating,
  title={Mitigating gender bias in distilled language models via counterfactual role reversal},
  author={Gupta, Umang and Dhamala, Jwala and Kumar, Varun and Verma, Apurv and Pruksachatkun, Yada and Krishna, Satyapriya and Gupta, Rahul and Chang, Kai-Wei and Steeg, Greg Ver and Galstyan, Aram},
  journal={arXiv preprint arXiv:2203.12574},
  year={2022}
}

@article{von2022transformers,
  title={Transformers learn in-context by gradient descent},
  author={von Oswald, Johannes and Niklasson, Eyvind and Randazzo, Ettore and Sacramento, Jo{\~a}o and Mordvintsev, Alexander and Zhmoginov, Andrey and Vladymyrov, Max},
  journal={arXiv preprint arXiv:2212.07677},
  year={2022}
}

@article{chen2021meta,
  title={Meta-learning via language model in-context tuning},
  author={Chen, Yanda and Zhong, Ruiqi and Zha, Sheng and Karypis, George and He, He},
  journal={arXiv preprint arXiv:2110.07814},
  year={2021}
}

@article{min2021metaicl,
  title={Metaicl: Learning to learn in context},
  author={Min, Sewon and Lewis, Mike and Zettlemoyer, Luke and Hajishirzi, Hannaneh},
  journal={arXiv preprint arXiv:2110.15943},
  year={2021}
}

@article{garg2022can,
  title={What can transformers learn in-context? a case study of simple function classes},
  author={Garg, Shivam and Tsipras, Dimitris and Liang, Percy S and Valiant, Gregory},
  journal={Advances in Neural Information Processing Systems},
  volume={35},
  pages={30583--30598},
  year={2022}
}

@article{xie2021explanation,
  title={An explanation of in-context learning as implicit bayesian inference},
  author={Xie, Sang Michael and Raghunathan, Aditi and Liang, Percy and Ma, Tengyu},
  journal={arXiv preprint arXiv:2111.02080},
  year={2021}
}

@article{rae2021scaling,
  title={Scaling language models: Methods, analysis \& insights from training gopher},
  author={Rae, Jack W and Borgeaud, Sebastian and Cai, Trevor and Millican, Katie and Hoffmann, Jordan and Song, Francis and Aslanides, John and Henderson, Sarah and Ring, Roman and Young, Susannah and others},
  journal={arXiv preprint arXiv:2112.11446},
  year={2021}
}


@article{dong2019unified,
  title={Unified language model pre-training for natural language understanding and generation},
  author={Dong, Li and Yang, Nan and Wang, Wenhui and Wei, Furu and Liu, Xiaodong and Wang, Yu and Gao, Jianfeng and Zhou, Ming and Hon, Hsiao-Wuen},
  journal={Advances in neural information processing systems},
  volume={32},
  year={2019}
}

@article{ji2024aligner,
  title={Aligner: Achieving efficient alignment through weak-to-strong correction},
  author={Ji, Jiaming and Chen, Boyuan and Lou, Hantao and Hong, Donghai and Zhang, Borong and Pan, Xuehai and Dai, Juntao and Yang, Yaodong},
  journal={arXiv preprint arXiv:2402.02416},
  year={2024}
}

@article{skalse2022defining,
  title={Defining and characterizing reward gaming},
  author={Skalse, Joar and Howe, Nikolaus and Krasheninnikov, Dmitrii and Krueger, David},
  journal={Advances in Neural Information Processing Systems},
  volume={35},
  pages={9460--9471},
  year={2022}
}

@inproceedings{gao2023scaling,
  title={Scaling laws for reward model overoptimization},
  author={Gao, Leo and Schulman, John and Hilton, Jacob},
  booktitle={International Conference on Machine Learning},
  pages={10835--10866},
  year={2023},
  organization={PMLR}
}

@article{moskovitz2023confronting,
  title={Confronting reward model overoptimization with constrained rlhf},
  author={Moskovitz, Ted and Singh, Aaditya K and Strouse, DJ and Sandholm, Tuomas and Salakhutdinov, Ruslan and Dragan, Anca D and McAleer, Stephen},
  journal={arXiv preprint arXiv:2310.04373},
  year={2023}
}

@article{penedo2024fineweb,
  title={The fineweb datasets: Decanting the web for the finest text data at scale},
  author={Penedo, Guilherme and Kydl{\'\i}{\v{c}}ek, Hynek and Lozhkov, Anton and Mitchell, Margaret and Raffel, Colin and Von Werra, Leandro and Wolf, Thomas and others},
  journal={arXiv preprint arXiv:2406.17557},
  year={2024}
}

@article{li2024datacomp,
  title={DataComp-LM: In search of the next generation of training sets for language models},
  author={Li, Jeffrey and Fang, Alex and Smyrnis, Georgios and Ivgi, Maor and Jordan, Matt and Gadre, Samir and Bansal, Hritik and Guha, Etash and Keh, Sedrick and Arora, Kushal and others},
  journal={arXiv preprint arXiv:2406.11794},
  year={2024}
}

