@misc{Bullock2024,
  author = {Bullock, M. and Lechowski, M. and Mehra, R.},
  title = {New standards for a faster and more private internet},
  journal = {The Cloudflare Blog},
  year = {2024},
  url = {https://blog.cloudflare.com/new-standards/}
}

@article{Dogra2022,
  author = {Dogra, V. and Verma, S. and Kavita, N. and Chatterjee, P. and Shafi, J. and Choi, J. and Ijaz, M. F.},
  title = {A Complete Process of Text Classification System Using State-of-the-Art NLP Models},
  journal = {Computational Intelligence and Neuroscience},
  volume = {2022},
  number = {1},
  year = {2022},
  doi = {10.1155/2022/1883698}
}

@article{Gasparetto2022,
  author = {Gasparetto, A. and Marcuzzo, M. and Zangari, A. and Albarelli, A.},
  title = {A survey on text classification algorithms: From text to predictions},
  journal = {MDPI},
  year = {2022},
  doi = {10.3390/info13020083}
}

@article{Hassan2022,
  author = {Hassan, S. U. and Ahamed, J. and Ahmad, K.},
  title = {Analytics of machine learning-based algorithms for text classification},
  journal = {Sustainable Operations and Computers},
  volume = {3},
  pages = {238--248},
  year = {2022},
  doi = {10.1016/j.susoc.2022.03.001}
}

@article{Jianan2023,
  author = {Jianan, G. and Kehao, R. and Binwei, G.},
  title = {Deep learning-based text knowledge classification for whole-process engineering consulting standards},
  journal = {Journal of Engineering Research},
  volume = {12},
  number = {2},
  pages = {61--71},
  year = {2023},
  doi = {10.1016/j.jer.2023.07.011}
}

@article{Jiang2022,
  author = {Jiang, Z. and Yang, M. Y. R. and Tsirlin, M. and Tang, R. and Lin, J.},
  title = {Less is More: Parameter-Free Text Classification with Gzip},
  journal = {arXiv (Cornell University)},
  year = {2022},
  doi = {10.48550/arxiv.2212.09410}
}

@inproceedings{Jiang2023,
  author = {Jiang, Z. and Yang, M. and Tsirlin, M. and Tang, R. and Dai, Y. and Lin, J.},
  title = {“Low-Resource” Text Classification: A Parameter-Free Classification Method with Compressors},
  booktitle = {Findings of the Association for Computational Linguistics: ACL 2022},
  year = {2023},
  doi = {10.18653/v1/2023.findings-acl.426}
}

@incollection{Jimoh2021,
  author = {Jimoh, R. G. and Adewole, K. S. and Aderemi, T. E. and Balogun, A. O.},
  title = {Investigative study of Unigram and Bigram features for short message spam detection},
  booktitle = {Lecture Notes in Networks and Systems},
  pages = {70--81},
  year = {2021},
  doi = {10.1007/978-3-030-80216-5_6}
}

@article{Ozan2024,
  author = {Ozan, S.},
  title = {DNA Sequence Classification with Compressors},
  journal = {arXiv (Cornell University)},
  year = {2024},
  doi = {10.48550/arxiv.2401.14025}
}

@article{Pascarella2022,
  author = {Pascarella, A. and Gianni, E. and Abbondanza, M. and Armonaite, K. and Pitolli, F. and Bertoli, M. and L’Abbate, T. and Grifoni, J. and Vitulano, D. and Bruni, V. and Conti, L. and Paulon, L. and Tecchio, F.},
  title = {Normalized compression distance to measure cortico-muscular synchronization},
  journal = {Frontiers in Neuroscience},
  volume = {16},
  year = {2022},
  doi = {10.3389/fnins.2022.933391}
}

@misc{Peters2023,
  author = {Peters, H.},
  title = {Commentary: GZIP + KNN beats deep neural networks in text classification},
  journal = {Medium},
  year = {2023},
  url = {https://medium.com/@heinrichpeters/commentary-gzip-knn-beats-deep-neural-networks-in-text-classification-f395c71283a6}
}

@inproceedings{Singh2021,
  author = {Singh, Y. V. and Naithani, P. and Ansari, P. and Agnihotri, P.},
  title = {News Classification System using Machine Learning Approach},
  booktitle = {2021 3rd International Conference on Advances in Computing, Communication Control and Networking (ICAC3N)},
  pages = {186--188},
  year = {2021},
  doi = {10.1109/icac3n53548.2021.9725409}
}

@misc{Volety2024,
  author = {Volety, R.},
  title = {News classification techniques using NLP},
  journal = {Labellerr},
  year = {2024},
  url = {https://www.labellerr.com/blog/news-classification-using-nlp/}
}

@article{Zhang2023,
  author = {Zhang, D. and Li, J. and Xie, Y. and Wulamu, A.},
  title = {Research on performance variations of classifiers with the influence of pre-processing methods for Chinese short text classification},
  journal = {PLoS ONE},
  volume = {18},
  number = {10},
  pages = {e0292582},
  year = {2023},
  doi = {10.1371/journal.pone.0292582}
}

@article{Zhu2022,
  author = {Zhu, H. and Lei, L.},
  title = {The Research Trends of Text Classification Studies (2000–2020): A bibliometric analysis},
  journal = {SAGE Open},
  volume = {12},
  number = {2},
  year = {2022},
  doi = {10.1177/21582440221089963}
}
