@article{elder2024survey,
  title={A Survey on Software Vulnerability Exploitability Assessment},
  author={Elder, Sarah and Rahman, Md Rayhanur and Fringer, Gage and Kapoor, Kunal and Williams, Laurie},
  journal={ACM Computing Surveys},
  volume={56},
  number={8},
  pages={1--41},
  year={2024},
  publisher={ACM New York, NY},
doi={https://doi.org/10.1145/3648610}
}

@article{le2022survey,
  title={A survey on data-driven software vulnerability assessment and prioritization},
  author={Le, Triet HM and Chen, Huaming and Babar, M Ali},
  journal={ACM Computing Surveys},
  volume={55},
  number={5},
  pages={1--39},
doi={https://doi.org/10.1145/3529757},
  year={2022},
  publisher={ACM New York, NY}
}

