%for website:
@misc{Mandiant24, 
title={M-Trends 2024 Special Report},
url={https://cloud.google.com/security/resources/m-trends},
journal={M-Trends},
  year = 2024,
  note = {Accessed: 2024-09-25},
language={en} } 

@misc{Tenable, 
title={Tenable Vulnerability Management (VM)},
url={https://docs.tenable.com/vulnerability-management.html},
author={Tenable},
  year = 2024,
  note = {Accessed: 2024-09-25},
language={en} } 

@misc{TenableMSSP, 
title={Tenable Vulnerability Management (VM) MSSP},
url={https://www.tenable.com/partners/mssp-partner-program},
author={Tenable},
  year = 2024,
  note = {Accessed: 2024-09-25},
language={en} } 

@misc{TenableAI, 
title={Tenable AI Aware},
url={https://www.tenable.com/products/vulnerability-management/ai-aware},
author={Tenable},
  year = 2024,
  note = {Accessed: 2024-09-25},
language={en} } 

@misc{Skybox, 
title={Skybox Security Vulnerability and Threat Management (VTM)},
url={https://www.skyboxsecurity.com/solutions/vulnerability-threat-management/},
author={Skybox Security},
  year = 2024,
  note = {Accessed: 2024-09-25},
language={en} }

@misc{Claroty, 
title={Claroty xDome for Industrial Environments},
url={https://claroty.com/industrial-cybersecurity/xdome},
author={Claroty},
  year = 2024,
  note = {Accessed: 2024-09-25},
language={en} }

@misc{Qualys, 
title={Qualys Vulnerability Management, Detection and Response (VMDR)},
url={https://docs.qualys.com/en/vmdr/latest/get_started/get_started.htm},
author={Qualys},
  year = 2024,
  note = {Accessed: 2024-09-25},
language={en} } 

@misc{QualysTotalAI, 
title={Qualys TotalAI, De-risk Your LLMs and Generative AI},
url={https://www.qualys.com/apps/totalai/},
author={Qualys},
  year = 2024,
  note = {Accessed: 2024-09-25},
language={en} }

@misc{cvss,
  title = {Common Vulnerability Scoring System (CVSS)},
  howpublished = {\url{https://www.first.org/cvss/}},
  year = 2024,
  note = {Accessed: 2024-09-25},
  author ={Forum of Incident Response and Security Teams}}

@misc{epss,
  title = {Exploit Prediction Scoring System (EPSS) API},
  howpublished = {\url{https://www.first.org/epss/api}},
  year = 2024,
  note = {Accessed: 2024-09-25},
  author ={Special Interest Group (SIG)}}

@misc{cpe,
  title = {Common Platform Enumeration (CPE)},
  howpublished = {\url{https://cpe.mitre.org/}},
  year = 2024,
  note = {Accessed: 2024-09-25},
  author ={The MITRE Corporation}}

@misc{cwe,
  title = {Common Weakness Enumeration (CWE)},
  howpublished = {\url{https://cwe.mitre.org/}},
  year = 2024,
  note = {Accessed: 2024-09-25},
  author ={The MITRE Corporation (MITRE)}}

@misc{NERCCIP,
  title = {North American Electric Reliability Corporation Critical Infrastructure Protection (NERC CIP)},
  howpublished = {\url{https://www.nerc.com/pa/Stand/pages/reliabilitystandards.aspx}},
  year = 2024,
  note = {Accessed: 2024-09-25},
  author ={North American Electric Reliability Corporation}}

@misc{ICSCERT,
  title = {Industrial Control Systems Cyber Emergency Response Team},
  howpublished = {\url{https://www.cisa.gov/topics/industrial-control-systems}},
  year = 2024,
  note = {Accessed: 2024-09-25},
  author ={Industrial Control Systems Cyber Emergency Response Team (ICS-CERT)}}

@misc{PCIDSS,
  title = {Payment Card Industry Data Security Standard (PCI DSS)},
  howpublished = {\url{https://www.pcisecuritystandards.org/}},
  year = 2024,
  note = {Accessed: 2024-09-25},
  author ={PCI Security Standards Council}}

@misc{NIS,
  title = {Payment Card Industry Data Security Standard (PCI DSS)},
  howpublished = {\url{https://www.pcisecuritystandards.org/}},
  year = 2024,
  note = {Accessed: 2024-09-25},
  author ={PCI Security Standards Council}}

@misc{SCAP,
  title = {Security Content Automation Protocol (SCAP)},
  howpublished = {\url{https://csrc.nist.gov/projects/security-content-automation-protocol}},
  year = 2024,
  note = {Accessed: 2024-09-25},
  author ={National Institute of Standards and Technology}}


@article{boudermine2023dynamic,
  title={Dynamic logic-based attack graph for risk assessment in complex computer systems},
  author={Boudermine, Antoine and Khatoun, Rida and Choyer, Jean-Henri},
  journal={Computer Networks},
  volume={228},
  pages={109730},
  year={2023},
doi={https://doi.org/10.1016/j.comnet.2023.109730},
  publisher={Elsevier}
}


@article{kure2022asset,
  title={Asset criticality and risk prediction for an effective cybersecurity risk management of cyber-physical system},
  author={Kure, Halima Ibrahim and Islam, Shareeful and Ghazanfar, Mustansar and Raza, Asad and Pasha, Maruf},
  journal={Neural Computing and Applications},
  volume={34},
  number={1},
  pages={493--514},
  year={2022},
doi={https://doi.org/10.1007/s00521-021-06400-0},
  publisher={Springer}
}


@article{ortalo1999experimenting,
  title={Experimenting with quantitative evaluation tools for monitoring operational security},
  author={Ortalo, Rodolphe and Deswarte, Yves and Ka{\^a}niche, Mohamed},
  journal={IEEE Transactions on Software Engineering},
  volume={25},
  number={5},
  pages={633--650},
  year={1999},
doi={10.1109/32.815323},
  publisher={IEEE}
}

@inproceedings{fumagalli2023semantics,
  title={On the semantics of risk propagation},
  author={Fumagalli, Mattia and Engelberg, Gal and Sales, Tiago Prince and Oliveira, {\'I}talo and Klein, Dan and Soffer, Pnina and Baratella, Riccardo and Guizzardi, Giancarlo},
  booktitle={International Conference on Research Challenges in Information Science},
  pages={69--86},
  year={2023},
doi={https://doi.org/10.1007/978-3-031-33080-3_5},
  organization={Springer}
}

@article{longueira2022novel,
  title={A novel model for vulnerability analysis through enhanced directed graphs and quantitative metrics},
  author={Longueira-Romero, {\'A}ngel and Iglesias, Rosa and Flores, Jose Luis and Garitano, I{\~n}aki},
  journal={Sensors},
  volume={22},
  number={6},
  pages={2126},
  year={2022},
doi={https://doi.org/10.3390/s22062126},
  publisher={MDPI}
}

@article{longueira2022gotta,
  title={Gotta Catchâ€™em All: Aggregating CVSS Scores},
  author={Longueira-Romero, Angel and Flores, Jose Luis and Iglesias, Rosa and Garitano, Inaki},
  journal={XVII Reuni{\'o}n espa{\~n}ola sobre criptolog{\'\i}a y seguridad de la informaci{\'o}n. RECSI 2022},
  volume={265},
  pages={144},
  year={2022},
  publisher={Ed. Universidad de Cantabria}
}

@inproceedings{colombelli2022multi,
  title={Multi-objective prioritization for data center vulnerability remediation},
  author={Colombelli, Felipe and Matter, V{\'\i}tor Kehl and Grisci, Bruno Iochins and Lima, Leomar and Heinen, Karine and Borges, Marcio and Rigo, Sandro Jos{\'e} and Barbosa, Jorge Luis Vict{\'o}ria and Righi, Rodrigo Da Rosa and Da Costa, Cristiano Andr{\'e} and others},
  booktitle={2022 IEEE Congress on Evolutionary Computation (CEC)},
  pages={01--08},
  year={2022},
doi={10.1109/CEC55065.2022.9870289},
  organization={IEEE}
}

@article{homer2013aggregating,
  title={Aggregating vulnerability metrics in enterprise networks using attack graphs},
  author={Homer, John and Zhang, Su and Ou, Xinming and Schmidt, David and Du, Yanhui and Rajagopalan, S Raj and Singhal, Anoop},
  journal={Journal of Computer Security},
  volume={21},
  number={4},
  pages={561--597},
  year={2013},
doi={https://doi.org/10.3233/JCS-130475},
  publisher={IOS Press}
}

@inproceedings{ahmed2018aggregation,
  title={Aggregation of security metrics for decision making: a reference architecture},
  author={Ahmed, Yussuf and Naqvi, Syed and Josephs, Mark},
  booktitle={Proceedings of the 12th European Conference on Software Architecture: Companion Proceedings},
  pages={1--7},
doi={https://doi.org/10.1145/3241403.3241458},
  year={2018}
}


@article{corallo2020cybersecurity,
  title={Cybersecurity in the context of industry 4.0: A structured classification of critical assets and business impacts},
  author={Corallo, Angelo and Lazoi, Mariangela and Lezzi, Marianna},
  journal={Computers in industry},
  volume={114},
  pages={103165},
  year={2020},
doi={https://doi.org/10.1016/j.compind.2019.103165},
  publisher={Elsevier}
}

@article{angelelli2024robust,
  title={A robust statistical framework for cyber-vulnerability prioritisation under partial information in threat intelligence},
  author={Angelelli, Mario and Arima, Serena and Catalano, Christian and Ciavolino, Enrico},
  journal={Expert Systems with Applications},
  volume={255},
  pages={124572},
  year={2024},
doi={https://doi.org/10.1016/j.eswa.2024.124572},
  publisher={Elsevier}
}

@inproceedings{wang2015vulnerability,
  title={Vulnerability evaluation based on CVSS and environmental information statistics},
  author={Wang, Shuguang and Xia, Chunhe and Gao, Jinghua and Jia, Qiong},
  booktitle={2015 4th International Conference on Computer Science and Network Technology (ICCSNT)},
  volume={1},
  pages={1249--1252},
  year={2015},
doi={10.1109/ICCSNT.2015.7490958},
  organization={IEEE}
}

@article{allodi2017security,
  title={Security events and vulnerability data for cybersecurity risk estimation},
  author={Allodi, Luca and Massacci, Fabio},
  journal={Risk Analysis},
  volume={37},
  number={8},
  pages={1606--1627},
  year={2017},
doi={https://doi.org/10.1111/risa.12864},
  publisher={Wiley Online Library}
}


@article{he2019unknown,
  title={Unknown vulnerability risk assessment based on directed graph models: a survey},
  author={He, Wenhao and Li, Hongjiao and Li, Jinguo},
  journal={IEEE Access},
  volume={7},
  pages={168201--168225},
  year={2019},
doi={10.1109/ACCESS.2019.2954092},
  publisher={IEEE}
}

@article{farris2018vulcon,
  title={Vulcon: A system for vulnerability prioritization, mitigation, and management},
  author={Farris, Katheryn A and Shah, Ankit and Cybenko, George and Ganesan, Rajesh and Jajodia, Sushil},
  journal={ACM Transactions on Privacy and Security (TOPS)},
  volume={21},
  number={4},
  pages={1--28},
  year={2018},
doi={https://doi.org/10.1145/3196884},
  publisher={ACM New York, NY, USA}
}

@article{jiang2023model,
  title={Model-Based Cybersecurity Analysis: Extending Enterprise Modeling to Critical Infrastructure Cybersecurity},
  author={Jiang, Yuning and Jeusfeld, Manfred A and Ding, Jianguo and Sandahl, Elin},
  journal={Business \& Information Systems Engineering},
  volume={65},
  number={6},
  pages={643--676},
  year={2023},
  publisher={Springer},
doi={https://doi.org/10.1007/s12599-023-00811-0}
}

@inproceedings{tatarinova2018avia,
  title={Avia: Automatic vulnerability impact assessment on the target system},
  author={Tatarinova, Yuliia},
  booktitle={2018 IEEE Second International Conference on Data Stream Mining \& Processing (DSMP)},
  pages={364--368},
  year={2018},
doi={10.1109/DSMP.2018.8478519},
  organization={IEEE}
}

@inproceedings{dong2019towards,
  title={Towards the detection of inconsistencies in public security vulnerability reports},
  author={Dong, Ying and Guo, Wenbo and Chen, Yueqi and Xing, Xinyu and Zhang, Yuqing and Wang, Gang},
  booktitle={28th USENIX security symposium (USENIX Security 19)},
  pages={869--885},
  year={2019},
url = {https://www.usenix.org/conference/usenixsecurity19/presentation/dong},
publisher = {USENIX Association}
}

@inproceedings{woo2021v0finder,
  title={$\{$V0Finder$\}$: Discovering the Correct Origin of Publicly Reported Software Vulnerabilities},
  author={Woo, Seunghoon and Lee, Dongwook and Park, Sunghan and Lee, Heejo and Dietrich, Sven},
  booktitle={30th USENIX Security Symposium (USENIX Security 21)},
  pages={3041--3058},
  year={2021},
url = {https://www.usenix.org/conference/usenixsecurity21/presentation/woo},
publisher = {USENIX Association}
}

@article{avgerinos2014automatic,
  title={Automatic exploit generation},
  author={Avgerinos, Thanassis and Cha, Sang Kil and Rebert, Alexandre and Schwartz, Edward J and Woo, Maverick and Brumley, David},
  journal={Communications of the ACM},
  volume={57},
  number={2},
  pages={74--84},
  year={2014},
  publisher={ACM New York, NY, USA},
doi={https://doi.org/10.1145/2560217.2560219}
}

@article{girol2024quantitative,
  title={Quantitative Robustness for Vulnerability Assessment},
  author={Girol, Guillaume and Lacombe, Guilhem and Bardin, S{\'e}bastien},
  journal={Proceedings of the ACM on Programming Languages},
  volume={8},
  number={PLDI},
  pages={741--765},
  year={2024},
  publisher={ACM New York, NY, USA},
doi={https://doi.org/10.1145/3656407}
}

@inproceedings{girol2021not,
  title={Not all bugs are created equal, but robust reachability can tell the difference},
  author={Girol, Guillaume and Farinier, Benjamin and Bardin, S{\'e}bastien},
  booktitle={International Conference on Computer Aided Verification},
  pages={669--693},
  year={2021},
  organization={Springer},
doi={https://doi.org/10.1007/978-3-030-81685-8_32}
}

@article{hong2022xvdb,
  title={xVDB: A high-coverage approach for constructing a vulnerability database},
  author={Hong, Hyunji and Woo, Seunghoon and Choi, Eunjin and Choi, Jihyun and Lee, Heejo},
  journal={IEEE Access},
  volume={10},
  pages={85050--85063},
  year={2022},
  publisher={IEEE}
}

@article{li2023anatomy,
  title={The anatomy of a vulnerability database: A systematic mapping study},
  author={Li, Xiaozhou and Moreschini, Sergio and Zhang, Zheying and Palomba, Fabio and Taibi, Davide},
  journal={Journal of Systems and Software},
  volume={201},
  pages={111679},
  year={2023},
  publisher={Elsevier}
}

@inproceedings{khaledian2018power,
  title={Power grid security improvement by remedial action schemes using vulnerability assessment based on fault chains and power flow},
  author={Khaledian, Parviz and Johnson, Brian K and Hemati, Saied},
  booktitle={2018 IEEE International Conference on Probabilistic Methods Applied to Power Systems (PMAPS)},
  pages={1--6},
  year={2018},
doi={10.1109/PMAPS.2018.8440412},
  organization={IEEE}
}

@article{falco2018iiot,
  title={IIoT cybersecurity risk modeling for SCADA systems},
  author={Falco, Gregory and Caldera, Carlos and Shrobe, Howard},
  journal={IEEE Internet of Things Journal},
  volume={5},
  number={6},
  pages={4486--4495},
  year={2018},
doi={10.1109/JIOT.2018.2822842},
  publisher={IEEE}
}

@article{garg2018empirical,
  title={Empirical analysis of attack graphs for mitigating critical paths and vulnerabilities},
  author={Garg, Urvashi and Sikka, Geeta and Awasthi, Lalit K},
  journal={Computers \& Security},
  volume={77},
  pages={349--359},
  year={2018},
doi={https://doi.org/10.1016/j.cose.2018.04.006},
  publisher={Elsevier}
}

@inproceedings{almukaynizi2017proactive,
  title={Proactive identification of exploits in the wild through vulnerability mentions online},
  author={Almukaynizi, Mohammed and Nunes, Eric and Dharaiya, Krishna and Senguttuvan, Manoj and Shakarian, Jana and Shakarian, Paulo},
  booktitle={2017 International Conference on Cyber Conflict (CyCon US)},
  pages={82--88},
  year={2017},
doi={10.1109/CYCONUS.2017.8167501},
  organization={IEEE}
}

@article{chatzipoulidis2015information,
  title={Information infrastructure risk prediction through platform vulnerability analysis},
  author={Chatzipoulidis, Aristeidis and Michalopoulos, Dimitrios and Mavridis, Ioannis},
  journal={Journal of Systems and Software},
  volume={106},
  pages={28--41},
  year={2015},
doi={https://doi.org/10.1016/j.jss.2015.04.062},
  publisher={Elsevier}
}

@article{wen2015novel,
  title={A Novel Automatic Severity Vulnerability Assessment Framework.},
  author={Wen, Tao and Zhang, Yuqing and Dong, Ying and Yang, Gang},
  journal={J. Commun.},
  volume={10},
  number={5},
  pages={320--329},
doi={10.12720/jcm.10.5.320-329},
  year={2015}
}

@inproceedings{bulbul2014cyber,
  title={Cyber-contingency evaluation for multiple hypothesized substation outages},
  author={Bulbul, Rashiduzzaman and Ten, Chee-Wooi and Ginter, Andrew},
  booktitle={ISGT 2014},
  pages={1--5},
  year={2014},
doi={10.1109/ISGT.2014.6816491},
  organization={IEEE}
}

@inproceedings{ouedraogo2013towards,
  title={Towards a Risk Based Assessment of QoS Degradation for Critical Infrastructure},
  author={Ouedraogo, Moussa and Khodja, Manel and Khadraoui, Djamel},
  booktitle={2013 International Conference on Availability, Reliability and Security},
  pages={538--545},
  year={2013},
doi={10.1109/ARES.2013.71},
  organization={IEEE}
}

@article{srivastava2013modeling,
  title={Modeling cyber-physical vulnerability of the smart grid with incomplete information},
  author={Srivastava, Anurag and Morris, Thomas and Ernster, Timothy and Vellaithurai, Ceeman and Pan, Shengyi and Adhikari, Uttam},
  journal={IEEE Transactions on Smart Grid},
  volume={4},
  number={1},
  pages={235--244},
  year={2013},
doi={10.1109/TSG.2012.2232318},
  publisher={IEEE}
}

@inproceedings{tamjidyamcholo2013application,
  title={Application of fuzzy set theory to evaluate the rate of aggregative risk in information security},
  author={Tamjidyamcholo, Alireza and Yamchello, Hamed Tamjid and Bin, Mohd Sapiyan and Gholipour, Rahmatollah},
  booktitle={2013 International Conference on Research and Innovation in Information Systems (ICRIIS)},
  pages={410--415},
  year={2013},
doi={10.1109/ICRIIS.2013.6716745},
  organization={IEEE}
}

@inproceedings{ghosh2015netsecuritas,
  title={NetSecuritas: An integrated attack graph-based security assessment tool for enterprise networks},
  author={Ghosh, Nirnay and Chokshi, Ishan and Sarkar, Mithun and Ghosh, Soumya K and Kaushik, Anil Kumar and Das, Sajal K},
  booktitle={Proceedings of the 16th International Conference on Distributed Computing and Networking},
  pages={1--10},
doi={https://doi.org/10.1145/2684464.2684494},
  year={2015}
}

@article{huang2013novel,
  title={A novel approach to evaluate software vulnerability prioritization},
  author={Huang, Chien-Cheng and Lin, Feng-Yu and Lin, Frank Yeong-Sung and Sun, Yeali S},
  journal={Journal of Systems and Software},
  volume={86},
  number={11},
  pages={2822--2840},
  year={2013},
doi={https://doi.org/10.1016/j.jss.2013.06.040},
  publisher={Elsevier}
}

@article{anuar2013incident,
  title={Incident prioritisation using analytic hierarchy process (AHP): Risk Index Model (RIM)},
  author={Anuar, Nor Badrul and Papadaki, Maria and Furnell, Steven and Clarke, Nathan},
  journal={Security and communication networks},
  volume={6},
  number={9},
  pages={1087--1116},
  year={2013},
doi={ https://doi.org/10.1002/sec.673},
  publisher={Wiley Online Library}
}

@article{holm2012empirical,
  title={Empirical analysis of system-level vulnerability metrics through actual attacks},
  author={Holm, Hannes and Ekstedt, Mathias and Andersson, Dennis},
  journal={IEEE Transactions on dependable and secure computing},
  volume={9},
  number={6},
  pages={825--837},
  year={2012},
doi={10.1109/TDSC.2012.66},
  publisher={IEEE}
}

@article{ten2011anomaly,
  title={Anomaly detection for cybersecurity of the substations},
  author={Ten, Chee-Wooi and Hong, Junho and Liu, Chen-Ching},
  journal={IEEE Transactions on Smart Grid},
  volume={2},
  number={4},
  pages={865--873},
  year={2011},
doi={10.1109/TSG.2011.2159406},
  publisher={IEEE}
}

@inproceedings{fruhwirth2009improving,
  title={Improving CVSS-based vulnerability prioritization and response with context information},
  author={Fruhwirth, Christian and Mannisto, Tomi},
  booktitle={2009 3rd International symposium on empirical software engineering and measurement},
  pages={535--544},
  year={2009},
doi={10.1109/ESEM.2009.5314230},
  organization={IEEE}
}

@inproceedings{frei2006large,
  title={Large-scale vulnerability analysis},
  author={Frei, Stefan and May, Martin and Fiedler, Ulrich and Plattner, Bernhard},
  booktitle={Proceedings of the 2006 SIGCOMM workshop on Large-scale attack defense},
  pages={131--138},
doi={https://doi.org/10.1145/1162666.1162671},
  year={2006}
}

@article{anuar2011risk,
  title={A risk index model for security incident prioritisation},
  author={Anuar, Nor Badrul and Furnell, Steven and Papadaki, Maria and Clarke, Nathan},
  year={2011},
  publisher={secau Security Research Centre, Edith Cowan University, Perth, Western Australia}
}
@article{elder2024survey,
  title={A Survey on Software Vulnerability Exploitability Assessment},
  author={Elder, Sarah and Rahman, Md Rayhanur and Fringer, Gage and Kapoor, Kunal and Williams, Laurie},
  journal={ACM Computing Surveys},
  volume={56},
  number={8},
  pages={1--41},
  year={2024},
doi={https://doi.org/10.1145/3648610},
  publisher={ACM New York, NY}
}

@inproceedings{nadeem2023sok,
  title={Sok: Explainable machine learning for computer security applications},
  author={Nadeem, Azqa and Vos, Dani{\"e}l and Cao, Clinton and Pajola, Luca and Dieck, Simon and Baumgartner, Robert and Verwer, Sicco},
  booktitle={2023 IEEE 8th European Symposium on Security and Privacy (EuroS\&P)},
  pages={221--240},
  year={2023},
  organization={IEEE},
doi={10.1109/EuroSP57164.2023.00022}
}

@article{sabur2022toward,
  title={Toward scalable graph-based security analysis for cloud networks},
  author={Sabur, Abdulhakim and Chowdhary, Ankur and Huang, Dijiang and Alshamrani, Adel},
  journal={Computer Networks},
  volume={206},
  pages={108795},
  year={2022},
  publisher={Elsevier},
doi={https://doi.org/10.1016/j.comnet.2022.108795}
}

@article{tayouri2023survey,
  title={A survey of MulVAL extensions and their attack scenarios coverage},
  author={Tayouri, David and Baum, Nick and Shabtai, Asaf and Puzis, Rami},
  journal={IEEE Access},
  volume={11},
  pages={27974--27991},
  year={2023},
  publisher={IEEE},
doi={10.1109/ACCESS.2023.3257721}
}

@inproceedings{qiu2020firm,
  title={$\{$FIRM$\}$: An intelligent fine-grained resource management framework for $\{$SLO-Oriented$\}$ microservices},
  author={Qiu, Haoran and Banerjee, Subho S and Jha, Saurabh and Kalbarczyk, Zbigniew T and Iyer, Ravishankar K},
  booktitle={14th USENIX symposium on operating systems design and implementation (OSDI 20)},
  pages={805--825},
  year={2020},
url = {https://www.usenix.org/conference/osdi20/presentation/qiu},
publisher = {USENIX Association},
month = nov
}

@article{luna2015quantitative,
  title={Quantitative reasoning about cloud security using service level agreements},
  author={Luna, Jesus and Taha, Ahmed and Trapero, Ruben and Suri, Neeraj},
  journal={IEEE Transactions on Cloud Computing},
  volume={5},
  number={3},
  pages={457--471},
  year={2015},
  publisher={IEEE},
doi={10.1109/TCC.2015.2469659}
}

@article{le2022survey,
  title={A survey on data-driven software vulnerability assessment and prioritization},
  author={Le, Triet HM and Chen, Huaming and Babar, M Ali},
  journal={ACM Computing Surveys},
  volume={55},
  number={5},
  pages={1--39},
doi={https://doi.org/10.1145/3529757},
  year={2022},
  publisher={ACM New York, NY}
}

@article{elder2024survey,
  title={A Survey on Software Vulnerability Exploitability Assessment},
  author={Elder, Sarah and Rahman, Md Rayhanur and Fringer, Gage and Kapoor, Kunal and Williams, Laurie},
  journal={ACM Computing Surveys},
  volume={56},
  number={8},
  pages={1--41},
  year={2024},
  publisher={ACM New York, NY},
doi={https://doi.org/10.1145/3648610}
}

@inproceedings{croft2022investigation,
  title={An investigation into inconsistency of software vulnerability severity across data sources},
  author={Croft, Roland and Babar, M Ali and Li, Li},
  booktitle={2022 IEEE International Conference on Software Analysis, Evolution and Reengineering (SANER)},
  pages={338--348},
  year={2022},
  organization={IEEE},
doi={10.1109/SANER53432.2022.00050}
}

@inproceedings{pan2024towards,
  title={Towards More Practical Automation of Vulnerability Assessment},
  author={Pan, Shengyi and Bao, Lingfeng and Zhou, Jiayuan and Hu, Xing and Xia, Xin and Li, Shanping},
  booktitle={Proceedings of the IEEE/ACM 46th International Conference on Software Engineering},
  pages={1--13},
  year={2024},
doi={https://doi.org/10.1145/3597503.3639110}
}

@article{howland2023cvss,
  title={Cvss: Ubiquitous and broken},
  author={Howland, Henry},
  journal={Digital Threats: Research and Practice},
  volume={4},
  number={1},
  pages={1--12},
  year={2023},
doi={https://doi.org/10.1145/3491263},
  publisher={ACM New York, NY}
}

@article{jacobs2021exploit,
  title={Exploit prediction scoring system (epss)},
  author={Jacobs, Jay and Romanosky, Sasha and Edwards, Benjamin and Adjerid, Idris and Roytman, Michael},
  journal={Digital Threats: Research and Practice},
  volume={2},
  number={3},
  pages={1--17},
doi={https://doi.org/10.1145/3436242},
  year={2021},
  publisher={ACM New York, NY, USA}
}

@inproceedings{alperin2019risk,
  title={Risk prioritization by leveraging latent vulnerability features in a contested environment},
  author={Alperin, Kenneth and Wollaber, Allan and Ross, Dennis and Trepagnier, Pierre and Leonard, Leslie},
  booktitle={Proceedings of the 12th ACM Workshop on Artificial Intelligence and Security},
doi={https://doi.org/10.1145/3338501.3357365},
  pages={49--57},
  year={2019}
}

@inproceedings{esposito2023can,
  title={Can We Trust the Default Vulnerabilities Severity?},
  author={Esposito, Matteo and Moreschini, Sergio and Lenarduzzi, Valentina and H{\"a}stbacka, David and Falessi, Davide},
  booktitle={2023 IEEE 23rd International Working Conference on Source Code Analysis and Manipulation (SCAM)},
  pages={265--270},
doi={10.1109/SCAM59687.2023.00037},
  year={2023},
  organization={IEEE}
}


@inproceedings{de2023no,
  title={No one drinks from the firehose: How organizations filter and prioritize vulnerability information},
  author={de Smale, Stephanie and van Dijk, Rik and Bouwman, Xander and van der Ham, Jeroen and van Eeten, Michel},
  booktitle={2023 IEEE Symposium on Security and Privacy (SP)},
  pages={1980--1996},
doi={10.1109/SP46215.2023.10179447},
  year={2023},
  organization={IEEE}
}

@article{iannone2022secret,
  title={The secret life of software vulnerabilities: A large-scale empirical study},
  author={Iannone, Emanuele and Guadagni, Roberta and Ferrucci, Filomena and De Lucia, Andrea and Palomba, Fabio},
  journal={IEEE Transactions on Software Engineering},
  volume={49},
  number={1},
  pages={44--63},
doi={10.1109/TSE.2022.3140868},
  year={2022},
  publisher={IEEE}
}

@inproceedings{costa2022challenges,
  title={Challenges on prioritizing software patching},
  author={Costa, Thiago Figueiredo and Tymburib{\'a}, Mateus},
  booktitle={2022 15th International Conference on Security of Information and Networks (SIN)},
  pages={1--8},
doi={10.1109/SIN56466.2022.9970537},
  year={2022},
  organization={IEEE}
}

@inproceedings{younis2015comparing,
  title={Comparing and evaluating CVSS base metrics and microsoft rating system},
  author={Younis, Awad A and Malaiya, Yashwant K},
  booktitle={2015 IEEE International Conference on Software Quality, Reliability and Security},
  pages={252--261},
  year={2015},
doi={10.1109/QRS.2015.44},
  organization={IEEE}
}

@article{kia2024cyber,
  title={A cyber risk prediction model using common vulnerabilities and exposures},
  author={Kia, Arash Negahdari and Murphy, Finbarr and Sheehan, Barry and Shannon, Darren},
  journal={Expert Systems with Applications},
  volume={237},
  pages={121599},
  year={2024},
doi={https://doi.org/10.1016/j.eswa.2023.121599},
  publisher={Elsevier}
}

@article{zeng2023illation,
  title={ILLATION: Improving Vulnerability Risk Prioritization By Learning From Network},
  author={Zeng, Zhen and Huang, Dijiang and Xue, Guoliang and Deng, Yuli and Vadnere, Neha and Xie, Liguang},
  journal={IEEE Transactions on Dependable and Secure Computing},
  year={2023},
doi={10.1109/TDSC.2023.3294433},
  publisher={IEEE}
}


@article{buldyrev2010catastrophic,
  title={Catastrophic cascade of failures in interdependent networks},
  author={Buldyrev, Sergey V and Parshani, Roni and Paul, Gerald and Stanley, H Eugene and Havlin, Shlomo},
  journal={Nature},
  volume={464},
  number={7291},
  pages={1025--1028},
  year={2010},
doi={https://doi.org/10.1038/nature08932},
  publisher={Nature Publishing Group UK London}
}


@article{mondal2023security,
  title={Security quantification of container-technology-driven E-government systems},
  author={Mondal, Subrota Kumar and Tan, Tian and Khanam, Sadia and Kumar, Keshav and Kabir, Hussain Mohammed Dipu and Ni, Kan},
  journal={Electronics},
  volume={12},
  number={5},
  pages={1238},
  year={2023},
doi={https://doi.org/10.3390/electronics12051238},
  publisher={MDPI}
}

@article{northern2021vercasm,
  title={Vercasm-cps: Vulnerability analysis and cyber risk assessment for cyber-physical systems},
  author={Northern, Bradley and Burks, Trey and Hatcher, Marlana and Rogers, Michael and Ulybyshev, Denis},
  journal={Information},
  volume={12},
  number={10},
  pages={408},
  year={2021},
doi={https://doi.org/10.3390/info12100408},
  publisher={MDPI}
}

@article{zeng2021licality,
  title={Licalityâ€”likelihood and criticality: Vulnerability risk prioritization through logical reasoning and deep learning},
  author={Zeng, Zhen and Yang, Zhun and Huang, Dijiang and Chung, Chun-Jen},
  journal={IEEE Transactions on Network and Service Management},
  volume={19},
  number={2},
  pages={1746--1760},
  year={2021},
  publisher={IEEE}
}


@article{shah2022vulnerability,
  title={Vulnerability selection for remediation: An empirical analysis},
  author={Shah, Ankit and Farris, Katheryn A and Ganesan, Rajesh and Jajodia, Sushil},
  journal={The Journal of Defense Modeling and Simulation},
  volume={19},
  number={1},
  pages={13--22},
  year={2022},
doi ={https://doi.org/10.1177/1548512919874129},
  publisher={SAGE Publications Sage UK: London, England}
}

@article{cheimonidis2024dynamic,
  title={Dynamic vulnerability severity calculator for industrial control systems},
  author={Cheimonidis, Pavlos and Rantos, Konstantinos},
  journal={International Journal of Information Security},
  pages={1--22},
  year={2024},
doi={https://doi.org/10.1007/s10207-024-00858-4},
  publisher={Springer}
}

@article{iannone2024early,
  title={Early and Realistic Exploitability Prediction of Just-Disclosed Software Vulnerabilities: How Reliable Can It Be?},
  author={Iannone, Emanuele and Sellitto, Giulia and Iaccarino, Emanuele and Ferrucci, Filomena and De Lucia, Andrea and Palomba, Fabio},
  journal={ACM Transactions on Software Engineering and Methodology},
  year={2024},
doi={https://doi.org/10.1145/3654443},
  publisher={ACM New York, NY}
}

@inproceedings{seker2023xvrs,
  title={XVRS: Extended Vulnerability Risk Scoring based on Threat Intelligence},
  author={Seker, Ensar and Meng, Weizhi},
  booktitle={2023 IEEE International Conference on Metaverse Computing, Networking and Applications (MetaCom)},
  pages={516--523},
  year={2023},
doi={10.1109/MetaCom57706.2023.00094},
  organization={IEEE}
}

@inproceedings{yin2023empowering,
  title={Empowering vulnerability prioritization: A heterogeneous graph-driven framework for exploitability prediction},
  author={Yin, Jiao and Chen, Guihong and Hong, Wei and Wang, Hua and Cao, Jinli and Miao, Yuan},
  booktitle={International Conference on Web Information Systems Engineering},
  pages={289--299},
  year={2023},
doi={https://doi.org/10.1007/978-981-99-7254-8_23},
  organization={Springer}
}

@article{kurniawan2023automation,
  title={Automation of Quantifying Security Risk Level on Injection Attacks Based on Common Vulnerability Scoring System Metric.},
  author={Kurniawan, Aditya and Darus, Mohamad Yusof and Mohd Ariffin, Muhammad Azizi and Muliono, Yohan and Pardomuan, Chrisando Ryan},
  journal={Pertanika Journal of Science \& Technology},
  volume={31},
  number={3},
  year={2023}
}

@inproceedings{li2023security,
  title={Security Risk Assessment Method for Measurement Control Systems Based on Attack Tree Model and Common Vulnerability Scoring System},
  author={Li, Shiyong and Wu, Shasha and Guo, Xinglin},
  booktitle={Proceedings of the 2023 International Conference on Artificial Intelligence, Systems and Network Security},
  pages={360--369},
doi={https://doi.org/10.1145/3661638.3661706},
  year={2023}
}

@article{yan2022cyber,
  title={A cyber-physical power system risk assessment model against cyberattacks},
  author={Yan, Kang and Liu, Xuan and Lu, Yidan and Qin, Fanglu},
  journal={IEEE Systems Journal},
  volume={17},
  number={2},
  pages={2018--2028},
  year={2022},
doi={10.1109/JSYST.2022.3215591},
  publisher={IEEE}
}

@article{sharma2023analysis,
  title={Analysis and implementation of semi-automatic model for vulnerability exploitations of threat agents in NIST databases},
  author={Sharma, Gaurav and Vidalis, Stilianos and Menon, Catherine and Anand, Niharika},
  journal={Multimedia Tools and Applications},
  volume={82},
  number={11},
  pages={16951--16971},
  year={2023},
doi={https://doi.org/10.1007/s11042-022-14036-y},
  publisher={Springer}
}


@article{wang2023critical,
  title={Critical Relation Path Aggregation-Based Industrial Control Component Exploitable Vulnerability Reasoning.},
  author={Wang, Zibo and Huo, Chaobin and Zhang, Yaofang and Cheng, Shengtao and Chen, Yilu and Wei, Xiaojie and Li, Chao and Wang, Bailing},
  journal={Computers, Materials \& Continua},
  volume={75},
  number={2},
doi={10.32604/cmc.2023.035694},
  year={2023}
}

@inproceedings{cheng2023network,
  title={Network Vulnerability Assessment based on Knowledge Graph},
  author={Cheng, Jinyan and Tan, Xiaobin and Wang, Hao and Wang, Jian and Jiang, Xiaofeng and Jin, Zhaoyan},
  booktitle={2023 9th International Conference on Big Data Computing and Communications (BigCom)},
  pages={48--55},
  year={2023},
doi={10.1109/BIGCOM61073.2023.00015},
  organization={IEEE}
}

@inproceedings{hu2023cost,
  title={A Cost-effective Automation Method of Massive Vulnerabilities Analysis and Remediation Based on Cloud Native},
  author={Hu, Tian and Zhuang, Shangyuan and Sun, Jiyan and Liu, Yinlong and Ma, Wei and Wang, Hongchao},
  booktitle={2023 IEEE 22nd International Conference on Trust, Security and Privacy in Computing and Communications (TrustCom)},
  pages={772--779},
  year={2023},
doi={10.1109/TrustCom60117.2023.00112},
  organization={IEEE}
}

@article{hore2022towards,
  title={Towards optimal triage and mitigation of context-sensitive cyber vulnerabilities},
  author={Hore, Soumyadeep and Moomtaheen, Fariha and Shah, Ankit and Ou, Xinming},
  journal={IEEE Transactions on Dependable and Secure Computing},
  volume={20},
  number={2},
  pages={1270--1285},
  year={2022},
doi={10.1109/TDSC.2022.3152164},
  publisher={IEEE}
}

@article{wang2022automotive,
  title={Automotive cybersecurity vulnerability assessment using the common vulnerability scoring system and Bayesian network model},
  author={Wang, Yinghui and Yu, Bin and Yu, Haiyang and Xiao, Lingyun and Ji, Haojie and Zhao, Yanan},
  journal={IEEE Systems Journal},
  volume={17},
  number={2},
  pages={2880--2891},
  year={2022},
doi={10.1109/JSYST.2022.3230097},
  publisher={IEEE}
}

@inproceedings{mehri2023automated,
  title={Automated Patch Management: An Empirical Evaluation Study},
  author={Mehri, Vida Ahmadi and Arlos, Patrik and Casalicchio, Emiliano},
  booktitle={2023 IEEE International Conference on Cyber Security and Resilience (CSR)},
  pages={321--328},
  year={2023},
doi={10.1109/CSR57506.2023.10224970},
  organization={IEEE}
}

@article{mehta2023effect,
  title={The Effect of Topic Modelling on Prediction of Criticality Levels of Software Vulnerabilities},
  author={Mehta, Prarna and Aggarwal, Shubhangi and Tandon, Abhishek},
  journal={Informatica},
  volume={47},
  number={6},
  year={2023}
}

@article{yoon2023vulnerability,
  title={Vulnerability exploitation risk assessment based on offensive security approach},
  author={Yoon, Seong-Su and Kim, Do-Yeon and Kim, Ka-Kyung and Euom, Ieck-Chae},
  journal={Applied Sciences},
  volume={13},
  number={22},
  pages={12180},
  year={2023},
doi={https://doi.org/10.3390/app132212180},
  publisher={MDPI}
}

@inproceedings{yoon2023assess,
  title={Vulnerability Assessment Based on Real World Exploitability for Prioritizing Patch Applications},
  author={Yoon, Seong-Su and Kim, Do-Yeon and Kim, Ga-Gyeong and Euom, Iech-Chae},
  booktitle={2023 7th Cyber Security in Networking Conference (CSNet)},
  pages={62--66},
  year={2023},
  organization={IEEE},
doi={10.1109/CSNet59123.2023.10339782}
}

@inproceedings{hoque2023risk,
  title={Risk-ranking matrix for security patching of exploitable vulnerabilities},
  author={Hoque, Mohammad Shamsul and Jamil, Norziana and Amin, Nowshad and Mansor, Muhamad},
  booktitle={AIP Conference Proceedings},
  volume={2808},
  number={1},
  year={2023},
doi={https://doi.org/10.1063/5.0134560},
  organization={AIP Publishing}
}


@article{hore2023deep,
  title={Deep VULMAN: A deep reinforcement learning-enabled cyber vulnerability management framework},
  author={Hore, Soumyadeep and Shah, Ankit and Bastian, Nathaniel D},
  journal={Expert Systems with Applications},
  volume={221},
  pages={119734},
  year={2023},
doi={https://doi.org/10.1016/j.eswa.2023.119734},
  publisher={Elsevier}
}

@inproceedings{jacobs2023enhancing,
  title={Enhancing Vulnerability prioritization: Data-driven exploit predictions with community-driven insights},
  author={Jacobs, Jay and Romanosky, Sasha and Suciu, Octavian and Edwards, Ben and Sarabi, Armin},
  booktitle={2023 IEEE European Symposium on Security and Privacy Workshops (EuroS\&PW)},
  pages={194--206},
  year={2023},
doi={10.1109/EuroSPW59978.2023.00027},
  organization={IEEE}
}

@inproceedings{chalhoub2023but,
  title={But is it exploitable? Exploring how router vendors manage and patch security vulnerabilities in consumer-grade routers},
  author={Chalhoub, George and Martin, Andrew},
  booktitle={Proceedings of the 2023 European Symposium on Usable Security},
  pages={277--295},
doi={https://doi.org/10.1145/3617072.3617110},
  year={2023}
}

@inproceedings{forain2022revs,
  title={REVS: A Vulnerability Ranking Tool for Enterprise Security.},
  author={Forain, Igor and de Oliveira Albuquerque, Robson and de Sousa J{\'u}nior, Rafael Tim{\'o}teo},
  booktitle={ICEIS (2)},
  pages={126--133},
  year={2022}
}

@article{oser2022risk,
  title={Risk prediction of IoT devices based on vulnerability analysis},
  author={Oser, Pascal and van der Heijden, Rens W and L{\"u}ders, Stefan and Kargl, Frank},
  journal={ACM Transactions on Privacy and Security},
  volume={25},
  number={2},
  pages={1--36},
  year={2022},
doi={https://doi.org/10.1145/3510360},
  publisher={ACM New York, NY}
}

@article{samtani2022linking,
  title={Linking Exploits from the Dark Web to Known Vulnerabilities for Proactive Cyber Threat Intelligence: An Attention-Based Deep Structured Semantic Model1},
  author={Samtani, Sagar and Chai, Yidong and Chen, Hsinchun},
  journal={MIS quarterly},
  volume={46},
  number={2},
doi={https://doi.org/10.25300/MISQ/2022/15392},
  year={2022}
}

@inproceedings{almazrouei2022internet,
  title={The Internet of Things Network Penetration Testing Model Using Attack Graph Analysis},
  author={Almazrouei, Omar and Magalingam, Pritheega},
  booktitle={2022 International Symposium on Multidisciplinary Studies and Innovative Technologies (ISMSIT)},
  pages={360--368},
  year={2022},
doi={10.1109/ISMSIT56059.2022.9932758},
  organization={IEEE}
}

@article{ahmadi2022automated,
  title={Automated context-aware vulnerability risk management for patch prioritization},
  author={Ahmadi Mehri, Vida and Arlos, Patrik and Casalicchio, Emiliano},
  journal={Electronics},
  volume={11},
  number={21},
  pages={3580},
  year={2022},
doi={https://doi.org/10.3390/electronics11213580},
  publisher={MDPI}
}

@article{jung2022cavp,
  title={CAVP: A context-aware vulnerability prioritization model},
  author={Jung, Bill and Li, Yan and Bechor, Tamir},
  journal={Computers \& Security},
  volume={116},
  pages={102639},
  year={2022},
doi={https://doi.org/10.1016/j.cose.2022.102639},
  publisher={Elsevier}
}

@article{jiang2023model,
  title={Model-Based Cybersecurity Analysis: Extending Enterprise Modeling to Critical Infrastructure Cybersecurity},
  author={Jiang, Yuning and Jeusfeld, Manfred A and Ding, Jianguo and Sandahl, Elin},
  journal={Business \& Information Systems Engineering},
  volume={65},
  number={6},
  pages={643--676},
  year={2023},
doi={https://doi.org/10.1007/s12599-023-00811-0},
  publisher={Springer}
}

@article{jiang2024leveraging,
  title={Leveraging Digital Twin Technology for Enhanced Cybersecurity in Cyber--Physical Production Systems},
  author={Jiang, Yuning and Wang, Wei and Ding, Jianguo and Lu, Xin and Jing, Yanguo},
  journal={Future Internet},
  volume={16},
  number={4},
  pages={134},
  year={2024},
doi={https://doi.org/10.3390/fi16040134},
  publisher={MDPI}
}

@article{denuit2022conditional,
  title={Conditional mean risk sharing in the individual model with graphical dependencies},
  author={Denuit, Michel and Robert, Christian Y},
  journal={Annals of Actuarial Science},
  volume={16},
  number={1},
  pages={183--209},
  year={2022},
doi={https://doi.org/10.1017/S1748499521000166},
  publisher={Cambridge University Press}
}


@article{yadav2022smartpatch,
  title={SmartPatch: A patch prioritization framework},
  author={Yadav, Geeta and Gauravaram, Praveen and Jindal, Arun Kumar and Paul, Kolin},
  journal={Computers in Industry},
  volume={137},
  pages={103595},
  year={2022},
doi={https://doi.org/10.1016/j.compind.2021.103595},
  publisher={Elsevier}
}

@inproceedings{lei2022hybrid,
  title={A Hybrid Decision-making Approach to Security Metrics Aggregation in Cloud Environments},
  author={Lei, Ming and Zhao, Lianying and Pourzandi, Makan and Moghaddam, Fereydoun Farrahi},
  booktitle={2022 IEEE International Conference on Cloud Computing Technology and Science (CloudCom)},
  pages={178--185},
  year={2022},
doi={10.1109/CloudCom55334.2022.00034},
  organization={IEEE}
}

@article{aivatoglou2022rakel,
  title={A RAkEL-based methodology to estimate software vulnerability characteristics \& score-an application to EU project ECHO},
  author={Aivatoglou, Georgios and Anastasiadis, Mike and Spanos, Georgios and Voulgaridis, Antonis and Votis, Konstantinos and Tzovaras, Dimitrios and Angelis, Lefteris},
  journal={Multimedia Tools and Applications},
  volume={81},
  number={7},
  pages={9459--9479},
  year={2022},
doi={https://doi.org/10.1007/s11042-021-11073-x},
  publisher={Springer}
}

@article{costa2022predicting,
  title={Predicting CVSS metric via description interpretation},
  author={Costa, Joana Cabral and Roxo, Tiago and Sequeiros, Jo{\~a}o BF and Proenca, Hugo and Inacio, Pedro RM},
  journal={IEEE Access},
  volume={10},
  pages={59125--59134},
  year={2022},
doi={10.1109/ACCESS.2022.3179692},
  publisher={IEEE}
}

@inproceedings{figueiredo2022exploitability,
  title={Exploitability Assessment with Genetically Tuned Interconnected Neural Networks},
  author={Figueiredo Costa, Thiago and Tymburib{\'a}, Mateus},
  booktitle={Brazilian Conference on Intelligent Systems},
  pages={596--610},
  year={2022},
doi={https://doi.org/10.1007/978-3-031-21686-2_41},
  organization={Springer}
}

@inproceedings{imtiaz2021comparative,
  title={A comparative study of vulnerability reporting by software composition analysis tools},
  author={Imtiaz, Nasif and Thorn, Seaver and Williams, Laurie},
  booktitle={Proceedings of the 15th ACM/IEEE International Symposium on Empirical Software Engineering and Measurement (ESEM)},
  pages={1--11},
doi={https://doi.org/10.1145/3475716.3475769},
  year={2021}
}

@article{reyes2022environment,
  title={An environment-specific prioritization model for information-security vulnerabilities based on risk factor analysis},
  author={Reyes, Jorge and Fuertes, Walter and Ar{\'e}valo, Paco and Macas, Mayra},
  journal={Electronics},
  volume={11},
  number={9},
  pages={1334},
  year={2022},
doi={https://doi.org/10.3390/electronics11091334},
  publisher={MDPI}
}


@article{walkowski2021vulnerability,
  title={Vulnerability management models using a common vulnerability scoring system},
  author={Walkowski, Micha{\l} and Oko, Jacek and Sujecki, S{\l}awomir},
  journal={Applied Sciences},
  volume={11},
  number={18},
  pages={8735},
  year={2021},
doi={https://doi.org/10.3390/app11188735},
  publisher={MDPI}
}

@inproceedings{nourin2021measuring,
  title={Measuring Software Security Using Improved CWE Base Score.},
  author={Nourin, Sabrina Mamtaz and Argiropoulos, Foteini C and Karabatis, George},
  booktitle={CIKM Workshops},
  year={2021}
}

@inproceedings{walkowski2021automatic,
  title={Automatic CVSS-based vulnerability prioritization and response with context information},
  author={Walkowski, Micha{\l} and Krakowiak, Maciej and Jaroszewski, Marcin and Oko, Jacek and Sujecki, S{\l}awomir},
  booktitle={2021 International Conference on Software, Telecommunications and Computer Networks (SoftCOM)},
  pages={1--6},
doi={10.23919/SoftCOM52868.2021.9559094},
  year={2021},
  organization={IEEE}
}

@article{mahmood2021prioritizing,
  title={Prioritizing CWE/SANS and OWASP Vulnerabilities: A Network-Based Model},
  author={Mahmood, Basim},
  journal={International Journal of Computing and Digital Systems},
  volume={10},
  number={1},
  pages={361--372},
  year={2021},
doi={http://dx.doi.org/10.12785/ijcds/100137},
  publisher={University of Bahrain}
}

@article{walkowski2020efficient,
  title={Efficient algorithm for providing live vulnerability assessment in corporate network environment},
  author={Walkowski, Micha{\l} and Krakowiak, Maciej and Oko, Jacek and Sujecki, S{\l}awomir},
  journal={Applied Sciences},
  volume={10},
  number={21},
  pages={7926},
  year={2020},
doi={https://doi.org/10.3390/app10217926},
  publisher={MDPI}
}

@article{fang2020fastembed,
  title={FastEmbed: Predicting vulnerability exploitation possibility based on ensemble machine learning algorithm},
  author={Fang, Yong and Liu, Yongcheng and Huang, Cheng and Liu, Liang},
  journal={Plos one},
  volume={15},
  number={2},
  pages={e0228439},
  year={2020},
doi={https://doi.org/10.1371/journal.pone.0228439},
  publisher={Public Library of Science San Francisco, CA USA}
}

@article{roumani2020examining,
  title={Examining exploitability risk of vulnerabilities: a hazard model},
  author={Roumani, Yaman and Nwankpa, Joseph},
  journal={Communications of the Association for Information Systems},
  volume={46},
  number={1},
  pages={18},
doi={https://doi.org/10.17705/1CAIS.04618},
  year={2020}
}

@article{wang2020bayesian,
  title={A Bayesian network approach for cybersecurity risk assessment implementing and extending the FAIR model},
  author={Wang, Jiali and Neil, Martin and Fenton, Norman},
  journal={Computers \& Security},
  volume={89},
  pages={101659},
  year={2020},
doi={https://doi.org/10.1016/j.cose.2019.101659},
  publisher={Elsevier}
}

@inproceedings{ani2020vulnerability,
  title={Vulnerability-based impact criticality estimation for industrial control systems},
  author={Ani, Uchenna Daniel and He, Hongmei and Tiwari, Ashutosh},
  booktitle={2020 International Conference on Cyber Security and Protection of Digital Services (Cyber Security)},
  pages={1--8},
  year={2020},
doi={10.1109/CyberSecurity49315.2020.9138886},
  organization={IEEE}
}

@article{yadav2020iot,
  title={IoT-PEN: An E2E penetration testing framework for IoT},
  author={Yadav, Geeta and Paul, Kolin and Allakany, Alaa and Okamura, Koji},
  journal={Journal of Information Processing},
  volume={28},
  pages={633--642},
  year={2020},
doi={https://doi.org/10.2197/ipsjjip.28.633},
  publisher={Information Processing Society of Japan}
}

@inproceedings{pal2020sustainable,
  title={Sustainable catastrophic cyber-risk management in IoT societies},
  author={Pal, Ranjan and Huang, Ziyuan and Yin, Xinlong and Liu, Mingyan and Lototsky, Sergey and Crowcroft, Jon},
  booktitle={2020 Winter Simulation Conference (WSC)},
  pages={3105--3116},
  year={2020},
doi={10.1109/WSC48552.2020.9384103},
  organization={IEEE}
}

@article{wang2020vulnerability,
  title={A vulnerability risk assessment method based on heterogeneous information network},
  author={Wang, Wenrui and Shi, Fan and Zhang, Min and Xu, Chengxi and Zheng, Jinghua},
  journal={IEEE Access},
  volume={8},
  pages={148315--148330},
  year={2020},
doi={10.1109/ACCESS.2020.3015551},
  publisher={IEEE}
}

@article{le2021survey,
  title={A Survey on Data-Driven Software Vulnerability Assessment and Prioritization},
  author={Le, Triet HM and Chen, Huaming and Babar, M Ali},
  journal={arXiv preprint arXiv: 2107.08364},
  year={2021},
doi={https://doi.org/10.1145/3529757}
}

@article{spring2021time,
  title={Time to Change the CVSS?},
  author={Spring, Jonathan and Hatleback, Eric and Householder, Allen and Manion, Art and Shick, Deana},
  journal={IEEE Security \& Privacy},
  volume={19},
  number={2},
  pages={74--78},
  year={2021},
  publisher={IEEE}
}

@inproceedings{dissanayaka2020vulnerability,
  title={Vulnerability prioritization, root cause analysis, and mitigation of secure data analytic framework implemented with mongodb on singularity linux containers},
  author={Dissanayaka, Akalanka Mailewa and Mengel, Susan and Gittner, Lisa and Khan, Hafiz},
  booktitle={Proceedings of the 2020 4th International Conference on Compute and Data Analysis},
  pages={58--66},
doi={https://doi.org/10.1145/3388142.3388168},
  year={2020}
}

@inproceedings{liu2019study,
  title={Study on vulnerability rating of the intelligent and connected vehicleâ€™s cybersecurity},
  author={Liu, Yangyang and Wang, Zhao and Zhang, Yanan and Shi, Peiji and Shao, Xuebin},
  booktitle={Journal of Physics: Conference Series},
  volume={1187},
  number={5},
  pages={052054},
  year={2019},
doi={10.1088/1742-6596/1187/5/052054},
  organization={IOP Publishing}
}

@inproceedings{chen2019vase,
  title={VASE: A twitter-based vulnerability analysis and score engine},
  author={Chen, Haipeng and Liu, Jing and Liu, Rui and Park, Noseong and Subrahmanian, VS},
  booktitle={2019 IEEE International Conference on Data Mining (ICDM)},
  pages={976--981},
  year={2019},
doi={10.1109/ICDM.2019.00110},
  organization={IEEE}
}

@inproceedings{alperin2019risk,
  title={Risk prioritization by leveraging latent vulnerability features in a contested environment},
  author={Alperin, Kenneth and Wollaber, Allan and Ross, Dennis and Trepagnier, Pierre and Leonard, Leslie},
  booktitle={Proceedings of the 12th ACM Workshop on Artificial Intelligence and Security},
  pages={49--57},
doi={https://doi.org/10.1145/3338501.3357365},
  year={2019}
}

@inproceedings{yadav2019patchrank,
  title={PatchRank: Ordering updates for SCADA systems},
  author={Yadav, Geeta and Paul, Kolin},
  booktitle={2019 24th IEEE International Conference on Emerging Technologies and Factory Automation (ETFA)},
  pages={110--117},
  year={2019},
doi={10.1109/ETFA.2019.8869110},
  organization={IEEE}
}

@inproceedings{chen2019using,
  title={Using twitter to predict when vulnerabilities will be exploited},
  author={Chen, Haipeng and Liu, Rui and Park, Noseong and Subrahmanian, VS},
  booktitle={Proceedings of the 25th ACM SIGKDD international conference on knowledge discovery \& data Mining},
  pages={3143--3152},
doi={https://doi.org/10.1145/3292500.3330742},
  year={2019}
}

@article{angelini2018vulnus,
  title={Vulnus: Visual vulnerability analysis for network security},
  author={Angelini, Marco and Blasilli, Graziano and Catarci, Tiziana and Lenti, Simone and Santucci, Giuseppe},
  journal={IEEE transactions on visualization and computer graphics},
  volume={25},
  number={1},
  pages={183--192},
  year={2018},
doi={10.1109/TVCG.2018.2865028},
  publisher={IEEE}
}

@inproceedings{le2019automated,
  title={Automated software vulnerability assessment with concept drift},
  author={Le, Triet Huynh Minh and Sabir, Bushra and Babar, Muhammad Ali},
  booktitle={2019 IEEE/ACM 16th International Conference on Mining Software Repositories (MSR)},
  pages={371--382},
  year={2019},
doi={10.1109/MSR.2019.00063},
  organization={IEEE}
}

@inproceedings{yadav2019assessment,
  title={Assessment of SCADA system vulnerabilities},
  author={Yadav, Geeta and Paul, Kolin},
  booktitle={2019 24th IEEE international conference on emerging technologies and factory automation (ETFA)},
  pages={1737--1744},
  year={2019},
doi={10.1109/ETFA.2019.8869541},
  organization={IEEE}
}

@inproceedings{zou2019autocvss,
  title={Autocvss: An approach for automatic assessment of vulnerability severity based on attack process},
  author={Zou, Deqing and Yang, Ju and Li, Zhen and Jin, Hai and Ma, Xiaojing},
  booktitle={Green, Pervasive, and Cloud Computing: 14th International Conference, GPC 2019, Uberl{\^a}ndia, Brazil, May 26--28, 2019, Proceedings 14},
  pages={238--253},
  year={2019},
doi={https://doi.org/10.1007/978-3-030-19223-5_17},
  organization={Springer}
}

@inproceedings{ahmadi2020normalization,
  title={Normalization of severity rating for automated context-aware vulnerability risk management},
  author={Ahmadi, Vida and Arlos, Patrik and Casalicchio, Emiliano},
  booktitle={2020 IEEE International Conference on Autonomic Computing and Self-Organizing Systems Companion (ACSOS-C)},
  pages={200--205},
  year={2020},
doi={10.1109/ACSOS-C51401.2020.00056},
  organization={IEEE}
}

@inproceedings{zhang2020dynamic,
  title={Dynamic risk-aware patch scheduling},
  author={Zhang, Fengli and Li, Qinghua},
  booktitle={2020 IEEE Conference on Communications and Network Security (CNS)},
  pages={1--9},
  year={2020},
doi={10.1109/CNS48642.2020.9162225},
  organization={IEEE}
}

@article{gourisetti2019cybersecurity,
  title={Cybersecurity vulnerability mitigation framework through empirical paradigm (CyFEr): prioritized gap analysis},
  author={Gourisetti, Sri Nikhil Gupta and Mylrea, Michael and Patangia, Hirak},
  journal={IEEE Systems Journal},
  volume={14},
  number={2},
  pages={1897--1908},
  year={2019},
doi={10.1109/JSYST.2019.2913141},
  publisher={IEEE}
}

@inproceedings{anjum2020framework,
  title={A framework for prioritizing software vulnerabilities using fuzzy best-worst method},
  author={Anjum, Misbah and Kapur, PK and Agarwal, Vernika and Khatri, Sunil Kumar},
  booktitle={2020 8th International Conference on Reliability, Infocom Technologies and Optimization (Trends and Future Directions)(ICRITO)},
  pages={311--316},
  year={2020},
doi={10.1109/ICRITO48877.2020.9197854},
  organization={IEEE}
}

@article{anjum2020evaluation,
  title={Evaluation and selection of software vulnerabilities},
  author={Anjum, Misbah and Kapur, PK and Agarwal, Vernika and Khatri, Sunil Kumar},
  journal={International Journal of Reliability, Quality and Safety Engineering},
  volume={27},
  number={05},
  pages={2040014},
  year={2020},
doi={https://doi.org/10.1142/S0218539320400148},
  publisher={World Scientific}
}

@inproceedings{araujo2020improving,
  title={Improving cybersecurity hygiene through JIT patching},
  author={Araujo, Frederico and Taylor, Teryl},
  booktitle={Proceedings of the 28th ACM Joint Meeting on European Software Engineering Conference and Symposium on the Foundations of Software Engineering},
  pages={1421--1432},
doi={https://doi.org/10.1145/3368089.3417056},
  year={2020}
}

@article{watts1998collective,
  title={Collective dynamics of â€˜small-worldâ€™networks},
  author={Watts, Duncan J and Strogatz, Steven H},
  journal={nature},
  volume={393},
  number={6684},
  pages={440--442},
  year={1998},
  publisher={Nature Publishing Group}
}

@article{gleich2015pagerank,
  title={PageRank beyond the web},
  author={Gleich, David F},
  journal={siam REVIEW},
  volume={57},
  number={3},
  pages={321--363},
  year={2015},
doi={https://doi.org/10.1137/140976649},
  publisher={SIAM}
}

@inproceedings{ekle2023cyber,
  title={Cyber Risk Evaluation for Android-based Devices},
  author={Ekle, Ocheme Anthony and Ulybyshev, Denis},
  booktitle={2023 IEEE Conference on Dependable and Secure Computing (DSC)},
  pages={1--8},
  year={2023},
doi={10.1109/DSC61021.2023.10354217},
  organization={IEEE}
}

@inproceedings{pecl2021manager,
  title={Manager Asks: Which Vulnerability Must be Eliminated First?},
  author={Pecl, David and Safonov, Yehor and Martinasek, Zdenek and Kacic, Matej and Almer, Lubomir and Malina, Lukas},
  booktitle={Innovative Security Solutions for Information Technology and Communications: 13th International Conference, SecITC 2020, Bucharest, Romania, November 19--20, 2020, Revised Selected Papers 13},
  pages={146--164},
  year={2021},
doi={https://doi.org/10.1007/978-3-030-69255-1_10},
  organization={Springer}
}

@inproceedings{keskin2021scoring,
  title={Scoring cyber vulnerabilities based on their impact on organizational goals},
  author={Keskin, Omer and Gannon, Nick and Lopez, Brian and Tatar, Unal},
  booktitle={2021 Systems and Information Engineering Design Symposium (SIEDS)},
  pages={1--6},
  year={2021},
doi={10.1109/SIEDS52267.2021.9483741},
  organization={IEEE}
}

@inproceedings{sun2011automatic,
  title={Automatic security analysis using security metrics},
  author={Sun, Kun and Jajodia, Sushil and Li, Jason and Cheng, Yi and Tang, Wei and Singhal, Anoop},
  booktitle={2011-MILCOM 2011 Military Communications Conference},
  pages={1207--1212},
  year={2011},
doi={10.1109/MILCOM.2011.6127465},
  organization={IEEE}
}

@article{pendleton2016survey,
  title={A survey on systems security metrics},
  author={Pendleton, Marcus and Garcia-Lebron, Richard and Cho, Jin-Hee and Xu, Shouhuai},
  journal={ACM Computing Surveys (CSUR)},
  volume={49},
  number={4},
  pages={1--35},
  year={2016},
doi={https://doi.org/10.1145/3005714},
  publisher={ACM New York, NY, USA}
}

@article{chen2020survey,
  title={A survey on ethereum systems security: Vulnerabilities, attacks, and defenses},
  author={Chen, Huashan and Pendleton, Marcus and Njilla, Laurent and Xu, Shouhuai},
  journal={ACM Computing Surveys (CSUR)},
  volume={53},
  number={3},
  pages={1--43},
  year={2020},
doi={https://doi.org/10.1145/3391195},
  publisher={ACM New York, NY, USA}
}

@article{cho2019stram,
  title={Stram: Measuring the trustworthiness of computer-based systems},
  author={Cho, Jin-Hee and Xu, Shouhuai and Hurley, Patrick M and Mackay, Matthew and Benjamin, Trevor and Beaumont, Mark},
  journal={ACM Computing Surveys (CSUR)},
  volume={51},
  number={6},
  pages={1--47},
  year={2019},
doi={https://doi-org.libproxy1.nus.edu.sg/10.1145/3277666},
  publisher={ACM New York, NY, USA}
}