@article{bjorck2021spectralnormRL,
  title={Towards deeper deep reinforcement learning with spectral normalization},
  author={Bjorck, Nils and Gomes, Carla P and Weinberger, Kilian Q},
  journal={Advances in neural information processing systems},
  volume={34},
  pages={8242--8255},
  year={2021}
}

@inproceedings{chen2020simclr,
  title={A simple framework for contrastive learning of visual representations},
  author={Chen, Ting and Kornblith, Simon and Norouzi, Mohammad and Hinton, Geoffrey},
  booktitle={International conference on machine learning},
  pages={1597--1607},
  year={2020},
  organization={PMLR}
}

@inproceedings{d2023sample_breaking,
  title={Sample-efficient reinforcement learning by breaking the replay ratio barrier},
  author={D'Oro, Pierluca and Schwarzer, Max and Nikishin, Evgenii and Bacon, Pierre-Luc and Bellemare, Marc G and Courville, Aaron},
  booktitle={The Eleventh International Conference on Learning Representations},
  year={2023}
}

@article{elsayed2024streaming,
  title={Streaming Deep Reinforcement Learning Finally Works},
  author={Elsayed, Mohamed and Vasan, Gautham and Mahmood, A Rupam},
  journal={arXiv preprint arXiv:2410.14606},
  year={2024}
}

@article{farebrother2018l2rl,
  title={Generalization and regularization in dqn},
  author={Farebrother, Jesse and Machado, Marlos C and Bowling, Michael},
  journal={arXiv preprint arXiv:1810.00123},
  year={2018}
}

@article{gallici2024simplifying_td,
  title={Simplifying Deep Temporal Difference Learning},
  author={Gallici, Matteo and Fellows, Mattie and Ellis, Benjamin and Pou, Bartomeu and Masmitja, Ivan and Foerster, Jakob Nicolaus and Martin, Mario},
  journal={arXiv preprint arXiv:2407.04811},
  year={2024}
}

@inproceedings{gogianu2021spectral,
  title={Spectral normalisation for deep reinforcement learning: an optimisation perspective},
  author={Gogianu, Florin and Berariu, Tudor and Rosca, Mihaela C and Clopath, Claudia and Busoniu, Lucian and Pascanu, Razvan},
  booktitle={International Conference on Machine Learning},
  pages={3734--3744},
  year={2021},
  organization={PMLR}
}

@article{hiraoka2021dropout,
  title={Dropout q-functions for doubly efficient reinforcement learning},
  author={Hiraoka, Takuya and Imagawa, Takahisa and Hashimoto, Taisei and Onishi, Takashi and Tsuruoka, Yoshimasa},
  journal={arXiv preprint arXiv:2110.02034},
  year={2021}
}

@inproceedings{karras2024analyzing_diffusion,
  title={Analyzing and improving the training dynamics of diffusion models},
  author={Karras, Tero and Aittala, Miika and Lehtinen, Jaakko and Hellsten, Janne and Aila, Timo and Laine, Samuli},
  booktitle={Proceedings of the IEEE/CVF Conference on Computer Vision and Pattern Recognition},
  pages={24174--24184},
  year={2024}
}

@article{lee2024simba,
  title={SimBa: Simplicity Bias for Scaling Up Parameters in Deep Reinforcement Learning},
  author={Lee, Hojoon and Hwang, Dongyoon and Kim, Donghu and Kim, Hyunseung and Tai, Jun Jet and Subramanian, Kaushik and Wurman, Peter R and Choo, Jaegul and Stone, Peter and Seno, Takuma},
  journal={arXiv preprint arXiv:2410.09754},
  year={2024}
}

@article{lee2024slow,
  title={Slow and Steady Wins the Race: Maintaining Plasticity with Hare and Tortoise Networks},
  author={Lee, Hojoon and Cho, Hyeonseo and Kim, Hyunseung and Kim, Donghu and Min, Dugki and Choo, Jaegul and Lyle, Clare},
  journal={arXiv preprint arXiv:2406.02596},
  year={2024}
}

@article{li2023efficient,
  title={Efficient Deep Reinforcement Learning Requires Regulating Overfitting},
  author={Li, Qiyang and Kumar, Aviral and Kostrikov, Ilya and Levine, Sergey},
  journal={arXiv preprint arXiv:2304.10466},
  year={2023}
}

@article{liu2017hyper_conv,
  title={Deep hyperspherical learning},
  author={Liu, Weiyang and Zhang, Yan-Ming and Li, Xingguo and Yu, Zhiding and Dai, Bo and Zhao, Tuo and Song, Le},
  journal={Advances in neural information processing systems},
  volume={30},
  year={2017}
}

@inproceedings{liu2017sphereface,
  title={Sphereface: Deep hypersphere embedding for face recognition},
  author={Liu, Weiyang and Wen, Yandong and Yu, Zhiding and Li, Ming and Raj, Bhiksha and Song, Le},
  booktitle={Proceedings of the IEEE conference on computer vision and pattern recognition},
  pages={212--220},
  year={2017}
}

@article{loshchilov2024ngpt,
  title={ngpt: Normalized transformer with representation learning on the hypersphere},
  author={Loshchilov, Ilya and Hsieh, Cheng-Ping and Sun, Simeng and Ginsburg, Boris},
  journal={arXiv preprint arXiv:2410.01131},
  year={2024}
}

@article{lyle2023understanding_plasticity,
  title={Understanding plasticity in neural networks},
  author={Lyle, Clare and Zheng, Zeyu and Nikishin, Evgenii and Pires, Bernardo Avila and Pascanu, Razvan and Dabney, Will},
  journal=ICML,
  year={2023}
}

@article{nauman2024bro,
  title={Bigger, Regularized, Optimistic: scaling for compute and sample-efficient continuous control},
  author={Nauman, Michal and Ostaszewski, Mateusz and Jankowski, Krzysztof and Mi{\l}o{\'s}, Piotr and Cygan, Marek},
  journal={arXiv preprint arXiv:2405.16158},
  year={2024}
}

@article{nauman2024overestimation,
  title={Overestimation, Overfitting, and Plasticity in Actor-Critic: the Bitter Lesson of Reinforcement Learning},
  author={Nauman, Michal and Bortkiewicz, Micha{\l} and Ostaszewski, Mateusz and Mi{\l}o{\'s}, Piotr and Trzci{\'n}ski, Tomasz and Cygan, Marek},
  journal={arXiv preprint arXiv:2403.00514},
  year={2024}
}

@article{nikishin2022primacy,
  title={The Primacy Bias in Deep Reinforcement Learning}, 
  author={Evgenii Nikishin and Max Schwarzer and Pierluca D'Oro and Pierre-Luc Bacon and Aaron Courville},
  journal=ICML,
  year={2022},
}

@article{palenicek2025scaling,
  title={Scaling Off-Policy Reinforcement Learning with Batch and Weight Normalization},
  author={Palenicek, Daniel and Vogt, Florian and Peters, Jan},
  journal={arXiv preprint arXiv:2502.07523},
  year={2025}
}

@article{salimans2016weight_norm,
  title={Weight normalization: A simple reparameterization to accelerate training of deep neural networks},
  author={Salimans, Tim and Kingma, Durk P},
  journal={Advances in neural information processing systems},
  volume={29},
  year={2016}
}

@inproceedings{schwarzer2023bbf,
  title={Bigger, better, faster: Human-level atari with human-level efficiency},
  author={Schwarzer, Max and Ceron, Johan Samir Obando and Courville, Aaron and Bellemare, Marc G and Agarwal, Rishabh and Castro, Pablo Samuel},
  booktitle={International Conference on Machine Learning},
  pages={30365--30380},
  year={2023},
  organization={PMLR}
}

@article{sokar2023dormant,
  title={The dormant neuron phenomenon in deep reinforcement learning},
  author={Sokar, Ghada and Agarwal, Rishabh and Castro, Pablo Samuel and Evci, Utku},
  journal={arXiv preprint arXiv:2302.12902},
  year={2023}
}

@article{song2019observational,
  title={Observational overfitting in reinforcement learning},
  author={Song, Xingyou and Jiang, Yiding and Tu, Stephen and Du, Yilun and Neyshabur, Behnam},
  journal={arXiv preprint arXiv:1912.02975},
  year={2019}
}

@inproceedings{wang2017normface,
  title={Normface: L2 hypersphere embedding for face verification},
  author={Wang, Feng and Xiang, Xiang and Cheng, Jian and Yuille, Alan Loddon},
  booktitle={Proceedings of the 25th ACM international conference on Multimedia},
  pages={1041--1049},
  year={2017}
}

@inproceedings{wang2020understanding,
  title={Understanding contrastive representation learning through alignment and uniformity on the hypersphere},
  author={Wang, Tongzhou and Isola, Phillip},
  booktitle={International conference on machine learning},
  pages={9929--9939},
  year={2020},
  organization={PMLR}
}

@article{xu2018spherical_vae,
  title={Spherical latent spaces for stable variational autoencoders},
  author={Xu, Jiacheng and Durrett, Greg},
  journal={arXiv preprint arXiv:1808.10805},
  year={2018}
}

@article{xu2023drm,
  title={DrM: Mastering Visual Reinforcement Learning through Dormant Ratio Minimization},
  author={Xu, Guowei and Zheng, Ruijie and Liang, Yongyuan and Wang, Xiyao and Yuan, Zhecheng and Ji, Tianying and Luo, Yu and Liu, Xiaoyu and Yuan, Jiaxin and Hua, Pu and others},
  journal={arXiv preprint arXiv:2310.19668},
  year={2023}
}

