%%%%%%%%%%%%% Prefix %%%%%%%%%%%%%%

@STRING{NIPS="Proc. the Advances in Neural Information Processing Systems (NeurIPS)"}
@STRING{ICML="Proc. the International Conference on Machine Learning (ICML)"}
@STRING{ICLR="Proc. the International Conference on Learning Representations (ICLR)"}
@STRING{AAAI="Proc. the AAAI Conference on Artificial Intelligence (AAAI)"}
@STRING{IJCAI="Proc. the International Joint Conference on Artificial Intelligence (IJCAI)"}
@STRING{UAI="Proc. the Conference on Uncertainty in Artificial Intelligence (UAI)"}

@STRING{TPAMI="The IEEE Transactions on Pattern Analysis and Machine Intelligence (TPMAI)"}
@STRING{JMLR="Journal of Machine Learning Research (JMLR)"}
@STRING{TMLR=" Transactions on Machine Learning Research (TMLR)"}

@STRING{WWW="Proc. the International Conference on World Wide Web (WWW)"}
@STRING{KDD="Proc. the ACM SIGKDD International Conference on Knowledge Discovery and Data Mining (KDD)"}
@STRING{WSDM="Proc. the ACM International Conference on Web Search and Data Mining (WSDM)"}
@STRING{CIKM="Proc. the ACM Conference on Information and Knowledge Management (CIKM)"}
@STRING{ICDM="Proc. the IEEE International Conference on Data Mining (ICDM)"}
@STRING{ICDE="Proc. the International Conference on Data Engineering (ICDE)"}
@STRING{RecSys="Proc. the ACM Conference on Recommender systems (RecSys)"}

@STRING{ACL="Proc. the Annual Meeting of the Association for Computational Linguistics (ACL)"}
@STRING{EMNLP="Proc. of the Conference on Empirical Methods in Natural Language Processing (EMNLP)"}
@STRING{NAACL="Proc. of The Annual Conference of the North American Chapter of the Association for Computational Linguistics (NAACL)"}
@STRING{COLING="Proc. of the International Conference on Computational Linguistics (COLING)"}

@STRING{CVPR="Proc. of the IEEE Conference on Computer Vision and Pattern Recognition (CVPR)"}
@STRING{ECCV="Proc. of the European Conference on Computer Vision (ECCV)"}
@STRING{ICCV="Proc. of the IEEE International Conference on Computer Cision (ICCV)"}
@STRING{WACV="Proc. of the IEEE Winter Conference on Applications of Computer Vision (WACV)"}

@STRING{CHI="Proc. of the CHI Conference on Human Factors in Computing Systems (CHI)"}

# Biblography guidelines
# name: author_year_method
# Provide title, author, journal or booktitle, year
# Use a prefix for the journal (if not exist, make one)

%%%%%%%%%%%%%%%%%%%%%%%%%%%%%%%%%%%%%%%%%
%% Simplicity Bias

@article{lee2024simba,
  title={SimBa: Simplicity Bias for Scaling Up Parameters in Deep Reinforcement Learning},
  author={Lee, Hojoon and Hwang, Dongyoon and Kim, Donghu and Kim, Hyunseung and Tai, Jun Jet and Subramanian, Kaushik and Wurman, Peter R and Choo, Jaegul and Stone, Peter and Seno, Takuma},
  journal={arXiv preprint arXiv:2410.09754},
  year={2024}
}


@inproceedings{teney2024neuralredshift,
  title={Neural Redshift: Random Networks are not Random Functions},
  author={Teney, Damien and Nicolicioiu, Armand Mihai and Hartmann, Valentin and Abbasnejad, Ehsan},
  booktitle={Proceedings of the IEEE/CVF Conference on Computer Vision and Pattern Recognition},
  pages={4786--4796},
  year={2024}
}


@InProceedings{woodworth20overparameterized,
  title = 	 {Kernel and Rich Regimes in Overparametrized Models},
  author =       {Woodworth, Blake and Gunasekar, Suriya and Lee, Jason D. and Moroshko, Edward and Savarese, Pedro and Golan, Itay and Soudry, Daniel and Srebro, Nathan},
  booktitle = 	 {Proceedings of Thirty Third Conference on Learning Theory},
  pages = 	 {3635--3673},
  year = 	 {2020},
  editor = 	 {Abernethy, Jacob and Agarwal, Shivani},
  volume = 	 {125},
  series = 	 {Proceedings of Machine Learning Research},
  month = 	 {09--12 Jul},
  publisher =    {PMLR},
}


@InProceedings{blanc20implicitreg,
  title = 	 {Implicit regularization for deep neural networks driven by an Ornstein-Uhlenbeck like process},
  author =       {Blanc, Guy and Gupta, Neha and Valiant, Gregory and Valiant, Paul},
  booktitle = 	 {Proceedings of Thirty Third Conference on Learning Theory},
  pages = 	 {483--513},
  year = 	 {2020},
  editor = 	 {Abernethy, Jacob and Agarwal, Shivani},
  volume = 	 {125},
  series = 	 {Proceedings of Machine Learning Research},
  month = 	 {09--12 Jul},
  publisher =    {PMLR},
}

@inproceedings{arora2018implicitopt,
  title={On the optimization of deep networks: Implicit acceleration by overparameterization},
  author={Arora, Sanjeev and Cohen, Nadav and Hazan, Elad},
  booktitle={International conference on machine learning},
  pages={244--253},
  year={2018},
  organization={PMLR}
}

@article{arora2019implicitmat,
  title={Implicit regularization in deep matrix factorization},
  author={Arora, Sanjeev and Cohen, Nadav and Hu, Wei and Luo, Yuping},
  journal={Advances in Neural Information Processing Systems},
  volume={32},
  year={2019}
}

@inproceedings{
kumar2022dr3,
title={{DR}3: Value-Based Deep Reinforcement Learning Requires Explicit Regularization},
author={Aviral Kumar and Rishabh Agarwal and Tengyu Ma and Aaron Courville and George Tucker and Sergey Levine},
booktitle={International Conference on Learning Representations},
year={2022},
url={https://openreview.net/forum?id=POvMvLi91f}
}

@inproceedings{
kumar2021implicit,
title={Implicit Under-Parameterization Inhibits Data-Efficient Deep Reinforcement Learning},
author={Aviral Kumar and Rishabh Agarwal and Dibya Ghosh and Sergey Levine},
booktitle={International Conference on Learning Representations},
year={2021},
url={https://openreview.net/forum?id=O9bnihsFfXU}
}


@InProceedings{rahaman19spectralbias,
  title = 	 {On the Spectral Bias of Neural Networks},
  author =       {Rahaman, Nasim and Baratin, Aristide and Arpit, Devansh and Draxler, Felix and Lin, Min and Hamprecht, Fred and Bengio, Yoshua and Courville, Aaron},
  booktitle = 	 {Proceedings of the 36th International Conference on Machine Learning},
  pages = 	 {5301--5310},
  year = 	 {2019},
  editor = 	 {Chaudhuri, Kamalika and Salakhutdinov, Ruslan},
  volume = 	 {97},
  series = 	 {Proceedings of Machine Learning Research},
  month = 	 {09--15 Jun},
  publisher =    {PMLR},
  pdf = 	 {http://proceedings.mlr.press/v97/rahaman19a/rahaman19a.pdf},
  url = 	 {https://proceedings.mlr.press/v97/rahaman19a.html},
}


%%%%%%%%%%%%%%%%%%%%%%%%%%%%%%%%%%%%%%%%%
%% Plasticity
@incollection{prechelt2002early,
  title={Early stopping-but when?},
  author={Prechelt, Lutz},
  booktitle={Neural Networks: Tricks of the trade},
  pages={55--69},
  year={2002},
  publisher={Springer}
}

@article{ash2020warm,
  title={On warm-starting neural network training},
  author={Ash, Jordan and Adams, Ryan P},
  journal={Advances in neural information processing systems},
  volume={33},
  pages={3884--3894},
  year={2020}
}

@article{sodhani2020toward,
  title={Toward training recurrent neural networks for lifelong learning},
  author={Sodhani, Shagun and Chandar, Sarath and Bengio, Yoshua},
  journal={Neural computation},
  volume={32},
  number={1},
  pages={1--35},
  year={2020},
  publisher={MIT Press One Rogers Street, Cambridge, MA 02142-1209, USA journals-info~â€¦}
}

@inproceedings{he2015delving,
  title={Delving deep into rectifiers: Surpassing human-level performance on imagenet classification},
  author={He, Kaiming and Zhang, Xiangyu and Ren, Shaoqing and Sun, Jian},
  booktitle={Proceedings of the IEEE international conference on computer vision},
  pages={1026--1034},
  year={2015}
}

@article{pezeshki2021gradient,
  title={Gradient starvation: A learning proclivity in neural networks},
  author={Pezeshki, Mohammad and Kaba, Oumar and Bengio, Yoshua and Courville, Aaron C and Precup, Doina and Lajoie, Guillaume},
  journal={Advances in Neural Information Processing Systems},
  volume={34},
  pages={1256--1272},
  year={2021}
}

@article{nikishin2022primacy,
  title={The Primacy Bias in Deep Reinforcement Learning}, 
  author={Evgenii Nikishin and Max Schwarzer and Pierluca D'Oro and Pierre-Luc Bacon and Aaron Courville},
  journal=ICML,
  year={2022},
}

@article{lyle2022capacity,
  title={Understanding and preventing capacity loss in reinforcement learning},
  author={Lyle, Clare and Rowland, Mark and Dabney, Will},
  journal=ICLR,
  year={2022}
}

@article{abbas2023plasticity_crelu,
  title={Loss of Plasticity in Continual Deep Reinforcement Learning},
  author={Abbas, Zaheer and Zhao, Rosie and Modayil, Joseph and White, Adam and Machado, Marlos C},
  journal={arXiv preprint arXiv:2303.07507},
  year={2023}
}

@inproceedings{shang2016understanding,
  title={Understanding and improving convolutional neural networks via concatenated rectified linear units},
  author={Shang, Wenling and Sohn, Kihyuk and Almeida, Diogo and Lee, Honglak},
  booktitle={international conference on machine learning},
  pages={2217--2225},
  year={2016},
  organization={PMLR}
}

@article{andrychowicz2020onpolicyablation,
  title={What matters in on-policy reinforcement learning? a large-scale empirical study},
  author={Andrychowicz, Marcin and Raichuk, Anton and Sta{\'n}czyk, Piotr and Orsini, Manu and Girgin, Sertan and Marinier, Raphael and Hussenot, L{\'e}onard and Geist, Matthieu and Pietquin, Olivier and Michalski, Marcin and others},
  journal={arXiv preprint arXiv:2006.05990},
  year={2020}
}

@inproceedings{
cetin2024simple,
title={Simple Ingredients for Offline Reinforcement Learning},
author={Edoardo Cetin and Andrea Tirinzoni and Matteo Pirotta and Alessandro Lazaric and Yann Ollivier and Ahmed Touati},
booktitle={Forty-first International Conference on Machine Learning},
year={2024},
url={https://openreview.net/forum?id=japBn31gXC}
}

@article{lyle2023understanding_plasticity,
  title={Understanding plasticity in neural networks},
  author={Lyle, Clare and Zheng, Zeyu and Nikishin, Evgenii and Pires, Bernardo Avila and Pascanu, Razvan and Dabney, Will},
  journal=ICML,
  year={2023}
}

@article{li2023efficient,
  title={Efficient Deep Reinforcement Learning Requires Regulating Overfitting},
  author={Li, Qiyang and Kumar, Aviral and Kostrikov, Ilya and Levine, Sergey},
  journal={arXiv preprint arXiv:2304.10466},
  year={2023}
}

@inproceedings{
bhatt2024crossq,
title={CrossQ: Batch Normalization in Deep Reinforcement Learning for Greater Sample Efficiency and Simplicity},
author={Aditya Bhatt and Daniel Palenicek and Boris Belousov and Max Argus and Artemij Amiranashvili and Thomas Brox and Jan Peters},
booktitle={The Twelfth International Conference on Learning Representations},
year={2024},
url={https://openreview.net/forum?id=PczQtTsTIX}
}

@inproceedings{d2023sample_breaking,
  title={Sample-efficient reinforcement learning by breaking the replay ratio barrier},
  author={D'Oro, Pierluca and Schwarzer, Max and Nikishin, Evgenii and Bacon, Pierre-Luc and Bellemare, Marc G and Courville, Aaron},
  booktitle={The Eleventh International Conference on Learning Representations},
  year={2023}
}

@inproceedings{schwarzer2023bbf,
  title={Bigger, better, faster: Human-level atari with human-level efficiency},
  author={Schwarzer, Max and Ceron, Johan Samir Obando and Courville, Aaron and Bellemare, Marc G and Agarwal, Rishabh and Castro, Pablo Samuel},
  booktitle={International Conference on Machine Learning},
  pages={30365--30380},
  year={2023},
  organization={PMLR}
}

@article{sokar2023dormant,
  title={The dormant neuron phenomenon in deep reinforcement learning},
  author={Sokar, Ghada and Agarwal, Rishabh and Castro, Pablo Samuel and Evci, Utku},
  journal={arXiv preprint arXiv:2302.12902},
  year={2023}
}

@article{kumar2023regen,
  title={Maintaining plasticity via regenerative regularization},
  author={Kumar, Saurabh and Marklund, Henrik and Van Roy, Benjamin},
  journal={arXiv preprint arXiv:2308.11958},
  year={2023}
}

@article{dohare2023maintaining,
  title={Maintaining Plasticity in Deep Continual Learning},
  author={Dohare, Shibhansh and Hernandez-Garcia, J Fernando and Rahman, Parash and Sutton, Richard S and Mahmood, A Rupam},
  journal={arXiv preprint arXiv:2306.13812},
  year={2023}
}

@article{lewandowski2023curvature,
  title={Curvature Explains Loss of Plasticity},
  author={Lewandowski, Alex and Tanaka, Haruto and Schuurmans, Dale and Machado, Marlos C},
  journal={arXiv preprint arXiv:2312.00246},
  year={2023}
}

%%%
% Trainability
@article{kumar2023continual,
  title={Continual learning as computationally constrained reinforcement learning},
  author={Kumar, Saurabh and Marklund, Henrik and Rao, Ashish and Zhu, Yifan and Jeon, Hong Jun and Liu, Yueyang and Van Roy, Benjamin},
  journal={arXiv preprint arXiv:2307.04345},
  year={2023}
}

@inproceedings{glorot2010understanding,
  title={Understanding the difficulty of training deep feedforward neural networks},
  author={Glorot, Xavier and Bengio, Yoshua},
  booktitle={Proceedings of the thirteenth international conference on artificial intelligence and statistics},
  pages={249--256},
  year={2010},
  organization={JMLR Workshop and Conference Proceedings}
}

% Generalization
@article{jiang2019fantastic,
  title={Fantastic generalization measures and where to find them},
  author={Jiang, Yiding and Neyshabur, Behnam and Mobahi, Hossein and Krishnan, Dilip and Bengio, Samy},
  journal={arXiv preprint arXiv:1912.02178},
  year={2019}
}

@inproceedings{xiao2020disentangling,
  title={Disentangling trainability and generalization in deep neural networks},
  author={Xiao, Lechao and Pennington, Jeffrey and Schoenholz, Samuel},
  booktitle={International Conference on Machine Learning},
  pages={10462--10472},
  year={2020},
  organization={PMLR}
}

%%%%%%%%%%%%%%%%%%%%%%%%%%%%%%%%%%%%%%%%%
%% General

@article{simonyan2014very,
  title={Very deep convolutional networks for large-scale image recognition},
  author={Simonyan, Karen and Zisserman, Andrew},
  journal={arXiv preprint arXiv:1409.1556},
  year={2014}
}

@inproceedings{he2016deep,
  title={Deep residual learning for image recognition},
  author={He, Kaiming and Zhang, Xiangyu and Ren, Shaoqing and Sun, Jian},
  booktitle={Proceedings of the IEEE conference on computer vision and pattern recognition},
  pages={770--778},
  year={2016}
}

@article{dosovitskiy2020image,
  title={An image is worth 16x16 words: Transformers for image recognition at scale},
  author={Dosovitskiy, Alexey and Beyer, Lucas and Kolesnikov, Alexander and Weissenborn, Dirk and Zhai, Xiaohua and Unterthiner, Thomas and Dehghani, Mostafa and Minderer, Matthias and Heigold, Georg and Gelly, Sylvain and others},
  journal={arXiv preprint arXiv:2010.11929},
  year={2020}
}

@article{achiam2023gpt4,
  title={GPT-4 Technical Report},
  author={Achiam, Josh and Adler, Steven and Agarwal, Sandhini and Ahmad, Lama and Akkaya, Ilge and Aleman, Florencia Leoni and Almeida, Diogo and Altenschmidt, Janko and Altman, Sam and Anadkat, Shyamal and others},
  journal={arXiv preprint arXiv:2303.08774},
  year={2023}
}

@article{team2023gemini,
  title={Gemini: a family of highly capable multimodal models},
  author={Gemini and Anil, Rohan and Borgeaud, Sebastian and Wu, Yonghui and Alayrac, Jean-Baptiste and Yu, Jiahui and Soricut, Radu and Schalkwyk, Johan and Dai, Andrew M and Hauth, Anja and others},
  journal={arXiv preprint arXiv:2312.11805},
  year={2023}
}

@techreport{krizhevsky2009learning,
  title={Learning multiple layers of features from tiny images},
  author={Krizhevsky, Alex},
  year={2009},
  institution={Citeseer}
}

@article{lecun1998mnist,
  title={The MNIST database of handwritten digits},
  author={LeCun, Yann and Cortes, Corinna and Burges, CJ},
  journal={http://yann.lecun.com/exdb/mnist/},
  year={1998}
}

@article{loshchilov2017decoupled,
  title={Decoupled weight decay regularization},
  author={Loshchilov, Ilya and Hutter, Frank},
  journal={arXiv preprint arXiv:1711.05101},
  year={2017}
}

@article{zhang2021understanding,
  title={Understanding deep learning (still) requires rethinking generalization},
  author={Zhang, Chiyuan and Bengio, Samy and Hardt, Moritz and Recht, Benjamin and Vinyals, Oriol},
  journal={Communications of the ACM},
  volume={64},
  number={3},
  pages={107--115},
  year={2021},
  publisher={ACM New York, NY, USA}
}

@article{goyal2017accurate,
  title={Accurate, large minibatch sgd: Training imagenet in 1 hour},
  author={Goyal, Priya and Doll{\'a}r, Piotr and Girshick, Ross and Noordhuis, Pieter and Wesolowski, Lukasz and Kyrola, Aapo and Tulloch, Andrew and Jia, Yangqing and He, Kaiming},
  journal={arXiv preprint arXiv:1706.02677},
  year={2017}
}

@inproceedings{ioffe2015batch,
  title={Batch normalization: Accelerating deep network training by reducing internal covariate shift},
  author={Ioffe, Sergey and Szegedy, Christian},
  booktitle={International conference on machine learning},
  pages={448--456},
  year={2015},
  organization={pmlr}
}

@article{ba2016layer,
  title={Layer normalization},
  author={Ba, Jimmy Lei and Kiros, Jamie Ryan and Hinton, Geoffrey E},
  journal={arXiv preprint arXiv:1607.06450},
  year={2016}
}

@article{le2015tiny,
  title={Tiny imagenet visual recognition challenge},
  author={Le, Ya and Yang, Xuan},
  journal={CS 231N},
  volume={7},
  number={7},
  pages={3},
  year={2015}
}

@article{asadi2023resetting,
  title={Resetting the optimizer in deep RL: An empirical study},
  author={Asadi, Kavosh and Fakoor, Rasool and Sabach, Shoham},
  journal={arXiv preprint arXiv:2306.17833},
  year={2023}
}

@inproceedings{touvron2021training,
  title={Training data-efficient image transformers \& distillation through attention},
  author={Touvron, Hugo and Cord, Matthieu and Douze, Matthijs and Massa, Francisco and Sablayrolles, Alexandre and J{\'e}gou, Herv{\'e}},
  booktitle={International conference on machine learning},
  pages={10347--10357},
  year={2021},
  organization={PMLR}
}

@article{russakovsky2015imagenet,
  title={Imagenet large scale visual recognition challenge},
  author={Russakovsky, Olga and Deng, Jia and Su, Hao and Krause, Jonathan and Satheesh, Sanjeev and Ma, Sean and Huang, Zhiheng and Karpathy, Andrej and Khosla, Aditya and Bernstein, Michael and others},
  journal={International journal of computer vision},
  volume={115},
  pages={211--252},
  year={2015},
  publisher={Springer}
}

%%%%%%%%%%%%%%%%%%%%%%%%%%%%%%%%%%%%%%%%%%%%%
%% Reinforcement Learning
@article{mnih2015human,
  title={Human-level control through deep reinforcement learning},
  author={Mnih, Volodymyr and Kavukcuoglu, Koray and Silver, David and Rusu, Andrei A and Veness, Joel and Bellemare, Marc G and Graves, Alex and Riedmiller, Martin and Fidjeland, Andreas K and Ostrovski, Georg and others},
  journal={nature},
  volume={518},
  number={7540},
  pages={529--533},
  year={2015},
  publisher={Nature Publishing Group}
}

@article{lillicrap2015ddpg,
  title={Continuous control with deep reinforcement learning},
  author={Lillicrap, TP},
  journal={arXiv preprint arXiv:1509.02971},
  year={2015}
}

@article{nauman2024bro,
  title={Bigger, Regularized, Optimistic: scaling for compute and sample-efficient continuous control},
  author={Nauman, Michal and Ostaszewski, Mateusz and Jankowski, Krzysztof and Mi{\l}o{\'s}, Piotr and Cygan, Marek},
  journal={arXiv preprint arXiv:2405.16158},
  year={2024}
}


@inproceedings{espeholt2018impala,
  title={Impala: Scalable distributed deep-rl with importance weighted actor-learner architectures},
  author={Espeholt, Lasse and Soyer, Hubert and Munos, Remi and Simonyan, Karen and Mnih, Vlad and Ward, Tom and Doron, Yotam and Firoiu, Vlad and Harley, Tim and Dunning, Iain and others},
  booktitle={International conference on machine learning},
  pages={1407--1416},
  year={2018},
  organization={PMLR}
}

@article{takahashi2019data_aug,
  title={Data augmentation using random image cropping and patching for deep CNNs},
  author={Takahashi, Ryo and Matsubara, Takashi and Uehara, Kuniaki},
  journal={IEEE Transactions on Circuits and Systems for Video Technology},
  volume={30},
  number={9},
  pages={2917--2931},
  year={2019},
  publisher={IEEE}
}

@inproceedings{mcmahan2017federated,
  title={Communication-efficient learning of deep networks from decentralized data},
  author={McMahan, Brendan and Moore, Eider and Ramage, Daniel and Hampson, Seth and y Arcas, Blaise Aguera},
  booktitle={Artificial intelligence and statistics},
  pages={1273--1282},
  year={2017},
  organization={PMLR}
}

@article{shin2017continual_generative,
  title={Continual learning with deep generative replay},
  author={Shin, Hanul and Lee, Jung Kwon and Kim, Jaehong and Kim, Jiwon},
  journal={Advances in neural information processing systems},
  volume={30},
  year={2017}
}

@article{kumaran2016complementary,
  title={What learning systems do intelligent agents need? Complementary learning systems theory updated},
  author={Kumaran, Dharshan and Hassabis, Demis and McClelland, James L},
  journal={Trends in cognitive sciences},
  volume={20},
  number={7},
  pages={512--534},
  year={2016},
  publisher={Elsevier}
}

@inproceedings{pritzel2017neuralepisodic,
  title={Neural episodic control},
  author={Pritzel, Alexander and Uria, Benigno and Srinivasan, Sriram and Badia, Adria Puigdomenech and Vinyals, Oriol and Hassabis, Demis and Wierstra, Daan and Blundell, Charles},
  booktitle={International conference on machine learning},
  pages={2827--2836},
  year={2017},
  organization={PMLR}
}

@article{arani2022fast_slow_continual,
  title={Learning fast, learning slow: A general continual learning method based on complementary learning system},
  author={Arani, Elahe and Sarfraz, Fahad and Zonooz, Bahram},
  journal={arXiv preprint arXiv:2201.12604},
  year={2022}
}

@article{pham2022fast_slow_timeseries,
  title={Learning fast and slow for online time series forecasting},
  author={Pham, Quang and Liu, Chenghao and Sahoo, Doyen and Hoi, Steven CH},
  journal={arXiv preprint arXiv:2202.11672},
  year={2022}
}

@article{mcclelland1995why_complementary,
  title={Why there are complementary learning systems in the hippocampus and neocortex: insights from the successes and failures of connectionist models of learning and memory.},
  author={McClelland, James L and McNaughton, Bruce L and O'Reilly, Randall C},
  journal={Psychological review},
  volume={102},
  number={3},
  pages={419},
  year={1995},
  publisher={American Psychological Association}
}

@article{krogh1991simple_l2,
  title={A simple weight decay can improve generalization},
  author={Krogh, Anders and Hertz, John},
  journal={Advances in neural information processing systems},
  volume={4},
  year={1991}
}

@article{kaplan2020scaling,
  title={Scaling laws for neural language models},
  author={Kaplan, Jared and McCandlish, Sam and Henighan, Tom and Brown, Tom B and Chess, Benjamin and Child, Rewon and Gray, Scott and Radford, Alec and Wu, Jeffrey and Amodei, Dario},
  journal={arXiv preprint arXiv:2001.08361},
  year={2020}
}

@inproceedings{
chung2018twotimescale,
title={Two-Timescale Networks for Nonlinear Value Function Approximation},
author={Wesley Chung and Somjit Nath and Ajin Joseph and Martha White},
booktitle={International Conference on Learning Representations},
year={2019},
url={https://openreview.net/forum?id=rJleN20qK7},
}

@article{berariu2021study,
  title={A study on the plasticity of neural networks},
  author={Berariu, Tudor and Czarnecki, Wojciech and De, Soham and Bornschein, Jorg and Smith, Samuel and Pascanu, Razvan and Clopath, Claudia},
  journal={arXiv preprint arXiv:2106.00042},
  year={2021}
}

@article{xu2023drm,
  title={DrM: Mastering Visual Reinforcement Learning through Dormant Ratio Minimization},
  author={Xu, Guowei and Zheng, Ruijie and Liang, Yongyuan and Wang, Xiyao and Yuan, Zhecheng and Ji, Tianying and Luo, Yu and Liu, Xiaoyu and Yuan, Jiaxin and Hua, Pu and others},
  journal={arXiv preprint arXiv:2310.19668},
  year={2023}
}

@article{elsayed2023utility_perturb,
  title={Utility-based Perturbed Gradient Descent: An Optimizer for Continual Learning},
  author={Elsayed, Mohamed and Mahmood, A Rupam},
  journal={arXiv preprint arXiv:2302.03281},
  year={2023}
}

@article{tesauro1995temporaldifference,
  title={Temporal difference learning and TD-Gammon},
  author={Tesauro, Gerald and others},
  journal={Communications of the ACM},
  volume={38},
  number={3},
  pages={58--68},
  year={1995}
}

@book{sutton2018reinforcement,
  title={Reinforcement learning: An introduction},
  author={Sutton, Richard S and Barto, Andrew G},
  year={2018},
  publisher={MIT press}
}

@article{tarvainen2017mean,
  title={Mean teachers are better role models: Weight-averaged consistency targets improve semi-supervised deep learning results},
  author={Tarvainen, Antti and Valpola, Harri},
  journal={Advances in neural information processing systems},
  volume={30},
  year={2017}
}

@article{hansen2023tdmpcv2,
  title={Td-mpc2: Scalable, robust world models for continuous control},
  author={Hansen, Nicklas and Su, Hao and Wang, Xiaolong},
  journal={arXiv preprint arXiv:2310.16828},
  year={2023}
}

@inproceedings{gogianu2021spectral,
  title={Spectral normalisation for deep reinforcement learning: an optimisation perspective},
  author={Gogianu, Florin and Berariu, Tudor and Rosca, Mihaela C and Clopath, Claudia and Busoniu, Lucian and Pascanu, Razvan},
  booktitle={International Conference on Machine Learning},
  pages={3734--3744},
  year={2021},
  organization={PMLR}
}

@inproceedings{
agarwal2021iqm,
title={Deep Reinforcement Learning at the Edge of the Statistical Precipice},
author={Rishabh Agarwal and Max Schwarzer and Pablo Samuel Castro and Aaron Courville and Marc G Bellemare},
booktitle={Advances in Neural Information Processing Systems},
year={2021},
url={https://openreview.net/forum?id=uqv8-U4lKBe}
}

@inproceedings{zaidi2023whendoesreinit,
  title={When Does Re-initialization Work?},
  author={Zaidi, Sheheryar and Berariu, Tudor and Kim, Hyunjik and Bornschein, Jorg and Clopath, Claudia and Teh, Yee Whye and Pascanu, Razvan},
  booktitle={Proceedings on},
  pages={12--26},
  year={2023},
  organization={PMLR}
}

@article{kostrikov2020drq,
  title={Image augmentation is all you need: Regularizing deep reinforcement learning from pixels},
  author={Kostrikov, Ilya and Yarats, Denis and Fergus, Rob},
  journal={arXiv preprint arXiv:2004.13649},
  year={2020}
}


@article{
    anonymous2023exponential,
    title={Exponential Moving Average of Weights in Deep Learning: Dynamics and Benefits},
    author={Anonymous},
    journal={Submitted to Transactions on Machine Learning Research},
    year={2023},
    url={https://openreview.net/forum?id=2M9CUnYnBA},
    note={Under review}
}

@article{fujimoto2023td7,
  title={For SALE: State-Action Representation Learning for Deep Reinforcement Learning},
  author={Fujimoto, Scott and Chang, Wei-Di and Smith, Edward J and Gu, Shixiang Shane and Precup, Doina and Meger, David},
  journal={arXiv preprint arXiv:2306.02451},
  year={2023}
}

@article{fox2015taming,
  title={Taming the noise in reinforcement learning via soft updates},
  author={Fox, Roy and Pakman, Ari and Tishby, Naftali},
  journal={arXiv preprint arXiv:1512.08562},
  year={2015}
}

@article{anand2023prediction_control,
  title={Prediction and Control in Continual Reinforcement Learning},
  author={Anand, Nishanth and Precup, Doina},
  journal={arXiv preprint arXiv:2312.11669},
  year={2023}
}


@article{frankland2013hippocampal_forget,
  title={Hippocampal neurogenesis and forgetting},
  author={Frankland, Paul W and K{\"o}hler, Stefan and Josselyn, Sheena A},
  journal={Trends in neurosciences},
  volume={36},
  number={9},
  pages={497--503},
  year={2013},
  publisher={Elsevier}
}

@article{gravitz2019forgotten,
  title={The forgotten part of memory},
  author={Gravitz, Lauren},
  journal={Nature},
  volume={571},
  number={7766},
  pages={S12--S12},
  year={2019},
  publisher={Nature Publishing Group}
}

@article{ryan2022forget_plasticity,
  title={Forgetting as a form of adaptive engram cell plasticity},
  author={Ryan, Tom{\'a}s J and Frankland, Paul W},
  journal={Nature Reviews Neuroscience},
  volume={23},
  number={3},
  pages={173--186},
  year={2022},
  publisher={Nature Publishing Group UK London}
}

@article{pham2021dualnet,
  title={Dualnet: Continual learning, fast and slow},
  author={Pham, Quang and Liu, Chenghao and Hoi, Steven},
  journal={Advances in Neural Information Processing Systems},
  volume={34},
  pages={16131--16144},
  year={2021}
}

@inproceedings{gomez2024plasticity_distill,
  title={Plasticity-Optimized Complementary Networks for Unsupervised Continual Learning},
  author={Gomez-Villa, Alex and Twardowski, Bartlomiej and Wang, Kai and van de Weijer, Joost},
  booktitle={Proceedings of the IEEE/CVF Winter Conference on Applications of Computer Vision},
  pages={1690--1700},
  year={2024}
}

@article{duan2016rl2,
  title={Rl$^2$: Fast reinforcement learning via slow reinforcement learning},
  author={Duan, Yan and Schulman, John and Chen, Xi and Bartlett, Peter L and Sutskever, Ilya and Abbeel, Pieter},
  journal={arXiv preprint arXiv:1611.02779},
  year={2016}
}

@article{park2022how_vit,
  title={How do vision transformers work?},
  author={Park, Namuk and Kim, Songkuk},
  journal={arXiv preprint arXiv:2202.06709},
  year={2022}
}

@article{chen2021when_vit,
  title={When vision transformers outperform resnets without pre-training or strong data augmentations},
  author={Chen, Xiangning and Hsieh, Cho-Jui and Gong, Boqing},
  journal={arXiv preprint arXiv:2106.01548},
  year={2021}
}

@article{allen2020understanding_self_distill,
  title={Towards understanding ensemble, knowledge distillation and self-distillation in deep learning},
  author={Allen-Zhu, Zeyuan and Li, Yuanzhi},
  journal={arXiv preprint arXiv:2012.09816},
  year={2020}
}

@article{schwarzer2020spr,
  title={Data-efficient reinforcement learning with self-predictive representations},
  author={Schwarzer, Max and Anand, Ankesh and Goel, Rishab and Hjelm, R Devon and Courville, Aaron and Bachman, Philip},
  journal={arXiv preprint arXiv:2007.05929},
  year={2020}
}

@article{bjorck2021spectralnormRL,
  title={Towards deeper deep reinforcement learning with spectral normalization},
  author={Bjorck, Nils and Gomes, Carla P and Weinberger, Kilian Q},
  journal={Advances in neural information processing systems},
  volume={34},
  pages={8242--8255},
  year={2021}
}

%%%
% Metrics

@article{gulcehre2022empirical,
  title={An empirical study of implicit regularization in deep offline rl},
  author={Gulcehre, Caglar and Srinivasan, Srivatsan and Sygnowski, Jakub and Ostrovski, Georg and Farajtabar, Mehrdad and Hoffman, Matt and Pascanu, Razvan and Doucet, Arnaud},
  journal={arXiv preprint arXiv:2207.02099},
  year={2022}
}

@article{dohare2021continual,
  title={Continual backprop: Stochastic gradient descent with persistent randomness},
  author={Dohare, Shibhansh and Sutton, Richard S and Mahmood, A Rupam},
  journal={arXiv preprint arXiv:2108.06325},
  year={2021}
}

@article{zilly2021plasticity,
  title={On plasticity, invariance, and mutually frozen weights in sequential task learning},
  author={Zilly, Julian and Achille, Alessandro and Censi, Andrea and Frazzoli, Emilio},
  journal={Advances in Neural Information Processing Systems},
  volume={34},
  pages={12386--12399},
  year={2021}
}

@article{noukhovitch2023elastic,
  title={Language Model Alignment with Elastic Reset},
  author={Noukhovitch, Michael and Lavoie, Samuel and Strub, Florian and Courville, Aaron},
  journal={arXiv preprint arXiv:2312.07551},
  year={2023}
}

@article{zhou2022fortuitous,
  title={Fortuitous forgetting in connectionist networks},
  author={Zhou, Hattie and Vani, Ankit and Larochelle, Hugo and Courville, Aaron},
  journal={arXiv preprint arXiv:2202.00155},
  year={2022}
}

@inproceedings{smith2023rehersal_free,
  title={A closer look at rehearsal-free continual learning},
  author={Smith, James Seale and Tian, Junjiao and Halbe, Shaunak and Hsu, Yen-Chang and Kira, Zsolt},
  booktitle={Proceedings of the IEEE/CVF Conference on Computer Vision and Pattern Recognition},
  pages={2409--2419},
  year={2023}
}

@inproceedings{abadi2016differntial,
  title={Deep learning with differential privacy},
  author={Abadi, Martin and Chu, Andy and Goodfellow, Ian and McMahan, H Brendan and Mironov, Ilya and Talwar, Kunal and Zhang, Li},
  booktitle={Proceedings of the 2016 ACM SIGSAC conference on computer and communications security},
  pages={308--318},
  year={2016}
}


@article{kaiser2019atari100k,
  title={Model-based reinforcement learning for atari},
  author={Kaiser, Lukasz and Babaeizadeh, Mohammad and Milos, Piotr and Osinski, Blazej and Campbell, Roy H and Czechowski, Konrad and Erhan, Dumitru and Finn, Chelsea and Kozakowski, Piotr and Levine, Sergey and others},
  journal={arXiv preprint arXiv:1903.00374},
  year={2019}
}

@article{frati2023reset_continual,
  title={Reset It and Forget It: Relearning Last-Layer Weights Improves Continual and Transfer Learning},
  author={Frati, Lapo and Traft, Neil and Clune, Jeff and Cheney, Nick},
  journal={arXiv preprint arXiv:2310.07996},
  year={2023}
}

@article{laskin2020rad,
  title={Reinforcement learning with augmented data},
  author={Laskin, Misha and Lee, Kimin and Stooke, Adam and Pinto, Lerrel and Abbeel, Pieter and Srinivas, Aravind},
  journal={Advances in neural information processing systems},
  volume={33},
  pages={19884--19895},
  year={2020}
}

@article{elsayed2024addressing,
  title={Addressing Loss of Plasticity and Catastrophic Forgetting in Continual Learning},
  author={Elsayed, Mohamed and Mahmood, A Rupam},
  journal={arXiv preprint arXiv:2404.00781},
  year={2024}
}

@article{lyle2024disentangling,
  title={Disentangling the Causes of Plasticity Loss in Neural Networks},
  author={Lyle, Clare and Zheng, Zeyu and Khetarpal, Khimya and van Hasselt, Hado and Pascanu, Razvan and Martens, James and Dabney, Will},
  journal={arXiv preprint arXiv:2402.18762},
  year={2024}
}


@article{you2019lars,
  title={Large batch optimization for deep learning: Training bert in 76 minutes},
  author={You, Yang and Li, Jing and Reddi, Sashank and Hseu, Jonathan and Kumar, Sanjiv and Bhojanapalli, Srinadh and Song, Xiaodan and Demmel, James and Keutzer, Kurt and Hsieh, Cho-Jui},
  journal={arXiv preprint arXiv:1904.00962},
  year={2019}
}

@article{kingma2014adam,
  title={Adam: A method for stochastic optimization},
  author={Kingma, Diederik P and Ba, Jimmy},
  journal={arXiv preprint arXiv:1412.6980},
  year={2014}
}

@inproceedings{hessel2018rainbow,
  title={Rainbow: Combining improvements in deep reinforcement learning},
  author={Hessel, Matteo and Modayil, Joseph and Van Hasselt, Hado and Schaul, Tom and Ostrovski, Georg and Dabney, Will and Horgan, Dan and Piot, Bilal and Azar, Mohammad and Silver, David},
  booktitle={Proceedings of the AAAI conference on artificial intelligence},
  volume={32},
  year={2018}
}

@article{nauman2024overestimation,
  title={Overestimation, Overfitting, and Plasticity in Actor-Critic: the Bitter Lesson of Reinforcement Learning},
  author={Nauman, Michal and Bortkiewicz, Micha{\l} and Ostaszewski, Mateusz and Mi{\l}o{\'s}, Piotr and Trzci{\'n}ski, Tomasz and Cygan, Marek},
  journal={arXiv preprint arXiv:2403.00514},
  year={2024}
}

@article{obando2024small,
  title={Small batch deep reinforcement learning},
  author={Obando, Ceron and Johan and Bellemare, Marc and Castro, Pablo Samuel},
  journal={Advances in Neural Information Processing Systems},
  volume={36},
  year={2024}
}

@article{ma2023revisiting,
  title={Revisiting Plasticity in Visual Reinforcement Learning: Data, Modules and Training Stages},
  author={Ma, Guozheng and Li, Lu and Zhang, Sen and Liu, Zixuan and Wang, Zhen and Chen, Yixin and Shen, Li and Wang, Xueqian and Tao, Dacheng},
  journal={arXiv preprint arXiv:2310.07418},
  year={2023}
}

@article{blumer1987occam,
  title={Occam's razor},
  author={Blumer, Anselm and Ehrenfeucht, Andrzej and Haussler, David and Warmuth, Manfred K},
  journal={Information processing letters},
  volume={24},
  number={6},
  pages={377--380},
  year={1987},
  publisher={Elsevier}
}


@inproceedings{dehghani2023scaling,
  title={Scaling vision transformers to 22 billion parameters},
  author={Dehghani, Mostafa and Djolonga, Josip and Mustafa, Basil and Padlewski, Piotr and Heek, Jonathan and Gilmer, Justin and Steiner, Andreas Peter and Caron, Mathilde and Geirhos, Robert and Alabdulmohsin, Ibrahim and others},
  booktitle={International Conference on Machine Learning},
  pages={7480--7512},
  year={2023},
  organization={PMLR}
}

@article{nakkiran2021deep_double,
  title={Deep double descent: Where bigger models and more data hurt},
  author={Nakkiran, Preetum and Kaplun, Gal and Bansal, Yamini and Yang, Tristan and Barak, Boaz and Sutskever, Ilya},
  journal={Journal of Statistical Mechanics: Theory and Experiment},
  volume={2021},
  year={2021},
}


@inproceedings{chizat2020implicit,
  title={Implicit bias of gradient descent for wide two-layer neural networks trained with the logistic loss},
  author={Chizat, Lenaic and Bach, Francis},
  booktitle={Conference on learning theory},
  pages={1305--1338},
  year={2020},
  organization={PMLR}
}

@article{gunasekar2018implicit_sgd,
  title={Implicit bias of gradient descent on linear convolutional networks},
  author={Gunasekar, Suriya and Lee, Jason D and Soudry, Daniel and Srebro, Nati},
  journal={Advances in neural information processing systems},
  volume={31},
  year={2018}
}

@article{pesme2021implicit_sgd,
  title={Implicit bias of sgd for diagonal linear networks: a provable benefit of stochasticity},
  author={Pesme, Scott and Pillaud-Vivien, Loucas and Flammarion, Nicolas},
  journal={Advances in Neural Information Processing Systems},
  volume={34},
  pages={29218--29230},
  year={2021}
}

@article{he2020why_resnet,
  title={Why resnet works? residuals generalize},
  author={He, Fengxiang and Liu, Tongliang and Tao, Dacheng},
  journal={IEEE transactions on neural networks and learning systems},
  volume={31},
  number={12},
  pages={5349--5362},
  year={2020},
  publisher={IEEE}
}

@article{hermann2023foundations_relu,
  title={On the foundations of shortcut learning},
  author={Hermann, Katherine L and Mobahi, Hossein and Fel, Thomas and Mozer, Michael C},
  journal=ICLR,
  year={2024}
}

@article{hafner2023dreamerv3,
  title={Mastering diverse domains through world models},
  author={Hafner, Danijar and Pasukonis, Jurgis and Ba, Jimmy and Lillicrap, Timothy},
  journal={arXiv preprint arXiv:2301.04104},
  year={2023}
}

@article{yue2024layer_norm_offline,
  title={Understanding, predicting and better resolving Q-value divergence in offline-RL},
  author={Yue, Yang and Lu, Rui and Kang, Bingyi and Song, Shiji and Huang, Gao},
  journal={Advances in Neural Information Processing Systems},
  volume={36},
  year={2024}
}

@article{gallici2024simplifying_td,
  title={Simplifying Deep Temporal Difference Learning},
  author={Gallici, Matteo and Fellows, Mattie and Ellis, Benjamin and Pou, Bartomeu and Masmitja, Ivan and Foerster, Jakob Nicolaus and Martin, Mario},
  journal={arXiv preprint arXiv:2407.04811},
  year={2024}
}

@article{lee2024plastic,
  title={Plastic: Improving input and label plasticity for sample efficient reinforcement learning},
  author={Lee, Hojoon and Cho, Hanseul and Kim, Hyunseung and Gwak, Daehoon and Kim, Joonkee and Choo, Jaegul and Yun, Se-Young and Yun, Chulhee},
  journal={Advances in Neural Information Processing Systems},
  volume={36},
  year={2024}
}

@article{shanker1996data_standardization,
  title={Effect of data standardization on neural network training},
  author={Shanker, Murali and Hu, Michael Y and Hung, Ming S},
  journal={Omega},
  volume={24},
  number={4},
  pages={385--397},
  year={1996},
  publisher={Elsevier}
}

@article{lei2016layer_norm,
  title={Layer normalization},
  author={Lei Ba, Jimmy and Kiros, Jamie Ryan and Hinton, Geoffrey E},
  journal={ArXiv e-prints},
  pages={arXiv--1607},
  year={2016}
}

@inproceedings{xiong2020pre_ln,
  title={On layer normalization in the transformer architecture},
  author={Xiong, Ruibin and Yang, Yunchang and He, Di and Zheng, Kai and Zheng, Shuxin and Xing, Chen and Zhang, Huishuai and Lan, Yanyan and Wang, Liwei and Liu, Tieyan},
  booktitle={International Conference on Machine Learning},
  pages={10524--10533},
  year={2020},
  organization={PMLR}
}

@inproceedings{
matthews2024craftax,
title={Craftax: A Lightning-Fast Benchmark for Open-Ended Reinforcement Learning},
author={Michael Matthews and Michael Beukman and Benjamin Ellis and Mikayel Samvelyan and Matthew Thomas Jackson and Samuel Coward and Jakob Nicolaus Foerster},
booktitle={Forty-first International Conference on Machine Learning},
year={2024},
url={https://openreview.net/forum?id=hg4wXlrQCV}
}

@inproceedings{
hafner2022crafter,
title={Benchmarking the Spectrum of Agent Capabilities},
author={Danijar Hafner},
booktitle={International Conference on Learning Representations},
year={2022},
url={https://openreview.net/forum?id=1W0z96MFEoH}
}

@inproceedings{kuettler2020nethack,
  author    = {Heinrich K{\"{u}}ttler and
               Nantas Nardelli and
               Alexander H. Miller and
               Roberta Raileanu and
               Marco Selvatici and
               Edward Grefenstette and
               Tim Rockt{\"{a}}schel},
  title     = {{The NetHack Learning Environment}},
  booktitle = {Proceedings of the Conference on Neural Information Processing Systems (NeurIPS)},
  year      = {2020},
}

@inproceedings{haarnoja2018sac,
  title={Soft actor-critic: Off-policy maximum entropy deep reinforcement learning with a stochastic actor},
  author={Haarnoja, Tuomas and Zhou, Aurick and Abbeel, Pieter and Levine, Sergey},
  booktitle={International conference on machine learning},
  pages={1861--1870},
  year={2018},
  organization={PMLR}
}

@article{hilton2023scaling_law,
  title={Scaling laws for single-agent reinforcement learning},
  author={Hilton, Jacob and Tang, Jie and Schulman, John},
  journal={arXiv preprint arXiv:2301.13442},
  year={2023}
}

@inproceedings{dabney2018quantile_regression,
  title={Distributional reinforcement learning with quantile regression},
  author={Dabney, Will and Rowland, Mark and Bellemare, Marc and Munos, R{\'e}mi},
  booktitle={Proceedings of the AAAI conference on artificial intelligence},
  volume={32},
  year={2018}
}

@article{burda2018rnd,
  title={Exploration by random network distillation},
  author={Burda, Yuri and Edwards, Harrison and Storkey, Amos and Klimov, Oleg},
  journal={arXiv preprint arXiv:1810.12894},
  year={2018}
}

@article{schulman2017ppo,
  title={Proximal policy optimization algorithms},
  author={Schulman, John and Wolski, Filip and Dhariwal, Prafulla and Radford, Alec and Klimov, Oleg},
  journal={arXiv preprint arXiv:1707.06347},
  year={2017}
}

@inproceedings{yang2020rethinking,
  title={Rethinking bias-variance trade-off for generalization of neural networks},
  author={Yang, Zitong and Yu, Yaodong and You, Chong and Steinhardt, Jacob and Ma, Yi},
  booktitle={International Conference on Machine Learning},
  pages={10767--10777},
  year={2020},
  organization={PMLR}
}

@misc{baselines,
  author = {Dhariwal, Prafulla and Hesse, Christopher and Klimov, Oleg and Nichol, Alex and Plappert, Matthias and Radford, Alec and Schulman, John and Sidor, Szymon and Wu, Yuhuai and Zhokhov, Peter},
  title = {OpenAI Baselines},
  year = {2017},
  publisher = {GitHub},
  journal = {GitHub repository},
  howpublished = {\url{https://github.com/openai/baselines}},
}

@article{hoffman2020acme,
    title={Acme: A Research Framework for Distributed Reinforcement Learning},
    author={
        Matthew W. Hoffman and Bobak Shahriari and John Aslanides and
        Gabriel Barth-Maron and Nikola Momchev and Danila Sinopalnikov and
        Piotr Sta\'nczyk and Sabela Ramos and Anton Raichuk and
        Damien Vincent and L\'eonard Hussenot and Robert Dadashi and
        Gabriel Dulac-Arnold and Manu Orsini and Alexis Jacq and
        Johan Ferret and Nino Vieillard and Seyed Kamyar Seyed Ghasemipour and
        Sertan Girgin and Olivier Pietquin and Feryal Behbahani and
        Tamara Norman and Abbas Abdolmaleki and Albin Cassirer and
        Fan Yang and Kate Baumli and Sarah Henderson and Abe Friesen and
        Ruba Haroun and Alex Novikov and Sergio G\'omez Colmenarejo and
        Serkan Cabi and Caglar Gulcehre and Tom Le Paine and
        Srivatsan Srinivasan and Andrew Cowie and Ziyu Wang and Bilal Piot and
        Nando de Freitas
    },
    year={2020},
    journal={arXiv preprint arXiv:2006.00979},
    url={https://arxiv.org/abs/2006.00979},
}

@article{stable-baselines3,
  author  = {Antonin Raffin and Ashley Hill and Adam Gleave and Anssi Kanervisto and Maximilian Ernestus and Noah Dormann},
  title   = {Stable-Baselines3: Reliable Reinforcement Learning Implementations},
  journal = {Journal of Machine Learning Research},
  year    = {2021},
  volume  = {22},
  number  = {268},
  pages   = {1-8},
  url     = {http://jmlr.org/papers/v22/20-1364.html}
}


@inproceedings{berchenko2024simplicity,
  title={Simplicity Bias in Overparameterized Machine Learning},
  author={Berchenko, Yakir},
  booktitle={Proceedings of the AAAI Conference on Artificial Intelligence},
  volume={38},
  pages={11052--11060},
  year={2024}
}

@inproceedings{arpit2017closer,
  title={A closer look at memorization in deep networks},
  author={Arpit, Devansh and Jastrzebski, Stanislaw and Ballas, Nicolas and Krueger, David and Kanwal, Maxinder and Maharaj, Tegan and Bengio, Emmanuel and Fischer, Asja and Courville, Aaron and Bengio, Yoshua and others},
  booktitle={International conference on machine learning},
  pages={233--242},
  year={2017},
  organization={PMLR}
}

@article{valle2018deep_bias,
  title={Deep learning generalizes because the parameter-function map is biased towards simple functions},
  author={Valle-Perez, Guillermo and Camargo, Chico Q and Louis, Ard A},
  journal={arXiv preprint arXiv:1805.08522},
  year={2018}
}

@article{mingard2019neural,
  title={Neural networks are a priori biased towards boolean functions with low entropy},
  author={Mingard, Chris and Skalse, Joar and Valle-P{\'e}rez, Guillermo and Mart{\'\i}nez-Rubio, David and Mikulik, Vladimir and Louis, Ard A},
  journal={arXiv preprint arXiv:1909.11522},
  year={2019}
}

@article{huh2021low,
  title={The low-rank simplicity bias in deep networks},
  author={Huh, Minyoung and Mobahi, Hossein and Zhang, Richard and Cheung, Brian and Agrawal, Pulkit and Isola, Phillip},
  journal={arXiv preprint arXiv:2103.10427},
  year={2021}
}

@article{shah2020pitfalls,
  title={The pitfalls of simplicity bias in neural networks},
  author={Shah, Harshay and Tamuly, Kaustav and Raghunathan, Aditi and Jain, Prateek and Netrapalli, Praneeth},
  journal={Advances in Neural Information Processing Systems},
  volume={33},
  pages={9573--9585},
  year={2020}
}

@article{soudry2018implicit,
  title={The implicit bias of gradient descent on separable data},
  author={Soudry, Daniel and Hoffer, Elad and Nacson, Mor Shpigel and Gunasekar, Suriya and Srebro, Nathan},
  journal={Journal of Machine Learning Research},
  volume={19},
  number={70},
  pages={1--57},
  year={2018}
}

@inproceedings{nacson2019convergence,
  title={Convergence of gradient descent on separable data},
  author={Nacson, Mor Shpigel and Lee, Jason and Gunasekar, Suriya and Savarese, Pedro Henrique Pamplona and Srebro, Nathan and Soudry, Daniel},
  booktitle={The 22nd International Conference on Artificial Intelligence and Statistics},
  pages={3420--3428},
  year={2019},
  organization={PMLR}
}

@inproceedings{van2016deep_double,
  title={Deep reinforcement learning with double q-learning},
  author={Van Hasselt, Hado and Guez, Arthur and Silver, David},
  booktitle={Proceedings of the AAAI conference on artificial intelligence},
  volume={30},
  year={2016}
}

@inproceedings{fujimoto2018td3,
  title={Addressing function approximation error in actor-critic methods},
  author={Fujimoto, Scott and Hoof, Herke and Meger, David},
  booktitle={International conference on machine learning},
  pages={1587--1596},
  year={2018},
  organization={PMLR}
}

@article{plappert2017parameter,
  title={Parameter space noise for exploration},
  author={Plappert, Matthias and Houthooft, Rein and Dhariwal, Prafulla and Sidor, Szymon and Chen, Richard Y and Chen, Xi and Asfour, Tamim and Abbeel, Pieter and Andrychowicz, Marcin},
  journal={arXiv preprint arXiv:1706.01905},
  year={2017}
}

@article{burda2018exploration,
  title={Exploration by random network distillation},
  author={Burda, Yuri and Edwards, Harrison and Storkey, Amos and Klimov, Oleg},
  journal={arXiv preprint arXiv:1810.12894},
  year={2018}
}

@inproceedings{eberhard2023pink,
  title={Pink noise is all you need: Colored noise exploration in deep reinforcement learning},
  author={Eberhard, Onno and Hollenstein, Jakob and Pinneri, Cristina and Martius, Georg},
  booktitle={The Eleventh International Conference on Learning Representations},
  year={2023}
}

@article{hiraoka2021dropout,
  title={Dropout q-functions for doubly efficient reinforcement learning},
  author={Hiraoka, Takuya and Imagawa, Takahisa and Hashimoto, Taisei and Onishi, Takashi and Tsuruoka, Yoshimasa},
  journal={arXiv preprint arXiv:2110.02034},
  year={2021}
}

@article{chen2021redq,
  title={Randomized ensembled double q-learning: Learning fast without a model},
  author={Chen, Xinyue and Wang, Che and Zhou, Zijian and Ross, Keith},
  journal={arXiv preprint arXiv:2101.05982},
  year={2021}
}

@article{vaswani2017attention,
  title={Attention is all you need},
  author={Vaswani, A},
  journal={Advances in Neural Information Processing Systems},
  year={2017}
}

@article{lee2024slow,
  title={Slow and Steady Wins the Race: Maintaining Plasticity with Hare and Tortoise Networks},
  author={Lee, Hojoon and Cho, Hyeonseo and Kim, Hyunseung and Kim, Donghu and Min, Dugki and Choo, Jaegul and Lyle, Clare},
  journal={arXiv preprint arXiv:2406.02596},
  year={2024}
}

@article{bartlett2002rademacher,
  title={Rademacher and Gaussian complexities: Risk bounds and structural results},
  author={Bartlett, Peter L and Mendelson, Shahar},
  journal={Journal of Machine Learning Research},
  volume={3},
  number={Nov},
  pages={463--482},
  year={2002}
}

@article{de2019random,
  title={Random deep neural networks are biased towards simple functions},
  author={De Palma, Giacomo and Kiani, Bobak and Lloyd, Seth},
  journal={Advances in Neural Information Processing Systems},
  volume={32},
  year={2019}
}

@article{wu2022alignment,
  title={The alignment property of SGD noise and how it helps select flat minima: A stability analysis},
  author={Wu, Lei and Wang, Mingze and Su, Weijie},
  journal={Advances in Neural Information Processing Systems},
  volume={35},
  pages={4680--4693},
  year={2022}
}

@article{foret2020sharpness,
  title={Sharpness-aware minimization for efficiently improving generalization},
  author={Foret, Pierre and Kleiner, Ariel and Mobahi, Hossein and Neyshabur, Behnam},
  journal={arXiv preprint arXiv:2010.01412},
  year={2020}
}

@article{sutton2019bitter,
  title={The bitter lesson},
  author={Sutton, Richard},
  journal={Incomplete Ideas (blog)},
  volume={13},
  number={1},
  pages={38},
  year={2019}
}

@article{kim2024learning,
  title={Learning to discover skills through guidance},
  author={Kim, Hyunseung and Lee, Byung Kun and Lee, Hojoon and Hwang, Dongyoon and Park, Sejik and Min, Kyushik and Choo, Jaegul},
  journal={Advances in Neural Information Processing Systems},
  volume={36},
  year={2024}
}

@article{kim2024dodont,
  title={Do's and Don'ts: Learning Desirable Skills with Instruction Videos},
  author={Kim, Hyunseung and Lee, Byungkun and Lee, Hojoon and Hwang, Dongyoon and Kim, Donghu and Choo, Jaegul},
  journal={arXiv preprint arXiv:2406.00324},
  year={2024}
}

@article{shannon1949communication,
  title={Communication in the presence of noise},
  author={Shannon, Claude Elwood},
  journal={Proceedings of the IRE},
  volume={37},
  number={1},
  pages={10--21},
  year={1949},
  publisher={IEEE}
}


@article{zhang2019root,
  title={Root mean square layer normalization},
  author={Zhang, Biao and Sennrich, Rico},
  journal=NIPS,
  volume={32},
  year={2019}
}

# Environments
@inproceedings{todorov2012mujoco,
  title={Mujoco: A physics engine for model-based control},
  author={Todorov, Emanuel and Erez, Tom and Tassa, Yuval},
  booktitle={2012 IEEE/RSJ international conference on intelligent robots and systems},
  pages={5026--5033},
  year={2012},
  organization={IEEE}
}

@article{brockman2016openai,
  title={OpenAI Gym},
  author={Brockman, G},
  journal={arXiv preprint arXiv:1606.01540},
  year={2016}
}

@article{tassa2018dmc,
  title={Deepmind control suite},
  author={Tassa, Yuval and Doron, Yotam and Muldal, Alistair and Erez, Tom and Li, Yazhe and Casas, Diego de Las and Budden, David and Abdolmaleki, Abbas and Merel, Josh and Lefrancq, Andrew and others},
  journal={arXiv preprint arXiv:1801.00690},
  year={2018}
}

@article{caggiano2022myosuite,
  title={MyoSuite--A contact-rich simulation suite for musculoskeletal motor control},
  author={Caggiano, Vittorio and Wang, Huawei and Durandau, Guillaume and Sartori, Massimo and Kumar, Vikash},
  journal={arXiv preprint arXiv:2205.13600},
  year={2022}
}

@article{sferrazza2024humanoidbench,
  title={Humanoidbench: Simulated humanoid benchmark for whole-body locomotion and manipulation},
  author={Sferrazza, Carmelo and Huang, Dun-Ming and Lin, Xingyu and Lee, Youngwoon and Abbeel, Pieter},
  journal={arXiv preprint arXiv:2403.10506},
  year={2024}
}

@article{towers2024gymnasium,
  title={Gymnasium: A standard interface for reinforcement learning environments},
  author={Towers, Mark and Kwiatkowski, Ariel and Terry, Jordan and Balis, John U and De Cola, Gianluca and Deleu, Tristan and Goul{\~a}o, Manuel and Kallinteris, Andreas and Krimmel, Markus and KG, Arjun and others},
  journal={arXiv preprint arXiv:2407.17032},
  year={2024}
}

@article{fujimoto2025mrq,
  title={Towards General-Purpose Model-Free Reinforcement Learning},
  author={Scott Fujimoto and Pierluca D'Oro and Amy Zhang and Yuandong Tian and Michael Rabbat},
  journal={arXiv preprint arXiv:2501.16142},
  year={2025}
}

@article{voelcker2024madtd,
  title={MAD-TD: Model-Augmented Data stabilizes High Update Ratio RL},
  author={Voelcker, Claas A and Hussing, Marcel and Eaton, Eric and Farahmand, Amir-massoud and Gilitschenski, Igor},
  journal={arXiv preprint arXiv:2410.08896},
  year={2024}
}

@article{scannell2024iqrl,
  title={iQRL--Implicitly Quantized Representations for Sample-efficient Reinforcement Learning},
  author={Scannell, Aidan and Kujanp{\"a}{\"a}, Kalle and Zhao, Yi and Nakhaei, Mohammadreza and Solin, Arno and Pajarinen, Joni},
  journal={arXiv preprint arXiv:2406.02696},
  year={2024}
}

@inproceedings{ota2020ofenet,
  title={Can increasing input dimensionality improve deep reinforcement learning?},
  author={Ota, Kei and Oiki, Tomoaki and Jha, Devesh and Mariyama, Toshisada and Nikovski, Daniel},
  booktitle={International conference on machine learning},
  pages={7424--7433},
  year={2020},
  organization={PMLR}
}

@inproceedings{kuznetsov2020tqc,
  title={Controlling overestimation bias with truncated mixture of continuous distributional quantile critics},
  author={Kuznetsov, Arsenii and Shvechikov, Pavel and Grishin, Alexander and Vetrov, Dmitry},
  booktitle={International Conference on Machine Learning},
  pages={5556--5566},
  year={2020},
  organization={PMLR}
}

@article{seo2024cqn_as,
  title={Reinforcement Learning with Action Sequence for Data-Efficient Robot Learning},
  author={Seo, Younggyo and Abbeel, Pieter},
  journal={arXiv preprint arXiv:2411.12155},
  year={2024}
}

# Methods
@inproceedings{chan1982updating,
  title={Updating formulae and a pairwise algorithm for computing sample variances},
  author={Chan, Tony F and Golub, Gene H and LeVeque, Randall J},
  booktitle={COMPSTAT 1982 5th Symposium held at Toulouse 1982: Part I: Proceedings in Computational Statistics},
  pages={30--41},
  year={1982},
  organization={Springer}
}

@inproceedings{bellemare2017distributional,
  title={A distributional perspective on reinforcement learning},
  author={Bellemare, Marc G and Dabney, Will and Munos, R{\'e}mi},
  booktitle={International conference on machine learning},
  pages={449--458},
  year={2017},
  organization={PMLR}
}

@inproceedings{bachlechner2021rezero,
  title={Rezero is all you need: Fast convergence at large depth},
  author={Bachlechner, Thomas and Majumder, Bodhisattwa Prasad and Mao, Henry and Cottrell, Gary and McAuley, Julian},
  booktitle={Uncertainty in Artificial Intelligence},
  pages={1352--1361},
  year={2021},
  organization={PMLR}
}

@inproceedings{doro2022rrbarrier,
  title={Sample-efficient reinforcement learning by breaking the replay ratio barrier},
  author={D'Oro, Pierluca and Schwarzer, Max and Nikishin, Evgenii and Bacon, Pierre-Luc and Bellemare, Marc G and Courville, Aaron},
  booktitle={Deep Reinforcement Learning Workshop NeurIPS 2022},
  year={2022}
}

@article{seo2024cqnas,
  title={Reinforcement Learning with Action Sequence for Data-Efficient Robot Learning},
  author={Seo, Younggyo and Abbeel, Pieter},
  journal={arXiv preprint arXiv:2411.12155},
  year={2024}
}


# Appendix
@article{spivak1970comprehensive,
  title={A comprehensive introduction to differential geometry},
  author={Spivak, Michael David},
  journal={(No Title)},
  year={1970}
}

@book{do1992riemannian,
  title={Riemannian geometry},
  author={Do Carmo, Manfredo Perdigao and Flaherty Francis, J},
  volume={2},
  year={1992},
  publisher={Springer}
}



@book{absil2008optimization,
  title={Optimization algorithms on matrix manifolds},
  author={Absil, P-A and Mahony, Robert and Sepulchre, Rodolphe},
  year={2008},
  publisher={Princeton University Press}
}

@book{lee2006riemannian,
  title={Riemannian manifolds: an introduction to curvature},
  author={Lee, John M},
  volume={176},
  year={2006},
  publisher={Springer Science \& Business Media}
}

@article{bonnabel2013riemanniangd,
   title={Stochastic Gradient Descent on Riemannian Manifolds},
   volume={58},
   ISSN={1558-2523},
   url={http://dx.doi.org/10.1109/TAC.2013.2254619},
   DOI={10.1109/tac.2013.2254619},
   number={9},
   journal={IEEE Transactions on Automatic Control},
   publisher={Institute of Electrical and Electronics Engineers (IEEE)},
   author={Bonnabel, Silvere},
   year={2013},
   month=sep, pages={2217â€“2229} }



@inproceedings{rombach2022stablediffusion,
  title={High-resolution image synthesis with latent diffusion models},
  author={Rombach, Robin and Blattmann, Andreas and Lorenz, Dominik and Esser, Patrick and Ommer, Bj{\"o}rn},
  booktitle={Proceedings of the IEEE/CVF conference on computer vision and pattern recognition},
  pages={10684--10695},
  year={2022}
}

@inproceedings{ramesh2021clip,
  title={Zero-shot text-to-image generation},
  author={Ramesh, Aditya and Pavlov, Mikhail and Goh, Gabriel and Gray, Scott and Voss, Chelsea and Radford, Alec and Chen, Mark and Sutskever, Ilya},
  booktitle={International conference on machine learning},
  pages={8821--8831},
  year={2021},
  organization={Pmlr}
}

@article{song2019observational,
  title={Observational overfitting in reinforcement learning},
  author={Song, Xingyou and Jiang, Yiding and Tu, Stephen and Du, Yilun and Neyshabur, Behnam},
  journal={arXiv preprint arXiv:1912.02975},
  year={2019}
}

@article{farebrother2018l2rl,
  title={Generalization and regularization in dqn},
  author={Farebrother, Jesse and Machado, Marlos C and Bowling, Michael},
  journal={arXiv preprint arXiv:1810.00123},
  year={2018}
}

@inproceedings{henderson2018deeprlmatter,
  title={Deep reinforcement learning that matters},
  author={Henderson, Peter and Islam, Riashat and Bachman, Philip and Pineau, Joelle and Precup, Doina and Meger, David},
  booktitle={Proceedings of the AAAI conference on artificial intelligence},
  volume={32},
  number={1},
  year={2018}
}

@inproceedings{eimer2023hyperparameters_rl,
  title={Hyperparameters in reinforcement learning and how to tune them},
  author={Eimer, Theresa and Lindauer, Marius and Raileanu, Roberta},
  booktitle={International Conference on Machine Learning},
  pages={9104--9149},
  year={2023},
  organization={PMLR}
}

@article{lyle2024normalization,
  title={Normalization and effective learning rates in reinforcement learning},
  author={Lyle, Clare and Zheng, Zeyu and Khetarpal, Khimya and Martens, James and van Hasselt, Hado and Pascanu, Razvan and Dabney, Will},
  journal={arXiv preprint arXiv:2407.01800},
  year={2024}
}

@article{loshchilov2024ngpt,
  title={ngpt: Normalized transformer with representation learning on the hypersphere},
  author={Loshchilov, Ilya and Hsieh, Cheng-Ping and Sun, Simeng and Ginsburg, Boris},
  journal={arXiv preprint arXiv:2410.01131},
  year={2024}
}

@article{chen2021dt,
  title={Decision transformer: Reinforcement learning via sequence modeling},
  author={Chen, Lili and Lu, Kevin and Rajeswaran, Aravind and Lee, Kimin and Grover, Aditya and Laskin, Misha and Abbeel, Pieter and Srinivas, Aravind and Mordatch, Igor},
  journal={Advances in neural information processing systems},
  volume={34},
  pages={15084--15097},
  year={2021}
}

@article{kumar2020cql,
  title={Conservative q-learning for offline reinforcement learning},
  author={Kumar, Aviral and Zhou, Aurick and Tucker, George and Levine, Sergey},
  journal={Advances in Neural Information Processing Systems},
  volume={33},
  pages={1179--1191},
  year={2020}
}

@article{fujimoto2021td3bc,
  title={A minimalist approach to offline reinforcement learning},
  author={Fujimoto, Scott and Gu, Shixiang Shane},
  journal={Advances in neural information processing systems},
  volume={34},
  pages={20132--20145},
  year={2021}
}

@article{kostrikov2021iql,
  title={Offline reinforcement learning with implicit q-learning},
  author={Kostrikov, Ilya and Nair, Ashvin and Levine, Sergey},
  journal={arXiv preprint arXiv:2110.06169},
  year={2021}
}

@article{wang2022dql,
  title={Diffusion policies as an expressive policy class for offline reinforcement learning},
  author={Wang, Zhendong and Hunt, Jonathan J and Zhou, Mingyuan},
  journal={arXiv preprint arXiv:2208.06193},
  year={2022}
}

@article{garg2023xql,
  title={Extreme q-learning: Maxent rl without entropy},
  author={Garg, Divyansh and Hejna, Joey and Geist, Matthieu and Ermon, Stefano},
  journal={arXiv preprint arXiv:2301.02328},
  year={2023}
}

@article{hansen2023idql,
  title={Idql: Implicit q-learning as an actor-critic method with diffusion policies},
  author={Hansen-Estruch, Philippe and Kostrikov, Ilya and Janner, Michael and Kuba, Jakub Grudzien and Levine, Sergey},
  journal={arXiv preprint arXiv:2304.10573},
  year={2023}
}

@article{bar2023ds4,
  title={Decision s4: Efficient sequence-based rl via state spaces layers},
  author={Bar-David, Shmuel and Zimerman, Itamar and Nachmani, Eliya and Wolf, Lior},
  journal={arXiv preprint arXiv:2306.05167},
  year={2023}
}

@article{kim2023dc,
  title={Decision convformer: Local filtering in metaformer is sufficient for decision making},
  author={Kim, Jeonghye and Lee, Suyoung and Kim, Woojun and Sung, Youngchul},
  journal={arXiv preprint arXiv:2310.03022},
  year={2023}
}

@article{fu2020d4rl,
  title={D4rl: Datasets for deep data-driven reinforcement learning},
  author={Fu, Justin and Kumar, Aviral and Nachum, Ofir and Tucker, George and Levine, Sergey},
  journal={arXiv preprint arXiv:2004.07219},
  year={2020}
}

@article{elsayed2024streaming,
  title={Streaming Deep Reinforcement Learning Finally Works},
  author={Elsayed, Mohamed and Vasan, Gautham and Mahmood, A Rupam},
  journal={arXiv preprint arXiv:2410.14606},
  year={2024}
}

@article{obando2024mixtures,
  title={Mixtures of experts unlock parameter scaling for deep rl},
  author={Obando-Ceron, Johan and Sokar, Ghada and Willi, Timon and Lyle, Clare and Farebrother, Jesse and Foerster, Jakob and Dziugaite, Gintare Karolina and Precup, Doina and Castro, Pablo Samuel},
  journal={arXiv preprint arXiv:2402.08609},
  year={2024}
}

@inproceedings{wang2020understanding,
  title={Understanding contrastive representation learning through alignment and uniformity on the hypersphere},
  author={Wang, Tongzhou and Isola, Phillip},
  booktitle={International conference on machine learning},
  pages={9929--9939},
  year={2020},
  organization={PMLR}
}

@article{xu2018spherical,
  title={Spherical latent spaces for stable variational autoencoders},
  author={Xu, Jiacheng and Durrett, Greg},
  journal={arXiv preprint arXiv:1808.10805},
  year={2018}
}

@inproceedings{liu2017sphereface,
  title={Sphereface: Deep hypersphere embedding for face recognition},
  author={Liu, Weiyang and Wen, Yandong and Yu, Zhiding and Li, Ming and Raj, Bhiksha and Song, Le},
  booktitle={Proceedings of the IEEE conference on computer vision and pattern recognition},
  pages={212--220},
  year={2017}
}

@inproceedings{wang2017normface,
  title={Normface: L2 hypersphere embedding for face verification},
  author={Wang, Feng and Xiang, Xiang and Cheng, Jian and Yuille, Alan Loddon},
  booktitle={Proceedings of the 25th ACM international conference on Multimedia},
  pages={1041--1049},
  year={2017}
}

@article{liu2017hyper_conv,
  title={Deep hyperspherical learning},
  author={Liu, Weiyang and Zhang, Yan-Ming and Li, Xingguo and Yu, Zhiding and Dai, Bo and Zhao, Tuo and Song, Le},
  journal={Advances in neural information processing systems},
  volume={30},
  year={2017}
}

@inproceedings{karras2024analyzing_diffusion,
  title={Analyzing and improving the training dynamics of diffusion models},
  author={Karras, Tero and Aittala, Miika and Lehtinen, Jaakko and Hellsten, Janne and Aila, Timo and Laine, Samuli},
  booktitle={Proceedings of the IEEE/CVF Conference on Computer Vision and Pattern Recognition},
  pages={24174--24184},
  year={2024}
}

@article{xu2018spherical_vae,
  title={Spherical latent spaces for stable variational autoencoders},
  author={Xu, Jiacheng and Durrett, Greg},
  journal={arXiv preprint arXiv:1808.10805},
  year={2018}
}

@inproceedings{chen2020simclr,
  title={A simple framework for contrastive learning of visual representations},
  author={Chen, Ting and Kornblith, Simon and Norouzi, Mohammad and Hinton, Geoffrey},
  booktitle={International conference on machine learning},
  pages={1597--1607},
  year={2020},
  organization={PMLR}
}

@inproceedings{imani2018dist_loss,
  title={Improving regression performance with distributional losses},
  author={Imani, Ehsan and White, Martha},
  booktitle={International conference on machine learning},
  pages={2157--2166},
  year={2018},
  organization={PMLR}
}

@article{naik2024reward_centering,
  title={Reward Centering},
  author={Naik, Abhishek and Wan, Yi and Tomar, Manan and Sutton, Richard S},
  journal={arXiv preprint arXiv:2405.09999},
  year={2024}
}

@article{farebrother2024stop,
  title={Stop regressing: Training value functions via classification for scalable deep rl},
  author={Farebrother, Jesse and Orbay, Jordi and Vuong, Quan and Ta{\"\i}ga, Adrien Ali and Chebotar, Yevgen and Xiao, Ted and Irpan, Alex and Levine, Sergey and Castro, Pablo Samuel and Faust, Aleksandra and others},
  journal={arXiv preprint arXiv:2403.03950},
  year={2024}
}

@article{kumar2022offline,
  title={Offline q-learning on diverse multi-task data both scales and generalizes},
  author={Kumar, Aviral and Agarwal, Rishabh and Geng, Xinyang and Tucker, George and Levine, Sergey},
  journal={arXiv preprint arXiv:2211.15144},
  year={2022}
}

@article{kodryan2022training,
  title={Training scale-invariant neural networks on the sphere can happen in three regimes},
  author={Kodryan, Maxim and Lobacheva, Ekaterina and Nakhodnov, Maksim and Vetrov, Dmitry P},
  journal={Advances in Neural Information Processing Systems},
  volume={35},
  pages={14058--14070},
  year={2022}
}

@article{schaul2021td_scaling,
  title={Return-based scaling: Yet another normalisation trick for deep rl},
  author={Schaul, Tom and Ostrovski, Georg and Kemaev, Iurii and Borsa, Diana},
  journal={arXiv preprint arXiv:2105.05347},
  year={2021}
}

@inproceedings{hussing2024dissecting,
  title={Dissecting deep rl with high update ratios: Combatting value divergence},
  author={Hussing, Marcel and Voelcker, Claas A and Gilitschenski, Igor and Farahmand, Amir-massoud and Eaton, Eric},
  booktitle={Reinforcement Learning Conference},
  year={2024}
}


@inproceedings{
kim2023reset_ensemble,
title={Sample-Efficient and Safe Deep Reinforcement Learning via Reset Deep Ensemble Agents},
author={Woojun Kim and Yongjae Shin and Jongeui Park and Youngchul Sung},
booktitle={Thirty-seventh Conference on Neural Information Processing Systems},
year={2023},
url={https://openreview.net/forum?id=bTidcHIK2t}
}

@article{weisstein2002hypersphere,
  title={Hypersphere},
  author={Weisstein, Eric W},
  journal={https://mathworld. wolfram. com/},
  year={2002},
  publisher={Wolfram Research, Inc.}
}

@article{weisstein2005solidangle,
  title={Solid Angle},
  author={Weisstein, Eric W},
  journal={https://mathworld. wolfram. com/},
  year={2005},
  publisher={Wolfram Research, Inc.}
}


@article{li2010concise,
  title={Concise formulas for the area and volume of a hyperspherical cap},
  author={Li, Shengqiao},
  journal={Asian Journal of Mathematics \& Statistics},
  volume={4},
  number={1},
  pages={66--70},
  year={2010},
  publisher={Science Alert}
}

@book{feller1991introduction,
  title={An introduction to probability theory and its applications, Volume 2},
  author={Feller, William},
  volume={81},
  year={1991},
  publisher={John Wiley \& Sons}
}

@book{boumal2023introduction,
  title={An introduction to optimization on smooth manifolds},
  author={Boumal, Nicolas},
  year={2023},
  publisher={Cambridge University Press}
}

@article{sutti2024riemannian,
  title={Riemannian gradient descent for spherical area-preserving mappings},
  author={Sutti, Marco and Yueh, Mei-Heng},
  journal={arXiv preprint arXiv:2403.11726},
  year={2024}
}

@article{cai2013distributions,
  title={Distributions of angles in random packing on spheres},
  author={Cai, T Tony and Fan, Jianqing and Jiang, Tiefeng},
  journal={Journal of Machine Learning Research},
  volume={14},
  number={136},
  pages={1837--1864},
  year={2013}
}


@article{klein2024plasticity_survey,
  title={Plasticity Loss in Deep Reinforcement Learning: A Survey},
  author={Klein, Timo and Miklautz, Lukas and Sidak, Kevin and Plant, Claudia and Tschiatschek, Sebastian},
  journal={arXiv preprint arXiv:2411.04832},
  year={2024}
}

@article{salimans2016weight_norm,
  title={Weight normalization: A simple reparameterization to accelerate training of deep neural networks},
  author={Salimans, Tim and Kingma, Durk P},
  journal={Advances in neural information processing systems},
  volume={29},
  year={2016}
}

@article{hwangbo2019robot,
  title={Learning agile and dynamic motor skills for legged robots},
  author={Hwangbo, Jemin and Lee, Joonho and Dosovitskiy, Alexey and Bellicoso, Dario and Tsounis, Vassilios and Koltun, Vladlen and Hutter, Marco},
  journal={Science Robotics},
  volume={4},
  number={26},
  pages={eaau5872},
  year={2019},
  publisher={American Association for the Advancement of Science}
}

@article{guo2025deepseekr1,
  title={DeepSeek-R1: Incentivizing Reasoning Capability in LLMs via Reinforcement Learning},
  author={Guo, Daya and Yang, Dejian and Zhang, Haowei and Song, Junxiao and Zhang, Ruoyu and Xu, Runxin and Zhu, Qihao and Ma, Shirong and Wang, Peiyi and Bi, Xiao and others},
  journal={arXiv preprint arXiv:2501.12948},
  year={2025}
}

@article{ouyang2022rlhf,
  title={Training language models to follow instructions with human feedback},
  author={Ouyang, Long and Wu, Jeffrey and Jiang, Xu and Almeida, Diogo and Wainwright, Carroll and Mishkin, Pamela and Zhang, Chong and Agarwal, Sandhini and Slama, Katarina and Ray, Alex and others},
  journal={Advances in neural information processing systems},
  volume={35},
  pages={27730--27744},
  year={2022}
}

@article{zhou2024wsrl,
  title={Efficient Online Reinforcement Learning Fine-Tuning Need Not Retain Offline Data},
  author={Zhou, Zhiyuan and Peng, Andy and Li, Qiyang and Levine, Sergey and Kumar, Aviral},
  journal={arXiv preprint arXiv:2412.07762},
  year={2024}
}

@inproceedings{ball2023rlpd,
  title={Efficient online reinforcement learning with offline data},
  author={Ball, Philip J and Smith, Laura and Kostrikov, Ilya and Levine, Sergey},
  booktitle={International Conference on Machine Learning},
  pages={1577--1594},
  year={2023},
  organization={PMLR}
}

@article{palenicek2025scaling,
  title={Scaling Off-Policy Reinforcement Learning with Batch and Weight Normalization},
  author={Palenicek, Daniel and Vogt, Florian and Peters, Jan},
  journal={arXiv preprint arXiv:2502.07523},
  year={2025}
}