@article{bruuvza2021vrdeo,
  title={VRdeo: Creating engaging educational material for asynchronous student-teacher exchange using virtual reality},
  author={Bruza, Vojtech and Byska, Jan and Mican, Jan and Kozlikova, Barbora},
  journal={Computers \& Graphics},
  volume={98},
  pages={280--292},
  year={2021},
  publisher={Elsevier}
}

@article{cho2023realityreplay,
  title={RealityReplay: Detecting and Replaying Temporal Changes In Situ Using Mixed Reality},
  author={Cho, Hyunsung and Komar, Matthew L and Lindlbauer, David},
  journal={Proceedings of the ACM on Interactive, Mobile, Wearable and Ubiquitous Technologies},
  volume={7},
  number={3},
  pages={1--25},
  year={2023},
  publisher={ACM New York, NY, USA}
}

@inproceedings{irlitti2016challenges,
  title={Challenges for asynchronous collaboration in augmented reality},
  author={Irlitti, Andrew and Smith, Ross T and Von Itzstein, Stewart and Billinghurst, Mark and Thomas, Bruce H},
  booktitle={2016 IEEE International Symposium on Mixed and Augmented Reality (ISMAR-Adjunct)},
  pages={31--35},
  year={2016},
  organization={IEEE}
}

@inproceedings{lilija2020put,
  title={Who put that there? temporal navigation of spatial recordings by direct manipulation},
  author={Lilija, Klemen and Pohl, Henning and Hornb{\ae}k, Kasper},
  booktitle={Proceedings of the 2020 CHI Conference on Human Factors in Computing Systems},
  pages={1--11},
  year={2020}
}

@inproceedings{mahadevan2023tesseract,
  title={Tesseract: Querying spatial design recordings by manipulating worlds in miniature},
  author={Mahadevan, Karthik and Zhou, Qian and Fitzmaurice, George and Grossman, Tovi and Anderson, Fraser},
  booktitle={Proceedings of the 2023 CHI Conference on Human Factors in Computing Systems},
  pages={1--16},
  year={2023}
}

@inproceedings{marques2021remote,
  title={Remote asynchronous collaboration in maintenance scenarios using augmented reality and annotations},
  author={Marques, Bernardo and Silva, Samuel and Rocha, Ant{\'o}nio and Dias, Paulo and Santos, Beatriz Sousa},
  booktitle={2021 IEEE Conference on Virtual Reality and 3D User Interfaces Abstracts and Workshops (VRW)},
  pages={567--568},
  year={2021},
  organization={IEEE}
}

@inproceedings{pidel2020collaboration,
  title={Collaboration in virtual and augmented reality: a systematic overview},
  author={Pidel, Catlin and Ackermann, Philipp},
  booktitle={Augmented Reality, Virtual Reality, and Computer Graphics: 7th International Conference, AVR 2020, Lecce, Italy, September 7--10, 2020, Proceedings, Part I 7},
  pages={141--156},
  year={2020},
  organization={Springer}
}

@inproceedings{rajaram2023eliciting,
  title={Eliciting security \& privacy-informed sharing techniques for multi-user augmented reality},
  author={Rajaram, Shwetha and Chen, Chen and Roesner, Franziska and Nebeling, Michael},
  booktitle={Proceedings of the 2023 CHI Conference on Human Factors in Computing Systems},
  pages={1--17},
  year={2023}
}

@article{thanyadit2022xr,
  title={Xr-live: Enhancing asynchronous shared-space demonstrations with spatial-temporal assistive toolsets for effective learning in immersive virtual laboratories},
  author={Thanyadit, Santawat and Punpongsanon, Parinya and Piumsomboon, Thammathip and Pong, Ting-Chuen},
  journal={Proceedings of the ACM on Human-Computer Interaction},
  volume={6},
  number={CSCW1},
  pages={1--23},
  year={2022},
  publisher={ACM New York, NY, USA}
}

