Introduction
@article{burova2022asynchronous,
  title={Asynchronous industrial collaboration: How virtual reality and virtual tools aid the process of maintenance method development and documentation creation},
  author={Burova, Alisa and M{\"a}kel{\"a}, John and Heinonen, Hanna and Palma, Paulina Becerril and Hakulinen, Jaakko and Opas, Viveka and Siltanen, Sanni and Raisamo, Roope and Turunen, Markku},
  journal={Computers in Industry},
  volume={140},
  pages={103663},
  year={2022},
  publisher={Elsevier}
}
@article{pregowska2024will,
  title={What will the education of the future look like? How have metaverse and extended reality affected the higher education systems?},
  author={Pregowska, Agnieszka and Osial, Magdalena and Gajda, Aleksandra},
  journal={Metaverse Basic and Applied Research},
  volume={3},
  pages={57--57},
  year={2024}
}
@inproceedings{palmas2020defining,
  title={Defining extended reality training: A long-term definition for all industries},
  author={Palmas, Fabrizio and Klinker, Gudrun},
  booktitle={2020 IEEE 20th International Conference on Advanced Learning Technologies (ICALT)},
  pages={322--324},
  year={2020},
  organization={IEEE}
}
@inproceedings{hollan1992beyond,
  title={Beyond being there},
  author={Hollan, Jim and Stornetta, Scott},
  booktitle={Proceedings of the SIGCHI conference on Human factors in computing systems},
  pages={119--125},
  year={1992}
}
@article{olson2000distance,
  title={Distance matters},
  author={Olson, Gary M and Olson, Judith S},
  journal={Human--computer interaction},
  volume={15},
  number={2-3},
  pages={139--178},
  year={2000},
  publisher={Taylor \& Francis}
}
@article{chow2019challenges,
  title={Challenges and design considerations for multimodal asynchronous collaboration in VR},
  author={Chow, Kevin and Coyiuto, Caitlin and Nguyen, Cuong and Yoon, Dongwook},
  journal={Proceedings of the ACM on Human-Computer Interaction},
  volume={3},
  number={CSCW},
  pages={1--24},
  year={2019},
  publisher={ACM New York, NY, USA}
}
@inproceedings{lilija2020put,
  title={Who put that there? temporal navigation of spatial recordings by direct manipulation},
  author={Lilija, Klemen and Pohl, Henning and Hornb{\ae}k, Kasper},
  booktitle={Proceedings of the 2020 CHI Conference on Human Factors in Computing Systems},
  pages={1--11},
  year={2020}
}
@article{shaikh2022data,
  title={A data-centric artificial intelligent and extended reality technology in smart healthcare systems},
  author={Shaikh, Tawseef Ayoub and Dar, Tabasum Rasool and Sofi, Shabir},
  journal={Social Network Analysis and Mining},
  volume={12},
  number={1},
  pages={122},
  year={2022},
  publisher={Springer}
}
@article{bruuvza2021vrdeo,
  title={VRdeo: Creating engaging educational material for asynchronous student-teacher exchange using virtual reality},
  author={Bruza, Vojtech and Byska, Jan and Mican, Jan and Kozlikova, Barbora},
  journal={Computers \& Graphics},
  volume={98},
  pages={280--292},
  year={2021},
  publisher={Elsevier}
}
@inproceedings{pereira2019extended,
  title={Extended reality framework for remote collaborative interactions in virtual environments},
  author={Pereira, Vasco and Matos, Teresa and Rodrigues, Rui and N{\'o}brega, Rui and Jacob, Jo{\~a}o},
  booktitle={2019 International Conference on Graphics and Interaction (ICGI)},
  pages={17--24},
  year={2019},
  organization={IEEE}
}




Discussion
@article{DBLP_Nerf2020,
  author       = {Ben Mildenhall and
                  Pratul P. Srinivasan and
                  Matthew Tancik and
                  Jonathan T. Barron and
                  Ravi Ramamoorthi and
                  Ren Ng},
  title        = {NeRF: Representing Scenes as Neural Radiance Fields for View Synthesis},
  journal      = {CoRR},
  volume       = {abs/2003.08934},
  year         = {2020},
  url          = {https://arxiv.org/abs/2003.08934},
  eprinttype    = {arXiv},
  eprint       = {2003.08934},
  timestamp    = {Tue, 24 Mar 2020 16:42:29 +0100},
  biburl       = {https://dblp.org/rec/journals/corr/abs-2003-08934.bib},
  bibsource    = {dblp computer science bibliography, https://dblp.org}
}
@inproceedings{NEURIPS2023_aebf6284,
 author = {Shin, Seungjoo and Park, Jaesik},
 booktitle = {Advances in Neural Information Processing Systems},
 editor = {A. Oh and T. Naumann and A. Globerson and K. Saenko and M. Hardt and S. Levine},
 pages = {55919--55931},
 publisher = {Curran Associates, Inc.},
 title = {Binary Radiance Fields},
 url = {https://proceedings.neurips.cc/paper_files/paper/2023/file/aebf6284fe85a8f44b4785d41bc8249a-Paper-Conference.pdf},
 volume = {36},
 year = {2023}
}

@article{cho2023realityreplay,
  title={RealityReplay: Detecting and Replaying Temporal Changes In Situ Using Mixed Reality},
  author={Cho, Hyunsung and Komar, Matthew L and Lindlbauer, David},
  journal={Proceedings of the ACM on Interactive, Mobile, Wearable and Ubiquitous Technologies},
  volume={7},
  number={3},
  pages={1--25},
  year={2023},
  publisher={ACM New York, NY, USA}
}

@inproceedings{irlitti2016challenges,
  title={Challenges for asynchronous collaboration in augmented reality},
  author={Irlitti, Andrew and Smith, Ross T and Von Itzstein, Stewart and Billinghurst, Mark and Thomas, Bruce H},
  booktitle={2016 IEEE International Symposium on Mixed and Augmented Reality (ISMAR-Adjunct)},
  pages={31--35},
  year={2016},
  organization={IEEE}
}

@inproceedings{marques2021remote,
  title={Remote asynchronous collaboration in maintenance scenarios using augmented reality and annotations},
  author={Marques, Bernardo and Silva, Samuel and Rocha, Ant{\'o}nio and Dias, Paulo and Santos, Beatriz Sousa},
  booktitle={2021 IEEE Conference on Virtual Reality and 3D User Interfaces Abstracts and Workshops (VRW)},
  pages={567--568},
  year={2021},
  organization={IEEE}
}

@inproceedings{buttner2020augmented,
  title={Augmented reality training for industrial assembly work-are projection-based ar assistive systems an appropriate tool for assembly training?},
  author={B{\"u}ttner, Sebastian and Prilla, Michael and R{\"o}cker, Carsten},
  booktitle={Proceedings of the 2020 CHI conference on human factors in computing systems},
  pages={1--12},
  year={2020}
}

@inproceedings{liaqat2024promoting,
  title={Promoting Engagement in Remote Patient Monitoring Using Asynchronous Messaging},
  author={Liaqat, Salaar and Liaqat, Daniyal and Son, Tatiana and Falk, Tiago and Wu, Robert and Gershon, Andrea S and De Lara, Eyal and Mariakakis, Alex},
  booktitle={Proceedings of the CHI Conference on Human Factors in Computing Systems},
  pages={1--18},
  year={2024}
}

@article{thanyadit2022xr,
  title={Xr-live: Enhancing asynchronous shared-space demonstrations with spatial-temporal assistive toolsets for effective learning in immersive virtual laboratories},
  author={Thanyadit, Santawat and Punpongsanon, Parinya and Piumsomboon, Thammathip and Pong, Ting-Chuen},
  journal={Proceedings of the ACM on Human-Computer Interaction},
  volume={6},
  number={CSCW1},
  pages={1--23},
  year={2022},
  publisher={ACM New York, NY, USA}
}

@inproceedings{mahadevan2023tesseract,
  title={Tesseract: Querying spatial design recordings by manipulating worlds in miniature},
  author={Mahadevan, Karthik and Zhou, Qian and Fitzmaurice, George and Grossman, Tovi and Anderson, Fraser},
  booktitle={Proceedings of the 2023 CHI Conference on Human Factors in Computing Systems},
  pages={1--16},
  year={2023}
}

@inproceedings{pidel2020collaboration,
  title={Collaboration in virtual and augmented reality: a systematic overview},
  author={Pidel, Catlin and Ackermann, Philipp},
  booktitle={Augmented Reality, Virtual Reality, and Computer Graphics: 7th International Conference, AVR 2020, Lecce, Italy, September 7--10, 2020, Proceedings, Part I 7},
  pages={141--156},
  year={2020},
  organization={Springer}
}

@inproceedings{rajaram2023eliciting,
  title={Eliciting security \& privacy-informed sharing techniques for multi-user augmented reality},
  author={Rajaram, Shwetha and Chen, Chen and Roesner, Franziska and Nebeling, Michael},
  booktitle={Proceedings of the 2023 CHI Conference on Human Factors in Computing Systems},
  pages={1--17},
  year={2023}
}
