%hybrid ASR

@inproceedings{hacohen2019power,
  title={On the power of curriculum learning in training deep networks},
  author={Hacohen, Guy and Weinshall, Daphna},
  booktitle={International conference on machine learning},
  pages={2535--2544},
  year={2019},
  organization={PMLR}
}

@book{bourlard2012connectionist,
  title={Connectionist speech recognition: {A} hybrid approach},
  author={Bourlard, Herve A. and Morgan, Nelson},
  volume={247},
  year={2012},
  publisher={Springer Science \& Business Media}
}

@article{young1996review,
  title={A review of large-vocabulary continuous-speech},
  author={Young, Steve},
  journal={IEEE Signal Processing Magazine},
  volume={13},
  number={5},
  year={1996},
  month={Sept.}
}

@inproceedings{abdel2012applying,
  title={Applying convolutional neural networks concepts to hybrid {NN-HMM} model for speech recognition},
  author={Abdel-Hamid, Ossama and Mohamed, Abdel-rahman and Jiang, Hui and Penn, Gerald},
  booktitle={Proc. IEEE International Conference on Acoustics, Speech and Signal Processing},
  pages={4277--4280},
  year={2012},
  month={Mar.},
  address={Kyoto, Japan}
}

@phdthesis{povey2005discriminative,
  title={Discriminative training for large vocabulary speech recognition},
  author={Povey, Daniel},
  year={2005},
  school={University of Cambridge}
}

@inproceedings{graves2013hybrid,
  title={Hybrid speech recognition with deep bidirectional LSTM},
  author={Graves, Alex and Jaitly, Navdeep and Mohamed, Abdel-rahman},
  booktitle={Proc. IEEE Workshop on Automatic Speech Recognition and Understanding},
  pages={273--278},
  month={Dec.},
  year={2013},
  address={Olomouc, Czech Republic} 
}

@article{dahl2011context,
  title={Context-dependent pre-trained deep neural networks for large-vocabulary speech recognition},
  author={Dahl, George E and Yu, Dong and Deng, Li and Acero, Alex},
  journal={IEEE Transactions on Audio, Speech, and Language Processing},
  volume={20},
  number={1},
  pages={30--42},
  year={2012},
  month={Jan.}
}

@inproceedings{morgan1990continuous,
  title={Continuous speech recognition using multilayer perceptrons with hidden Markov models},
  author={Morgan, Nelson and Bourlard, Herve},
  booktitle={Proc. IEEE International Conference on Acoustics, Speech, and Signal Processing},
  pages={413--416},
  year={1990},
  month={Apr.},
  address={Albuquerque, USA}
}

@inproceedings{graves2014towards,
  title={Towards end-to-end speech recognition with recurrent neural networks},
  author={Graves, Alex and Jaitly, Navdeep},
  booktitle={Proc. International Conference on Machine Learning},
  pages={1764--1772},
  year={2014},
  month={June},
  address={Bejing, China}
}



@inproceedings{graves2013speech,
  title={Speech recognition with deep recurrent neural networks},
  author={Graves, Alex and Mohamed, Abdel-rahman and Hinton, Geoffrey},
  booktitle={Proc. IEEE International Conference on Acoustics, Speech and Signal Processing},
  pages={6645--6649},
  year={2013},
  address={Vancouver, Canada},
  month={May}
}

@inproceedings{whisper,
  title={Robust speech recognition via large-scale weak supervision},
  author={Radford, Alec and Kim, Jong Wook and Xu, Tao and Brockman, Greg and McLeavey, Christine and Sutskever, Ilya},
  booktitle={Proc. International Conference on Machine Learning},
  pages={28492--28518},
  year={2023},
  address={Honolulu, USA},
  month={July}
}

@article{prabhavalkar2023end,
  title={End-to-end speech recognition: A survey},
  author={Prabhavalkar, Rohit and Hori, Takaaki and Sainath, Tara N and Schl{\"u}ter, Ralf and Watanabe, Shinji},
  journal={IEEE/ACM Transactions on Audio, Speech, and Language Processing},
  year={2023},
  month={Oct.},
  volume={32},
}

@inproceedings{chan2015listen,
  title={Listen, attend and spell: {A} neural network for large vocabulary conversational speech recognition},
  author={Chan, William and Jaitly, Navdeep and Le, Quoc V and Vinyals, Oriol},
  year={2015},
  month={Apr.},
  address={Brisbane, Australia},
  pages={4960--4964},
  booktitle={Proc. IEEE International Conference on Acoustics, Speech and Signal Processing},
}


@article{Chan2015ListenAA,
  title={Listen, attend and spell: A neural network for large vocabulary conversational speech recognition},
  author={William Chan and Navdeep Jaitly and Quoc V. Le and Oriol Vinyals},
  journal={2016 IEEE International Conference on Acoustics, Speech and Signal Processing (ICASSP)},
  year={2015},
  pages={4960-4964},
  url={https://api.semanticscholar.org/CorpusID:18165915}
}

@article{watanabe2017hybrid,
  title={Hybrid {CTC}/attention architecture for end-to-end speech recognition},
  author={Watanabe, Shinji and Hori, Takaaki and Kim, Suyoun and Hershey, John R and Hayashi, Tomoki},
  journal={IEEE Journal of Selected Topics in Signal Processing},
  volume={11},
  number={8},
  pages={1240--1253},
  year={2017},
  month={Oct.},
}

@inproceedings{mt1,
    title = "Fully Non-autoregressive Neural Machine Translation: Tricks of the Trade",
    author = "Gu, Jiatao  and
      Kong, Xiang",
    booktitle = "Findings of the Association for Computational Linguistics: ACL-IJCNLP 2021",
    month = {Aug.},
    year = "2021",
    pages = "120--133",
}


@inproceedings{mtst,
  title={{CTC} Alignments Improve Autoregressive Translation},
  author={Yan, Brian and Dalmia, Siddharth and Higuchi, Yosuke and Neubig, Graham and Metze, Florian and Black, Alan W and Watanabe, Shinji},
  booktitle={Proc. Conference of the European Chapter of the Association for Computational Linguistics},
  year={2022},
  month={May},
  address={Dubrovnik, Croatia},
  pages={1623--1639}
}

@inproceedings{reorder,
    title = "Investigating the Reordering Capability in {CTC}-based Non-Autoregressive End-to-End Speech Translation",
    author = "Chuang, Shun-Po  and
      Chuang, Yung-Sung  and
      Chang, Chih-Chiang  and
      Lee, Hung-yi",
    booktitle = "Findings of the Association for Computational Linguistics: ACL-IJCNLP 2021",
    month = {Aug.},
    year = "2021",
    pages = "1068--1077",
}

@article{st1,
  title={Bridging the modality gap for speech-to-text translation},
  author={Liu, Yuchen and Zhu, Junnan and Zhang, Jiajun and Zong, Chengqing},
  journal={arXiv preprint arXiv:2010.14920},
  year={2020}
}

@inproceedings{orc,
  title={Offline handwriting recognition with multidimensional recurrent neural networks},
  author={Graves, Alex and Schmidhuber, J{\"u}rgen},
  booktitle={Proc. Advances in Neural Information Processing Systems},
  year={2008},
  month={Dec.},
  address={Vancouver, Canada}
}


@inproceedings{gesture,
  author={Pavlo Molchanov and Xiaodong Yang and Shalini Gupta and Kihwan Kim and Stephen Tyree and Jan Kautz},
  title={Online Detection and Classification of Dynamic Hand Gestures with Recurrent 3D Convolutional Neural Networks},
  year={2016},
  month={June},
  address={Las Vegas, USA},
  pages={4207--4215},
  booktitle={Proc. IEEE Conference on Computer Vision and Pattern Recognition},
}

@article{hannun2014deep,
  title={Deep Speech: Scaling up end-to-end speech recognition},
  author={Hannun, A},
  journal={arXiv preprint arXiv:1412.5567},
  year={2014}
}

@inproceedings{kudo2018sentencepiece,
  title={{SentencePiece: A} simple and language independent subword tokenizer and detokenizer for neural text processing},
  author={Kudo, Taku and Richardson, John},
  booktitle={Conference on Empirical Methods in Natural Language Processing},
  year={2018},
  month={Oct.},
  address={Brussels, Belgium},
}


@inproceedings{sennrich2016neural,
  title={Neural Machine Translation of Rare Words with Subword Units},
  author={Sennrich, Rico and Haddow, Barry and Birch, Alexandra},
  booktitle={Proc. Annual Meeting of the Association for Computational Linguistics (Volume 1: Long Papers)},
  pages={1715--1725},
  year={2016},
  month={Aug.},
  address={Berlin, Germany}
}

@article{yan2022ctc,
  title={CTC alignments improve autoregressive translation},
  author={Yan, Brian and Dalmia, Siddharth and Higuchi, Yosuke and Neubig, Graham and Metze, Florian and Black, Alan W and Watanabe, Shinji},
  journal={arXiv preprint arXiv:2210.05200},
  year={2022}
}


%experimental setup
@inproceedings{
loshchilov2018decoupled,
title={Decoupled Weight Decay Regularization},
author={Ilya Loshchilov and Frank Hutter},
booktitle={Proc. International Conference on Learning Representations},
year={2019},
month={May},
address={New Orleans, USA}
}



@inproceedings{panayotov2015librispeech,
  title={{Librispeech: An ASR} corpus based on public domain audio books},
  author={Panayotov, Vassil and Chen, Guoguo and Povey, Daniel and Khudanpur, Sanjeev},
  booktitle={Proc. IEEE International Conference on Acoustics, Speech and Signal Processing},
  pages={5206--5210},
  year={2015},
  month={Apr.},
  address={South Brisbane, Australia}
}

@inproceedings{pratap2020mls,
  title={{MLS: A} large-scale multilingual dataset for speech research},
  author={Pratap, Vineel and Xu, Qiantong and Sriram, Anuroop and Synnaeve, Gabriel and Collobert, Ronan},
  booktitle={Proc. Annual Conference of the International Speech Communication Association},
  year={2020},
  month={Oct.},
  pages={2757--2761},
  address={Shanghai, China}
}

@inproceedings{ami,
  title={The {AMI} meeting corpus: {A} pre-announcement},
  author={Carletta, Jean and others},
  booktitle={Proc. International Workshop on Machine Learning for Multimodal Interaction},
  pages={28--39},
  year={2005},
  month={July},
  address={Edinburgh, UK}
}

@inproceedings{babu2021xlsr,
  title={{XLS-R: S}elf-supervised cross-lingual speech representation learning at scale},
  booktitle={Proc. Annual Conference of the International Speech Communication Association},
  author={Babu, Arun and others},
  year={2021},
  month={Aug.},
  address={Brno, Czech Republic},
  pages={2278--2282},
}

@article{baevski2020wav2vec,
  title={wav2vec 2.0: A framework for self-supervised learning of speech representations},
  author={Baevski, Alexei and Zhou, Yuhao and Mohamed, Abdelrahman and Auli, Michael},
  journal={Advances in neural information processing systems},
  volume={33},
  pages={12449--12460},
  year={2020}
}

@article{hendrycks2016gaussian,
  title={Gaussian error linear units {(GELUs)}},
  author={Hendrycks, Dan and Gimpel, Kevin},
  journal={arXiv preprint arXiv:1606.08415},
  year={2016}
}

% section: related works
@inproceedings{graves2006connectionist,
  title={Connectionist temporal classification: {L}abelling unsegmented sequence data with recurrent neural networks},
  author={Graves, Alex and Fern{\'a}ndez, Santiago and Gomez, Faustino and Schmidhuber, J{\"u}rgen},
  booktitle={Proc. International Conference on Machine learning},
  pages={369--376},
  year={2006},
  month={June},
  address={Pittsburgh, USA},
}

@article{graves2012sequence,
  title={Sequence transduction with recurrent neural networks},
  author={Graves, Alex},
  journal={arXiv preprint arXiv:1211.3711},
  year={2012}
}

@article{ctc-peaky,
  title={Why does {CTC} result in peaky behavior?},
  author={Zeyer, Albert and Schl{\"u}ter, Ralf and Ney, Hermann},
  journal={arXiv preprint arXiv:2105.14849},
  year={2021}
}

@inproceedings{sak2015learning,
  title={Learning acoustic frame labeling for speech recognition with recurrent neural networks},
  author={Sak, Ha{\c{s}}im and Senior, Andrew and Rao, Kanishka and Irsoy, Ozan and Graves, Alex and Beaufays, Fran{\c{c}}oise and Schalkwyk, Johan},
  booktitle={Proc. IEEE International Conference on Acoustics, Speech and Signal Processing},
  pages={4280--4284},
  year={2015},
  month={Apr.},
  address={South Brisbane, Australia}
}

@inproceedings{mahadeokar2021alignment,
  title={Alignment restricted streaming recurrent neural network transducer},
  author={Mahadeokar, Jay and Shangguan, Yuan and Le, Duc and Keren, Gil and Su, Hang and Le, Thong and Yeh, Ching-Feng and Fuegen, Christian and Seltzer, Michael L},
  booktitle={Proc. IEEE Spoken Language Technology Workshop},
  pages={52--59},
  year={2021},
  month={Jan.},
  address={Shenzhen, China}
}

@inproceedings{kuang2022pruned,
  title={Pruned {RNN-T} for fast, memory-efficient {ASR} training},
  author={Kuang, Fangjun and Guo, Liyong and Kang, Wei and Lin, Long and Luo, Mingshuang and Yao, Zengwei and Povey, Daniel},
  booktitle={Proc. Proc. Annual Conference of the International Speech Communication Association},
  year={2022},
  month={Sept.},
  address={Incheon, Korea},
  pages={2068--2072},
}


@inproceedings{shinohara2022minimum,
  title={Minimum latency training of sequence transducers for streaming end-to-end speech recognition},
  author={Shinohara, Yusuke and Watanabe, Shinji},
  booktitle={Proc. Annual Conference of the International Speech Communication Association},
  year={2022},
  month={Sept.},
  pages={2098--2102},
  address={Incheon, Korea}
}

@inproceedings{yu2021fastemit,
  title={{FastEmit: L}ow-latency streaming {ASR} with sequence-level emission regularization},
  author={Yu, Jiahui and others},
  booktitle={Proc. IEEE International Conference on Acoustics, Speech and Signal Processing},
  pages={6004--6008},
  year={2021},
  month={June},
  address={Toronto, Canada}
}

@article{kim2021reducing,
  title={Reducing streaming {ASR} model delay with self alignment},
  author={Kim, Jaeyoung and Lu, Han and Tripathi, Anshuman and Zhang, Qian and Sak, Hasim},
  booktitle={Proc. Proc. Annual Conference of the International Speech Communication Association},
  year={2021},
  month={Aug.},
  address ={Brno, Czech Republic},
  pages={3440--3444}
}

@inproceedings{inaguma2020minimum,
  title={Minimum latency training strategies for streaming sequence-to-sequence ASR},
  author={Inaguma, Hirofumi and Gaur, Yashesh and Lu, Liang and Li, Jinyu and Gong, Yifan},
  booktitle={ICASSP 2020-2020 IEEE International Conference on Acoustics, Speech and Signal Processing (ICASSP)},
  pages={6064--6068},
  year={2020},
  organization={IEEE}
}

@inproceedings{hadian2018end,
  title={End-to-end Speech Recognition Using Lattice-free MMI.},
  author={Hadian, Hossein and Sameti, Hossein and Povey, Daniel and Khudanpur, Sanjeev},
  booktitle={Interspeech},
  pages={12--16},
  year={2018}
}

@article{higuchi2020mask,
  title={Mask CTC: Non-autoregressive end-to-end ASR with CTC and mask predict},
  author={Higuchi, Yosuke and Watanabe, Shinji and Chen, Nanxin and Ogawa, Tetsuji and Kobayashi, Tetsunori},
  journal={arXiv preprint arXiv:2005.08700},
  year={2020}
}

@inproceedings{zhao2022investigating,
  title={Investigating sequence-level normalisation for {CTC-Like End-to-End ASR}},
  author={Zhao, Zeyu and Bell, Peter},
  booktitle={Proc. IEEE International Conference on Acoustics, Speech and Signal Processing},
  pages={7792--7796},
  year={2022},
  month={May},
  address={Singapore}
}


@inproceedings{laptev22_interspeech,
  title     = {CTC Variations Through New WFST Topologies},
  author    = {Aleksandr Laptev and Somshubra Majumdar and Boris Ginsburg},
  year      = {2022},
  booktitle = {Interspeech 2022},
  pages     = {1041--1045},
  doi       = {10.21437/Interspeech.2022-10854},
  issn      = {2958-1796},
}

@article{pratap2022star,
  title={Star temporal classification: Sequence modeling with partially labeled data},
  author={Pratap, Vineel and Hannun, Awni and Synnaeve, Gabriel and Collobert, Ronan},
  journal={Advances in Neural Information Processing Systems},
  volume={35},
  pages={13392--13403},
  year={2022}
}

@inproceedings{moritz2021semi,
  title={Semi-supervised speech recognition via graph-based temporal classification},
  author={Moritz, Niko and Hori, Takaaki and Le Roux, Jonathan},
  booktitle={ICASSP 2021-2021 IEEE International Conference on Acoustics, Speech and Signal Processing (ICASSP)},
  pages={6548--6552},
  year={2021},
  organization={IEEE}
}


@inproceedings{sak17_interspeech,
  title     = {Recurrent Neural Aligner: An Encoder-Decoder Neural Network Model for Sequence to Sequence Mapping},
  author    = {Haşim Sak and Matt Shannon and Kanishka Rao and Françoise Beaufays},
  year      = {2017},
  booktitle = {Interspeech 2017},
  pages     = {1298--1302},
  doi       = {10.21437/Interspeech.2017-1705},
  issn      = {2958-1796},
}



@INPROCEEDINGS{align1,
  author={Ghorbani, Shahram and Bulut, Ahmet E. and Hansen, John H.L.},
  booktitle={Proc. IEEE Spoken Language Technology Workshop}, 
  title={Advancing Multi-Accented {LSTM-CTC} Speech Recognition Using a Domain Specific Student-Teacher Learning Paradigm}, 
  year={2018},
  pages={29-35},
  month={Dec.},
  address={Athens, Greece}
}

@inproceedings{align2,
  title={Guiding {CTC} posterior spike timings for improved posterior fusion and knowledge distillation},
  author={Kurata, Gakuto and Audhkhasi, Kartik},
  booktitle={Proc. Proc. Annual Conference of the International Speech Communication Association},
  year={2019},
  month={Sept.},
  address={Graz, Austria},
  pages={1616--1620}
}

@inproceedings{externalali,
  title={A New Training Pipeline for an Improved Neural Transducer},
  author={Zeyer, Albert and Merboldt, Andr{\'e} and Schl{\"u}ter, Ralf and Ney, Hermann},
  booktitle={Proc. Annual Conference of the International Speech Communication Association},
  pages={2812--2816},
  year={2020},
  month={Sept.},
  address={Shanghai, China}
}

@INPROCEEDINGS{7404851,
  author={Senior, Andrew and Sak, Haşim and de Chaumont Quitry, Félix and Sainath, Tara and Rao, Kanishka},
  booktitle={Proc. IEEE Workshop on Automatic Speech Recognition and Understanding}, 
  title={Acoustic modelling with {CD-CTC-SMBR LSTM RNNS}}, 
  year={2015},
  pages={604--609},
  month={Dec.},
  address={Scottsdale, USA}
}

@INPROCEEDINGS{9003863,
  author={Plantinga, Peter and Fosler-Lussier, Eric},
  booktitle={Proc. IEEE Automatic Speech Recognition and Understanding Workshop}, 
  title={Towards Real-Time Mispronunciation Detection in Kids' Speech}, 
  year={2019},
  pages={690--696},
  month={Dec.},
  address={Singapore}
}

@inproceedings{spikedrift,
  title={Learning acoustic frame labeling for speech recognition with recurrent neural networks},
  author={Sak, Ha{\c{s}}im and Senior, Andrew and Rao, Kanishka and Irsoy, Ozan and Graves, Alex and Beaufays, Fran{\c{c}}oise and Schalkwyk, Johan},
  booktitle={2015 IEEE international conference on acoustics, speech and signal processing (ICASSP)},
  pages={4280--4284},
  year={2015},
  organization={IEEE}
}

%ctc blank
@INPROCEEDINGS{ctc_blank,
  author={Zhao, Zeyu and Bell, Peter},
  booktitle={ICASSP 2022 - 2022 IEEE International Conference on Acoustics, Speech and Signal Processing (ICASSP)}, 
  title={Investigating Sequence-Level Normalisation For CTC-Like End-to-End ASR}, 
  year={2022},
  volume={},
  number={},
  pages={7792-7796}}

@inproceedings{bluche2015framewise,
  title={Framewise and {CTC} training of neural networks for handwriting recognition},
  author={Bluche, Th{\'e}odore and Ney, Hermann and Louradour, J{\'e}r{\^o}me and Kermorvant, Christopher},
  booktitle={Proc. International Conference on Document Analysis and Recognition},
  pages={81--85},
  year={2015},
  month={Aug.},
  address={Nancy, France}
}

@inproceedings{tian2022bayes,
  title={Bayes risk {CTC: C}ontrollable {CTC} alignment in sequence-to-sequence tasks},
  author={Tian, Jinchuan and Yan, Brian and Yu, Jianwei and Weng, Chao and Yu, Dong and Watanabe, Shinji},
  booktitle={Proc. International Conference on Learning Representations},
  year={2023},
  month={May},
  address={Kigali, Rwanda}
}

@inproceedings{wan24_interspeech,
  title     = {Lightweight Transducer Based on Frame-Level Criterion},
  author    = {Genshun Wan and Mengzhi Wang and Tingzhi Mao and Hang Chen and Zhongfu Ye},
  year      = {2024},
  booktitle={Proc. Annual Conference of the International Speech Communication Association}, 
  address={Kos, Greece},
  month={Sept.},
  pages     = {247--251},
}

@inproceedings{laptev2023powerful,
  title={Powerful and Extensible WFST Framework for Rnn-Transducer Losses},
  author={Laptev, Aleksandr and Bataev, Vladimir and Gitman, Igor and Ginsburg, Boris},
  booktitle={ICASSP 2023-2023 IEEE International Conference on Acoustics, Speech and Signal Processing (ICASSP)},
  pages={1--5},
  year={2023},
  organization={IEEE}
}


@inproceedings{zhang2023say,
  title={A Novel {CIF}-based Transducer Architecture for Automatic Speech Recognition},
  author={Zhang, Tian-Hao and Zhou, Dinghao and Zhon, Guiping and Li, Baoxiang},
  year={2024},
  booktitle={Proc. IEEE International Conference on Acoustics, Speech and Signal Processing},
  month={Apr.},
  address={Seoul, Republic of Korea}
}


@inproceedings{kang2023delay,
  title={Delay-penalized transducer for low-latency streaming {ASR}},
  author={Kang, Wei and Yao, Zengwei and Kuang, Fangjun and Guo, Liyong and Yang, Xiaoyu and Lin, Long and {\.Z}elasko, Piotr and Povey, Daniel},
  booktitle={Proc. IEEE International Conference on Acoustics, Speech and Signal Processing},
  month={June},
  year={2023},
  address={Rhodes Island, Greece}
}

@inproceedings{yao2023delay,
  title={Delay-penalized {CTC} implemented based on Finite State Transducer},
  author={Yao, Zengwei and Kang, Wei and Kuang, Fangjun and Guo, Liyong and Yang, Xiaoyu and Yang, Yifan and Lin, Long and Povey, Daniel},
  booktitle={Proc. Annual Conference of the International Speech Communication Association},
  year={2023},
  address={Dublin, Ireland},
  month={Sept.},
  pages={1329--1333}
}


@inproceedings{yang2023blank,
  title={Blank-regularized {CTC} for frame skipping in neural transducer},
  author={Yang, Yifan and Yang, Xiaoyu and Guo, Liyong and Yao, Zengwei and Kang, Wei and Kuang, Fangjun and Lin, Long and Chen, Xie and Povey, Daniel},
  booktitle={Proc. Annual Conference of the International Speech Communication Association},
  year={2023},
  address={Dublin, Ireland},
  month={Sept.},
  pages={4409--4413}
}

@incollection{Bengio+chapter2007,
author = {Bengio, Yoshua and LeCun, Yann},
booktitle = {Large Scale Kernel Machines},
publisher = {MIT Press},
title = {Scaling Learning Algorithms Towards {AI}},
year = {2007}
}

@article{Hinton06,
author = {Hinton, Geoffrey E. and Osindero, Simon and Teh, Yee Whye},
journal = {Neural Computation},
pages = {1527--1554},
title = {A Fast Learning Algorithm for Deep Belief Nets},
volume = {18},
year = {2006}
}

@book{goodfellow2016deep,
title={Deep learning},
author={Goodfellow, Ian and Bengio, Yoshua and Courville, Aaron and Bengio, Yoshua},
volume={1},
year={2016},
publisher={MIT Press}
}

@article{peyre2019computational,
  title={Computational optimal transport: {W}ith applications to data science},
  author={Peyr{\'e}, Gabriel and Cuturi, Marco},
  journal={Foundations and Trends{\textregistered} in Machine Learning},
  volume={11},
  number={5-6},
  pages={355--607},
  year={2019},
}

@inproceedings{Peyr2019NumericalOT,
  title={Numerical Optimal Transport and its Applications},
  author={Gabriel Peyr{\'e}},
  year={2019},
  url={https://api.semanticscholar.org/CorpusID:214675289}
}

@article{Itakura1975MinimumPR,
  title={Minimum prediction residual principle applied to speech recognition},
  author={Fumitada Itakura},
  journal={IEEE Transactions on Acoustics, Speech, and Signal Processing},
  year={1975},
  volume={23},
  pages={154--158},
  month={Jan.}
}


@inproceedings{cuturi2018softdtwdifferentiablelossfunction,
      title={{Soft-DTW: A} Differentiable Loss Function for Time-Series}, 
      author={Marco Cuturi and Mathieu Blondel},
      year={2018},
      booktitle={Proc. International Conference on Machine Learning},
      address={Sydney, Australia},
      month={Aug.},
    }


@INPROCEEDINGS{DBLP:journals/corr/abs-2103-17260,
  author={Haresh, Sanjay and Kumar, Sateesh and Coskun, Huseyin and Syed, Shahram N. and Konin, Andrey and Zia, M. Zeeshan and Tran, Quoc-Huy},
  booktitle={Proc. IEEE/CVF Conference on Computer Vision and Pattern Recognition}, 
  title={Learning by Aligning Videos in Time}, 
  year={2021},
  pages={5544--5554},
  month = {Nov.},
  address={Nashville, USA}
}

@inproceedings{meghanani2024laserlearningaligningselfsupervised,
      title={{LASER: L}earning by Aligning Self-supervised Representations of Speech for Improving Content-related Tasks}, 
      author={Amit Meghanani and Thomas Hain},
      year={2024},
      booktitle={Proc. Annual Conference of the International Speech Communication Association}, 
      month={Sept.},
      address={Kos, Greece}
}

@article{vayer2022timeseriesalignmentglobal,
      title={Time Series Alignment with Global Invariances}, 
      author={Titouan Vayer and Romain Tavenard and Laetitia Chapel and Nicolas Courty and Rémi Flamary and Yann Soullard},
      year={2022},
      month={Oct.},
      journal={Transactions on Machine Learning Research},
}

@inproceedings{Zhou2009CanonicalTW,
  title={Canonical Time Warping for Alignment of Human Behavior},
  author={Feng Zhou and Fernando De la Torre},
  booktitle={Proc. Neural Information Processing Systems},
  year={2009},
  address={Vancouver, Canada},
  month={Dec.}
}


%% appendix
@inproceedings{rastorgueva23_interspeech,
  title     = {NeMo Forced Aligner and its application to word alignment for subtitle generation},
  author    = {Elena Rastorgueva and Vitaly Lavrukhin and Boris Ginsburg},
  year      = {2023},
  booktitle = {INTERSPEECH 2023},
  pages     = {5257--5258},
  issn      = {2958-1796},
}

%from orig files
@inproceedings{langley00,
 author    = {P. Langley},
 title     = {Crafting Papers on Machine Learning},
 year      = {2000},
 pages     = {1207--1216},
 editor    = {Pat Langley},
 booktitle     = {Proceedings of the 17th International Conference
              on Machine Learning (ICML 2000)},
 address   = {Stanford, CA},
 publisher = {Morgan Kaufmann}
}

@TechReport{mitchell80,
  author = 	 "T. M. Mitchell",
  title = 	 "The Need for Biases in Learning Generalizations",
  institution =  "Computer Science Department, Rutgers University",
  year = 	 "1980",
  address =	 "New Brunswick, MA",
}

@phdthesis{kearns89,
  author = {M. J. Kearns},
  title =  {Computational Complexity of Machine Learning},
  school = {Department of Computer Science, Harvard University},
  year =   {1989}
}

@Book{MachineLearningI,
  editor = 	 "R. S. Michalski and J. G. Carbonell and T.
		  M. Mitchell",
  title = 	 "Machine Learning: An Artificial Intelligence
		  Approach, Vol. I",
  publisher = 	 "Tioga",
  year = 	 "1983",
  address =	 "Palo Alto, CA"
}

@Book{DudaHart2nd,
  author =       "R. O. Duda and P. E. Hart and D. G. Stork",
  title =        "Pattern Classification",
  publisher =    "John Wiley and Sons",
  edition =      "2nd",
  year =         "2000"
}

@misc{anonymous,
  title= {Suppressed for Anonymity},
  author= {Author, N. N.},
  year= {2021}
}

@InCollection{Newell81,
  author =       "A. Newell and P. S. Rosenbloom",
  title =        "Mechanisms of Skill Acquisition and the Law of
                  Practice", 
  booktitle =    "Cognitive Skills and Their Acquisition",
  pages =        "1--51",
  publisher =    "Lawrence Erlbaum Associates, Inc.",
  year =         "1981",
  editor =       "J. R. Anderson",
  chapter =      "1",
  address =      "Hillsdale, NJ"
}


@Article{Samuel59,
  author = 	 "A. L. Samuel",
  title = 	 "Some Studies in Machine Learning Using the Game of
		  Checkers",
  journal =	 "IBM Journal of Research and Development",
  year =	 "1959",
  volume =	 "3",
  number =	 "3",
  pages =	 "211--229"
}


@article{garofolo1993timit,
  title={TIMIT acoustic-phonetic continuous speech corpus},
  author={Garofolo, John S and Lamel, Lori F and Fisher, William M and Pallett, David S and Dahlgren, Nancy L and Zue, Victor and Fiscus, Jonathan G},
  journal={(No Title)},
  year={1993},
  publisher={Linguistic data consortium}
}