@INPROCEEDINGS{7404851,
  author={Senior, Andrew and Sak, Haşim and de Chaumont Quitry, Félix and Sainath, Tara and Rao, Kanishka},
  booktitle={Proc. IEEE Workshop on Automatic Speech Recognition and Understanding}, 
  title={Acoustic modelling with {CD-CTC-SMBR LSTM RNNS}}, 
  year={2015},
  pages={604--609},
  month={Dec.},
  address={Scottsdale, USA}
}

@INPROCEEDINGS{9003863,
  author={Plantinga, Peter and Fosler-Lussier, Eric},
  booktitle={Proc. IEEE Automatic Speech Recognition and Understanding Workshop}, 
  title={Towards Real-Time Mispronunciation Detection in Kids' Speech}, 
  year={2019},
  pages={690--696},
  month={Dec.},
  address={Singapore}
}

@INPROCEEDINGS{align1,
  author={Ghorbani, Shahram and Bulut, Ahmet E. and Hansen, John H.L.},
  booktitle={Proc. IEEE Spoken Language Technology Workshop}, 
  title={Advancing Multi-Accented {LSTM-CTC} Speech Recognition Using a Domain Specific Student-Teacher Learning Paradigm}, 
  year={2018},
  pages={29-35},
  month={Dec.},
  address={Athens, Greece}
}

@inproceedings{align2,
  title={Guiding {CTC} posterior spike timings for improved posterior fusion and knowledge distillation},
  author={Kurata, Gakuto and Audhkhasi, Kartik},
  booktitle={Proc. Proc. Annual Conference of the International Speech Communication Association},
  year={2019},
  month={Sept.},
  address={Graz, Austria},
  pages={1616--1620}
}

@inproceedings{bluche2015framewise,
  title={Framewise and {CTC} training of neural networks for handwriting recognition},
  author={Bluche, Th{\'e}odore and Ney, Hermann and Louradour, J{\'e}r{\^o}me and Kermorvant, Christopher},
  booktitle={Proc. International Conference on Document Analysis and Recognition},
  pages={81--85},
  year={2015},
  month={Aug.},
  address={Nancy, France}
}

@article{ctc-peaky,
  title={Why does {CTC} result in peaky behavior?},
  author={Zeyer, Albert and Schl{\"u}ter, Ralf and Ney, Hermann},
  journal={arXiv preprint arXiv:2105.14849},
  year={2021}
}

@inproceedings{externalali,
  title={A New Training Pipeline for an Improved Neural Transducer},
  author={Zeyer, Albert and Merboldt, Andr{\'e} and Schl{\"u}ter, Ralf and Ney, Hermann},
  booktitle={Proc. Annual Conference of the International Speech Communication Association},
  pages={2812--2816},
  year={2020},
  month={Sept.},
  address={Shanghai, China}
}

@inproceedings{gesture,
  author={Pavlo Molchanov and Xiaodong Yang and Shalini Gupta and Kihwan Kim and Stephen Tyree and Jan Kautz},
  title={Online Detection and Classification of Dynamic Hand Gestures with Recurrent 3D Convolutional Neural Networks},
  year={2016},
  month={June},
  address={Las Vegas, USA},
  pages={4207--4215},
  booktitle={Proc. IEEE Conference on Computer Vision and Pattern Recognition},
}

@inproceedings{graves2006connectionist,
  title={Connectionist temporal classification: {L}abelling unsegmented sequence data with recurrent neural networks},
  author={Graves, Alex and Fern{\'a}ndez, Santiago and Gomez, Faustino and Schmidhuber, J{\"u}rgen},
  booktitle={Proc. International Conference on Machine learning},
  pages={369--376},
  year={2006},
  month={June},
  address={Pittsburgh, USA},
}

@article{graves2012sequence,
  title={Sequence transduction with recurrent neural networks},
  author={Graves, Alex},
  journal={arXiv preprint arXiv:1211.3711},
  year={2012}
}

@inproceedings{hadian2018end,
  title={End-to-end Speech Recognition Using Lattice-free MMI.},
  author={Hadian, Hossein and Sameti, Hossein and Povey, Daniel and Khudanpur, Sanjeev},
  booktitle={Interspeech},
  pages={12--16},
  year={2018}
}

@article{higuchi2020mask,
  title={Mask CTC: Non-autoregressive end-to-end ASR with CTC and mask predict},
  author={Higuchi, Yosuke and Watanabe, Shinji and Chen, Nanxin and Ogawa, Tetsuji and Kobayashi, Tetsunori},
  journal={arXiv preprint arXiv:2005.08700},
  year={2020}
}

@inproceedings{kang2023delay,
  title={Delay-penalized transducer for low-latency streaming {ASR}},
  author={Kang, Wei and Yao, Zengwei and Kuang, Fangjun and Guo, Liyong and Yang, Xiaoyu and Lin, Long and {\.Z}elasko, Piotr and Povey, Daniel},
  booktitle={Proc. IEEE International Conference on Acoustics, Speech and Signal Processing},
  month={June},
  year={2023},
  address={Rhodes Island, Greece}
}

@article{kim2021reducing,
  title={Reducing streaming {ASR} model delay with self alignment},
  author={Kim, Jaeyoung and Lu, Han and Tripathi, Anshuman and Zhang, Qian and Sak, Hasim},
  booktitle={Proc. Proc. Annual Conference of the International Speech Communication Association},
  year={2021},
  month={Aug.},
  address ={Brno, Czech Republic},
  pages={3440--3444}
}

@inproceedings{kuang2022pruned,
  title={Pruned {RNN-T} for fast, memory-efficient {ASR} training},
  author={Kuang, Fangjun and Guo, Liyong and Kang, Wei and Lin, Long and Luo, Mingshuang and Yao, Zengwei and Povey, Daniel},
  booktitle={Proc. Proc. Annual Conference of the International Speech Communication Association},
  year={2022},
  month={Sept.},
  address={Incheon, Korea},
  pages={2068--2072},
}

@inproceedings{laptev22_interspeech,
  title     = {CTC Variations Through New WFST Topologies},
  author    = {Aleksandr Laptev and Somshubra Majumdar and Boris Ginsburg},
  year      = {2022},
  booktitle = {Interspeech 2022},
  pages     = {1041--1045},
  doi       = {10.21437/Interspeech.2022-10854},
  issn      = {2958-1796},
}

@inproceedings{mahadeokar2021alignment,
  title={Alignment restricted streaming recurrent neural network transducer},
  author={Mahadeokar, Jay and Shangguan, Yuan and Le, Duc and Keren, Gil and Su, Hang and Le, Thong and Yeh, Ching-Feng and Fuegen, Christian and Seltzer, Michael L},
  booktitle={Proc. IEEE Spoken Language Technology Workshop},
  pages={52--59},
  year={2021},
  month={Jan.},
  address={Shenzhen, China}
}

@inproceedings{moritz2021semi,
  title={Semi-supervised speech recognition via graph-based temporal classification},
  author={Moritz, Niko and Hori, Takaaki and Le Roux, Jonathan},
  booktitle={ICASSP 2021-2021 IEEE International Conference on Acoustics, Speech and Signal Processing (ICASSP)},
  pages={6548--6552},
  year={2021},
  organization={IEEE}
}

@inproceedings{mt1,
    title = "Fully Non-autoregressive Neural Machine Translation: Tricks of the Trade",
    author = "Gu, Jiatao  and
      Kong, Xiang",
    booktitle = "Findings of the Association for Computational Linguistics: ACL-IJCNLP 2021",
    month = {Aug.},
    year = "2021",
    pages = "120--133",
}

@inproceedings{mtst,
  title={{CTC} Alignments Improve Autoregressive Translation},
  author={Yan, Brian and Dalmia, Siddharth and Higuchi, Yosuke and Neubig, Graham and Metze, Florian and Black, Alan W and Watanabe, Shinji},
  booktitle={Proc. Conference of the European Chapter of the Association for Computational Linguistics},
  year={2022},
  month={May},
  address={Dubrovnik, Croatia},
  pages={1623--1639}
}

@inproceedings{orc,
  title={Offline handwriting recognition with multidimensional recurrent neural networks},
  author={Graves, Alex and Schmidhuber, J{\"u}rgen},
  booktitle={Proc. Advances in Neural Information Processing Systems},
  year={2008},
  month={Dec.},
  address={Vancouver, Canada}
}

@article{pratap2022star,
  title={Star temporal classification: Sequence modeling with partially labeled data},
  author={Pratap, Vineel and Hannun, Awni and Synnaeve, Gabriel and Collobert, Ronan},
  journal={Advances in Neural Information Processing Systems},
  volume={35},
  pages={13392--13403},
  year={2022}
}

@inproceedings{reorder,
    title = "Investigating the Reordering Capability in {CTC}-based Non-Autoregressive End-to-End Speech Translation",
    author = "Chuang, Shun-Po  and
      Chuang, Yung-Sung  and
      Chang, Chih-Chiang  and
      Lee, Hung-yi",
    booktitle = "Findings of the Association for Computational Linguistics: ACL-IJCNLP 2021",
    month = {Aug.},
    year = "2021",
    pages = "1068--1077",
}

@inproceedings{sak2015learning,
  title={Learning acoustic frame labeling for speech recognition with recurrent neural networks},
  author={Sak, Ha{\c{s}}im and Senior, Andrew and Rao, Kanishka and Irsoy, Ozan and Graves, Alex and Beaufays, Fran{\c{c}}oise and Schalkwyk, Johan},
  booktitle={Proc. IEEE International Conference on Acoustics, Speech and Signal Processing},
  pages={4280--4284},
  year={2015},
  month={Apr.},
  address={South Brisbane, Australia}
}

@inproceedings{shinohara2022minimum,
  title={Minimum latency training of sequence transducers for streaming end-to-end speech recognition},
  author={Shinohara, Yusuke and Watanabe, Shinji},
  booktitle={Proc. Annual Conference of the International Speech Communication Association},
  year={2022},
  month={Sept.},
  pages={2098--2102},
  address={Incheon, Korea}
}

@article{st1,
  title={Bridging the modality gap for speech-to-text translation},
  author={Liu, Yuchen and Zhu, Junnan and Zhang, Jiajun and Zong, Chengqing},
  journal={arXiv preprint arXiv:2010.14920},
  year={2020}
}

@inproceedings{tian2022bayes,
  title={Bayes risk {CTC: C}ontrollable {CTC} alignment in sequence-to-sequence tasks},
  author={Tian, Jinchuan and Yan, Brian and Yu, Jianwei and Weng, Chao and Yu, Dong and Watanabe, Shinji},
  booktitle={Proc. International Conference on Learning Representations},
  year={2023},
  month={May},
  address={Kigali, Rwanda}
}

@inproceedings{wan24_interspeech,
  title     = {Lightweight Transducer Based on Frame-Level Criterion},
  author    = {Genshun Wan and Mengzhi Wang and Tingzhi Mao and Hang Chen and Zhongfu Ye},
  year      = {2024},
  booktitle={Proc. Annual Conference of the International Speech Communication Association}, 
  address={Kos, Greece},
  month={Sept.},
  pages     = {247--251},
}

@inproceedings{yang2023blank,
  title={Blank-regularized {CTC} for frame skipping in neural transducer},
  author={Yang, Yifan and Yang, Xiaoyu and Guo, Liyong and Yao, Zengwei and Kang, Wei and Kuang, Fangjun and Lin, Long and Chen, Xie and Povey, Daniel},
  booktitle={Proc. Annual Conference of the International Speech Communication Association},
  year={2023},
  address={Dublin, Ireland},
  month={Sept.},
  pages={4409--4413}
}

@inproceedings{yao2023delay,
  title={Delay-penalized {CTC} implemented based on Finite State Transducer},
  author={Yao, Zengwei and Kang, Wei and Kuang, Fangjun and Guo, Liyong and Yang, Xiaoyu and Yang, Yifan and Lin, Long and Povey, Daniel},
  booktitle={Proc. Annual Conference of the International Speech Communication Association},
  year={2023},
  address={Dublin, Ireland},
  month={Sept.},
  pages={1329--1333}
}

@inproceedings{yu2021fastemit,
  title={{FastEmit: L}ow-latency streaming {ASR} with sequence-level emission regularization},
  author={Yu, Jiahui and others},
  booktitle={Proc. IEEE International Conference on Acoustics, Speech and Signal Processing},
  pages={6004--6008},
  year={2021},
  month={June},
  address={Toronto, Canada}
}

@inproceedings{zhang2023say,
  title={A Novel {CIF}-based Transducer Architecture for Automatic Speech Recognition},
  author={Zhang, Tian-Hao and Zhou, Dinghao and Zhon, Guiping and Li, Baoxiang},
  year={2024},
  booktitle={Proc. IEEE International Conference on Acoustics, Speech and Signal Processing},
  month={Apr.},
  address={Seoul, Republic of Korea}
}

@inproceedings{zhao2022investigating,
  title={Investigating sequence-level normalisation for {CTC-Like End-to-End ASR}},
  author={Zhao, Zeyu and Bell, Peter},
  booktitle={Proc. IEEE International Conference on Acoustics, Speech and Signal Processing},
  pages={7792--7796},
  year={2022},
  month={May},
  address={Singapore}
}

