@article{1,
  title={A review of the self-adaptive traffic signal control system based on future traffic environment},
  author={Wang, Yizhe and Yang, Xiaoguang and Liang, Hailun and Liu, Yangdong},
  journal={Journal of Advanced Transportation},
  volume={2018},
  number={1},
  pages={1096123},
  year={2018},
  publisher={Wiley Online Library}
}
@article{2,
  title={The SCOOT on-line traffic signal optimisation technique},
  author={Hunt, PB and Robertson, DI and Bretherton, RD and Royle, M Cr},
  journal={Traffic Engineering \& Control},
  volume={23},
  number={4},
  year={1982}
}
@inproceedings{3,
  title={Self-organizing traffic control via fuzzy logic},
  author={Chiu, Stephen and Chand, Sujeet},
  booktitle={Proceedings of 32nd IEEE Conference on Decision and Control},
  pages={1897--1902},
  year={1993},
  organization={IEEE}
}
@incollection{4,
  title={Signal control for oversaturated intersections using fuzzy logic},
  author={Zhang, Lin and Li, Honglong and Prevedouros, Panos D},
  booktitle={Transportation and development innovative best practices 2008},
  pages={179--184},
  year={2008}
}
@article{5,
  title={RESEARCH INTO THE RELATIVE MERITS OF ROUNDABOUTS AND TRAFFIC-SIGNAL CONTROLLED INTERSECTIONS.},
  author={Webster, Francis Vernon and Newby, Ronald Frank and RRL},
  journal={Proceedings of the Institution of Civil Engineers},
  volume={27},
  number={1},
  pages={47--76},
  year={1964},
  publisher={Thomas Telford-ICE Virtual Library}
}

@book{6,
  title={Webster's new world telecom dictionary},
  author={Horak, Ray},
  year={2008},
  publisher={John Wiley \& Sons}
}

@article{7,
  title={MAXBAND: A versatile program for setting signals on arteries and triangular networks},
  author={Little, John DC and Kelson, Mark D and Gartner, Nathan H},
  year={1981},
  publisher={Alfred P. Sloan School of Management, Massachusetts Institute of Technology}
}

@article{8,
  title={Reinforcement learning with function approximation for traffic signal control},
  author={Prashanth, LA and Bhatnagar, Shalabh},
  journal={IEEE Transactions on Intelligent Transportation Systems},
  volume={12},
  number={2},
  pages={412--421},
  year={2010},
  publisher={IEEE}
}
@article{9,
  title={Adaptive traffic signal control using approximate dynamic programming},
  author={Cai, Chen and Wong, Chi Kwong and Heydecker, Benjamin G},
  journal={Transportation Research Part C: Emerging Technologies},
  volume={17},
  number={5},
  pages={456--474},
  year={2009},
  publisher={Elsevier}
}

@article{10,
  title={Deep reinforcement learning for intelligent transportation systems: A survey},
  author={Haydari, Ammar and Y{\i}lmaz, Yasin},
  journal={IEEE Transactions on Intelligent Transportation Systems},
  volume={23},
  number={1},
  pages={11--32},
  year={2020},
  publisher={IEEE}
}

@article{11,
  title={Human-level control through deep reinforcement learning},
  author={Mnih, Volodymyr and Kavukcuoglu, Koray and Silver, David and Rusu, Andrei A and Veness, Joel and Bellemare, Marc G and Graves, Alex and Riedmiller, Martin and Fidjeland, Andreas K and Ostrovski, Georg and others},
  journal={nature},
  volume={518},
  number={7540},
  pages={529--533},
  year={2015},
  publisher={Nature Publishing Group UK London}
}

@article{12,
  title={Asynchronous Methods for Deep Reinforcement Learning},
  author={Mnih, Volodymyr},
  journal={arXiv preprint arXiv:1602.01783},
  year={2016}
}

@inproceedings{13,
  title={A novel DDPG method with prioritized experience replay},
  author={Hou, Yuenan and Liu, Lifeng and Wei, Qing and Xu, Xudong and Chen, Chunlin},
  booktitle={2017 IEEE international conference on systems, man, and cybernetics (SMC)},
  pages={316--321},
  year={2017},
  organization={IEEE}
}

@article{14,
  title={A deep q learning network for traffic lightsâ€™ cycle control in vehicular networks},
  author={Liang, Xiaoyuan and Du, Xusheng and Wang, Guiling and Han, Zhu},
  journal={IEEE Transactions on Vehicular Technology},
  volume={68},
  number={2},
  pages={1243--1253},
  year={2019}
}

@article{15,
  title={Multi-agent deep reinforcement learning for large-scale traffic signal control},
  author={Chu, Tianshu and Wang, Jie and Codec{\`a}, Lara and Li, Zhaojian},
  journal={IEEE transactions on intelligent transportation systems},
  volume={21},
  number={3},
  pages={1086--1095},
  year={2019},
  publisher={IEEE}
}
@inproceedings{16,
  title={Counterfactual multi-agent policy gradients},
  author={Foerster, Jakob and Farquhar, Gregory and Afouras, Triantafyllos and Nardelli, Nantas and Whiteson, Shimon},
  booktitle={Proceedings of the AAAI conference on artificial intelligence},
  volume={32},
  number={1},
  year={2018}
}
@inproceedings{17,
  title={Stabilising experience replay for deep multi-agent reinforcement learning},
  author={Foerster, Jakob and Nardelli, Nantas and Farquhar, Gregory and Afouras, Triantafyllos and Torr, Philip HS and Kohli, Pushmeet and Whiteson, Shimon},
  booktitle={International conference on machine learning},
  pages={1146--1155},
  year={2017},
  organization={PMLR}
}

@article{18,
  title={Learning to communicate with deep multi-agent reinforcement learning},
  author={Foerster, Jakob and Assael, Ioannis Alexandros and De Freitas, Nando and Whiteson, Shimon},
  journal={Advances in neural information processing systems},
  volume={29},
  year={2016}
}

@article{19,
  title={Learning multiagent communication with backpropagation},
  author={Sukhbaatar, Sainbayar and Fergus, Rob and others},
  journal={Advances in neural information processing systems},
  volume={29},
  year={2016}
}

@article{20,
  title={Attention is all you need},
  author={Vaswani, A},
  journal={Advances in Neural Information Processing Systems},
  year={2017}
}

@article{21,
  title={Prediction-based multi-agent reinforcement learning in inherently non-stationary environments},
  author={Marinescu, Andrei and Dusparic, Ivana and Clarke, Siobh{\'a}n},
  journal={ACM Transactions on Autonomous and Adaptive Systems (TAAS)},
  volume={12},
  number={2},
  pages={1--23},
  year={2017},
  publisher={ACM New York, NY, USA}
}

@article{22,
  title={DRLE: Decentralized reinforcement learning at the edge for traffic light control in the IoV},
  author={Zhou, Pengyuan and Chen, Xianfu and Liu, Zhi and Braud, Tristan and Hui, Pan and Kangasharju, Jussi},
  journal={IEEE Transactions on Intelligent Transportation Systems},
  volume={22},
  number={4},
  pages={2262--2273},
  year={2020},
  publisher={IEEE}
}

@article{23,
  title={Attendlight: Universal attention-based reinforcement learning model for traffic signal control},
  author={Oroojlooy, Afshin and Nazari, Mohammadreza and Hajinezhad, Davood and Silva, Jorge},
  journal={Advances in Neural Information Processing Systems},
  volume={33},
  pages={4079--4090},
  year={2020}
}

@article{24,
  title={Cooperative traffic signal control using multi-step return and off-policy asynchronous advantage actor-critic graph algorithm},
  author={Yang, Shantian and Yang, Bo and Wong, Hau-San and Kang, Zhongfeng},
  journal={Knowledge-Based Systems},
  volume={183},
  pages={104855},
  year={2019},
  publisher={Elsevier}
}

@article{25,
  title={Integrated perception and planning in the continuous space: A POMDP approach},
  author={Bai, Haoyu and Hsu, David and Lee, Wee Sun},
  journal={The International Journal of Robotics Research},
  volume={33},
  number={9},
  pages={1288--1302},
  year={2014},
  publisher={SAGE Publications Sage UK: London, England}
}

@article{26,
  title={Network-scale traffic signal control via multiagent reinforcement learning with deep spatiotemporal attentive network},
  author={Huang, Hao and Hu, Zhiqun and Lu, Zhaoming and Wen, Xiangming},
  journal={IEEE transactions on cybernetics},
  volume={53},
  number={1},
  pages={262--274},
  year={2021},
  publisher={IEEE}
}
@article{27,
  title={Coordinated deep reinforcement learners for traffic light control},
  author={Van der Pol, Elise and Oliehoek, Frans A},
  journal={Proceedings of learning, inference and control of multi-agent systems (at NIPS 2016)},
  volume={8},
  pages={21--38},
  year={2016}
}

@article{28,
  title={Cooperative deep reinforcement learning for large-scale traffic grid signal control},
  author={Tan, Tian and Bao, Feng and Deng, Yue and Jin, Alex and Dai, Qionghai and Wang, Jie},
  journal={IEEE transactions on cybernetics},
  volume={50},
  number={6},
  pages={2687--2700},
  year={2019},
  publisher={IEEE}
}

@article{29,
  title={Step by step: A hierarchical framework for multi-hop knowledge graph reasoning with reinforcement learning},
  author={Zhu, Anjie and Ouyang, Deqiang and Liang, Shuang and Shao, Jie},
  journal={Knowledge-Based Systems},
  volume={248},
  pages={108843},
  year={2022},
  publisher={Elsevier}
}

@inproceedings{30,
  title={Large-Scale Traffic Signal Control by a Nash Deep Q-network Approach},
  author={Zhang, Yuli and Wang, Shangbo and Ma, Xiaoguang and Yue, Wenwei and Jiang, Ruiyuan},
  booktitle={2023 IEEE 26th International Conference on Intelligent Transportation Systems (ITSC)},
  pages={4584--4591},
  year={2023},
  organization={IEEE}
}

@article{31,
  title={Large-scale traffic signal control using constrained network partition and adaptive deep reinforcement learning},
  author={Gu, Hankang and Wang, Shangbo and Ma, Xiaoguang and Jia, Dongyao and Mao, Guoqiang and Lim, Eng Gee and Wong, Cheuk Pong Ryan},
  journal={IEEE Transactions on Intelligent Transportation Systems},
  year={2024},
  publisher={IEEE}
}

@phdthesis{32,
  title={Deep multi-agent reinforcement learning},
  author={Foerster, J},
  year={2018},
  school={University of Oxford}
}

@article{33,
  title={Large-scale traffic signal control using a novel multiagent reinforcement learning},
  author={Wang, Xiaoqiang and Ke, Liangjun and Qiao, Zhimin and Chai, Xinghua},
  journal={IEEE transactions on cybernetics},
  volume={51},
  number={1},
  pages={174--187},
  year={2020},
  publisher={IEEE}
}

@book{34,
  title={Phase transitions and critical phenomena},
  author={Stanley, H Eugene},
  volume={7},
  year={1971},
  publisher={Clarendon Press, Oxford}
}


@inproceedings{35,
  title={Hurts to be too early: Benefits and drawbacks of communication in multi-agent learning},
  author={Naghizadeh, Parinaz and Gorlatova, Maria and Lan, Andrew S and Chiang, Mung},
  booktitle={IEEE INFOCOM 2019-IEEE conference on computer communications},
  pages={622--630},
  year={2019},
  organization={IEEE}
}

@inproceedings{36,
  title={Presslight: Learning max pressure control to coordinate traffic signals in arterial network},
  author={Wei, Hua and Chen, Chacha and Zheng, Guanjie and Wu, Kan and Gayah, Vikash and Xu, Kai and Li, Zhenhui},
  booktitle={Proceedings of the 25th ACM SIGKDD international conference on knowledge discovery \& data mining},
  pages={1290--1298},
  year={2019}
}

@article{37,
  title={Max pressure control of a network of signalized intersections},
  author={Varaiya, Pravin},
  journal={Transportation Research Part C: Emerging Technologies},
  volume={36},
  pages={177--195},
  year={2013},
  publisher={Elsevier}
}
@article{38,
  title={A comprehensive survey on graph neural networks},
  author={Wu, Zonghan and Pan, Shirui and Chen, Fengwen and Long, Guodong and Zhang, Chengqi and Philip, S Yu},
  journal={IEEE transactions on neural networks and learning systems},
  volume={32},
  number={1},
  pages={4--24},
  year={2020},
  publisher={IEEE}
}

@inproceedings{39,
  title={Traffic signal control based on reinforcement learning with graph convolutional neural nets},
  author={Nishi, Tomoki and Otaki, Keisuke and Hayakawa, Keiichiro and Yoshimura, Takayoshi},
  booktitle={2018 21st International conference on intelligent transportation systems (ITSC)},
  pages={877--883},
  year={2018},
  organization={IEEE}
}

@inproceedings{40,
  title={Colight: Learning network-level cooperation for traffic signal control},
  author={Wei, Hua and Xu, Nan and Zhang, Huichu and Zheng, Guanjie and Zang, Xinshi and Chen, Chacha and Zhang, Weinan and Zhu, Yanmin and Xu, Kai and Li, Zhenhui},
  booktitle={Proceedings of the 28th ACM international conference on information and knowledge management},
  pages={1913--1922},
  year={2019}
}

@article{41,
  title={STMARL: A spatio-temporal multi-agent reinforcement learning approach for cooperative traffic light control},
  author={Wang, Yanan and Xu, Tong and Niu, Xin and Tan, Chang and Chen, Enhong and Xiong, Hui},
  journal={IEEE Transactions on Mobile Computing},
  volume={21},
  number={6},
  pages={2228--2242},
  year={2020},
  publisher={IEEE}
}

@article{42,
  title={T-GCN: A temporal graph convolutional network for traffic prediction},
  author={Zhao, Ling and Song, Yujiao and Zhang, Chao and Liu, Yu and Wang, Pu and Lin, Tao and Deng, Min and Li, Haifeng},
  journal={IEEE transactions on intelligent transportation systems},
  volume={21},
  number={9},
  pages={3848--3858},
  year={2019},
  publisher={IEEE}
}

@inproceedings{43,
  title={Toward a thousand lights: Decentralized deep reinforcement learning for large-scale traffic signal control},
  author={Chen, Chacha and Wei, Hua and Xu, Nan and Zheng, Guanjie and Yang, Ming and Xiong, Yuanhao and Xu, Kai and Li, Zhenhui},
  booktitle={Proceedings of the AAAI conference on artificial intelligence},
  volume={34},
  number={04},
  pages={3414--3421},
  year={2020}
}
@article{44,
  title={Independent reinforcement learning for weakly cooperative multiagent traffic control problem},
  author={Zhang, Chengwei and Jin, Shan and Xue, Wanli and Xie, Xiaofei and Chen, Shengyong and Chen, Rong},
  journal={IEEE Transactions on Vehicular Technology},
  volume={70},
  number={8},
  pages={7426--7436},
  year={2021},
  publisher={IEEE}
}

@article{45,
  title={Traffic signal control with reinforcement learning based on region-aware cooperative strategy},
  author={Wang, Min and Wu, Libing and Li, Jianxin and He, Liu},
  journal={IEEE Transactions on Intelligent Transportation Systems},
  volume={23},
  number={7},
  pages={6774--6785},
  year={2021},
  publisher={IEEE}
}

@inproceedings{46,
  title={Feudal multi-agent deep reinforcement learning for traffic signal control},
  author={Ma, Jinming and Wu, Feng},
  booktitle={Proceedings of the 19th international conference on autonomous agents and multiagent systems (AAMAS)},
  pages={816--824},
  year={2020}
}

@article{new3,
  title={Leveraging reinforcement learning for dynamic traffic control: A survey and challenges for field implementation},
  author={Han, Yu and Wang, Meng and Leclercq, Ludovic},
  journal={Communications in Transportation Research},
  volume={3},
  pages={100104},
  year={2023},
  publisher={Elsevier}
}

@article{new4,
  title={A deep reinforcement learning-based cooperative approach for multi-intersection traffic signal control},
  author={Haddad, Tarek Amine and Hedjazi, Djalal and Aouag, Sofiane},
  journal={Engineering Applications of Artificial Intelligence},
  volume={114},
  pages={105019},
  year={2022},
  publisher={Elsevier}
}

@article{new5,
  title={Two-layer adaptive signal control framework for large-scale dynamically-congested networks: Combining efficient Max Pressure with Perimeter Control},
  author={Tsitsokas, Dimitrios and Kouvelas, Anastasios and Geroliminis, Nikolas},
  journal={Transportation Research Part C: Emerging Technologies},
  volume={152},
  pages={104128},
  year={2023},
  publisher={Elsevier}
}

@article{new6,
  title={Convergence of Q-learning: A simple proof},
  author={Melo, Francisco S},
  journal={Institute Of Systems and Robotics, Tech. Rep},
  pages={1--4},
  year={2001}
}

@article{new7,
  title={Adaptive Traffic Signal Control for large-scale scenario with Cooperative Group-based Multi-agent reinforcement learning},
  author={Wang, Tong and Cao, Jiahua and Hussain, Azhar},
  journal={Transportation research part C: emerging technologies},
  volume={125},
  pages={103046},
  year={2021},
  publisher={Elsevier}
}


@article{new8,
  title={A multiagent approach to autonomous intersection management},
  author={Dresner, Kurt and Stone, Peter},
  journal={Journal of artificial intelligence research},
  volume={31},
  pages={591--656},
  year={2008}
}

@article{new9,
  title={Learning dynamic and hierarchical traffic spatiotemporal features with transformer},
  author={Yan, Haoyang and Ma, Xiaolei and Pu, Ziyuan},
  journal={IEEE Transactions on Intelligent Transportation Systems},
  volume={23},
  number={11},
  pages={22386--22399},
  year={2021},
  publisher={IEEE}
}


@book{new10,
  title={Smart City: a traffic signal control system for reducing the effects of traffic congestion in urban environments},
  author={Hardy, James},
  year={2019},
  publisher={University of Derby (United Kingdom)}
}