@article{22,
  title={DRLE: Decentralized reinforcement learning at the edge for traffic light control in the IoV},
  author={Zhou, Pengyuan and Chen, Xianfu and Liu, Zhi and Braud, Tristan and Hui, Pan and Kangasharju, Jussi},
  journal={IEEE Transactions on Intelligent Transportation Systems},
  volume={22},
  number={4},
  pages={2262--2273},
  year={2020},
  publisher={IEEE}
}

@article{23,
  title={Attendlight: Universal attention-based reinforcement learning model for traffic signal control},
  author={Oroojlooy, Afshin and Nazari, Mohammadreza and Hajinezhad, Davood and Silva, Jorge},
  journal={Advances in Neural Information Processing Systems},
  volume={33},
  pages={4079--4090},
  year={2020}
}

@article{24,
  title={Cooperative traffic signal control using multi-step return and off-policy asynchronous advantage actor-critic graph algorithm},
  author={Yang, Shantian and Yang, Bo and Wong, Hau-San and Kang, Zhongfeng},
  journal={Knowledge-Based Systems},
  volume={183},
  pages={104855},
  year={2019},
  publisher={Elsevier}
}

@article{25,
  title={Integrated perception and planning in the continuous space: A POMDP approach},
  author={Bai, Haoyu and Hsu, David and Lee, Wee Sun},
  journal={The International Journal of Robotics Research},
  volume={33},
  number={9},
  pages={1288--1302},
  year={2014},
  publisher={SAGE Publications Sage UK: London, England}
}

@article{26,
  title={Network-scale traffic signal control via multiagent reinforcement learning with deep spatiotemporal attentive network},
  author={Huang, Hao and Hu, Zhiqun and Lu, Zhaoming and Wen, Xiangming},
  journal={IEEE transactions on cybernetics},
  volume={53},
  number={1},
  pages={262--274},
  year={2021},
  publisher={IEEE}
}

@article{27,
  title={Coordinated deep reinforcement learners for traffic light control},
  author={Van der Pol, Elise and Oliehoek, Frans A},
  journal={Proceedings of learning, inference and control of multi-agent systems (at NIPS 2016)},
  volume={8},
  pages={21--38},
  year={2016}
}

@article{28,
  title={Cooperative deep reinforcement learning for large-scale traffic grid signal control},
  author={Tan, Tian and Bao, Feng and Deng, Yue and Jin, Alex and Dai, Qionghai and Wang, Jie},
  journal={IEEE transactions on cybernetics},
  volume={50},
  number={6},
  pages={2687--2700},
  year={2019},
  publisher={IEEE}
}

@article{29,
  title={Step by step: A hierarchical framework for multi-hop knowledge graph reasoning with reinforcement learning},
  author={Zhu, Anjie and Ouyang, Deqiang and Liang, Shuang and Shao, Jie},
  journal={Knowledge-Based Systems},
  volume={248},
  pages={108843},
  year={2022},
  publisher={Elsevier}
}

@inproceedings{30,
  title={Large-Scale Traffic Signal Control by a Nash Deep Q-network Approach},
  author={Zhang, Yuli and Wang, Shangbo and Ma, Xiaoguang and Yue, Wenwei and Jiang, Ruiyuan},
  booktitle={2023 IEEE 26th International Conference on Intelligent Transportation Systems (ITSC)},
  pages={4584--4591},
  year={2023},
  organization={IEEE}
}

@article{31,
  title={Large-scale traffic signal control using constrained network partition and adaptive deep reinforcement learning},
  author={Gu, Hankang and Wang, Shangbo and Ma, Xiaoguang and Jia, Dongyao and Mao, Guoqiang and Lim, Eng Gee and Wong, Cheuk Pong Ryan},
  journal={IEEE Transactions on Intelligent Transportation Systems},
  year={2024},
  publisher={IEEE}
}

@phdthesis{32,
  title={Deep multi-agent reinforcement learning},
  author={Foerster, J},
  year={2018},
  school={University of Oxford}
}

@article{33,
  title={Large-scale traffic signal control using a novel multiagent reinforcement learning},
  author={Wang, Xiaoqiang and Ke, Liangjun and Qiao, Zhimin and Chai, Xinghua},
  journal={IEEE transactions on cybernetics},
  volume={51},
  number={1},
  pages={174--187},
  year={2020},
  publisher={IEEE}
}

@book{34,
  title={Phase transitions and critical phenomena},
  author={Stanley, H Eugene},
  volume={7},
  year={1971},
  publisher={Clarendon Press, Oxford}
}

@inproceedings{35,
  title={Hurts to be too early: Benefits and drawbacks of communication in multi-agent learning},
  author={Naghizadeh, Parinaz and Gorlatova, Maria and Lan, Andrew S and Chiang, Mung},
  booktitle={IEEE INFOCOM 2019-IEEE conference on computer communications},
  pages={622--630},
  year={2019},
  organization={IEEE}
}

@inproceedings{36,
  title={Presslight: Learning max pressure control to coordinate traffic signals in arterial network},
  author={Wei, Hua and Chen, Chacha and Zheng, Guanjie and Wu, Kan and Gayah, Vikash and Xu, Kai and Li, Zhenhui},
  booktitle={Proceedings of the 25th ACM SIGKDD international conference on knowledge discovery \& data mining},
  pages={1290--1298},
  year={2019}
}

@article{new7,
  title={Adaptive Traffic Signal Control for large-scale scenario with Cooperative Group-based Multi-agent reinforcement learning},
  author={Wang, Tong and Cao, Jiahua and Hussain, Azhar},
  journal={Transportation research part C: emerging technologies},
  volume={125},
  pages={103046},
  year={2021},
  publisher={Elsevier}
}

@article{new8,
  title={A multiagent approach to autonomous intersection management},
  author={Dresner, Kurt and Stone, Peter},
  journal={Journal of artificial intelligence research},
  volume={31},
  pages={591--656},
  year={2008}
}

@article{new9,
  title={Learning dynamic and hierarchical traffic spatiotemporal features with transformer},
  author={Yan, Haoyang and Ma, Xiaolei and Pu, Ziyuan},
  journal={IEEE Transactions on Intelligent Transportation Systems},
  volume={23},
  number={11},
  pages={22386--22399},
  year={2021},
  publisher={IEEE}
}

