@String(PAMI = {IEEE Trans. Pattern Anal. Mach. Intell.})
@String(IJCV = {Int. J. Comput. Vis.})
@String(CVPR= {IEEE Conf. Comput. Vis. Pattern Recog.})
@String(ICCV= {Int. Conf. Comput. Vis.})
@String(ECCV= {Eur. Conf. Comput. Vis.})
@String(NIPS= {Adv. Neural Inform. Process. Syst.})
@String(ICPR = {Int. Conf. Pattern Recog.})
@String(BMVC= {Brit. Mach. Vis. Conf.})
@String(TOG= {ACM Trans. Graph.})
@String(TIP  = {IEEE Trans. Image Process.})
@String(TVCG  = {IEEE Trans. Vis. Comput. Graph.})
@String(TMM  = {IEEE Trans. Multimedia})
@String(ACMMM= {ACM Int. Conf. Multimedia})
@String(ICME = {Int. Conf. Multimedia and Expo})
@String(ICASSP=	{ICASSP})
@String(ICIP = {IEEE Int. Conf. Image Process.})
@String(ACCV  = {ACCV})
@String(ICLR = {Int. Conf. Learn. Represent.})
@String(IJCAI = {IJCAI})
@String(PR   = {Pattern Recognition})
@String(AAAI = {AAAI})
@String(CVPRW= {IEEE Conf. Comput. Vis. Pattern Recog. Worksh.})
@String(CSVT = {IEEE Trans. Circuit Syst. Video Technol.})

@String(SPL	= {IEEE Sign. Process. Letters})
@String(VR   = {Vis. Res.})
@String(JOV	 = {J. Vis.})
@String(TVC  = {The Vis. Comput.})
@String(JCST  = {J. Comput. Sci. Tech.})
@String(CGF  = {Comput. Graph. Forum})
@String(CVM = {Computational Visual Media})


@String(PAMI  = {IEEE TPAMI})
@String(IJCV  = {IJCV})
@String(CVPR  = {CVPR})
@String(ICCV  = {ICCV})
@String(ECCV  = {ECCV})
@String(NIPS  = {NeurIPS})
@String(ICPR  = {ICPR})
@String(BMVC  =	{BMVC})
@String(TOG   = {ACM TOG})
@String(TIP   = {IEEE TIP})
@String(TVCG  = {IEEE TVCG})
@String(TCSVT = {IEEE TCSVT})
@String(TMM   =	{IEEE TMM})
@String(ACMMM = {ACM MM})
@String(ICME  =	{ICME})
@String(ICASSP=	{ICASSP})
@String(ICIP  = {ICIP})
@String(ACCV  = {ACCV})
@String(ICLR  = {ICLR})
@String(IJCAI = {IJCAI})
@String(PR = {PR})
@String(AAAI = {AAAI})
@String(CVPRW= {CVPRW})
@String(CSVT = {IEEE TCSVT})



@article{bachman2014learning,
  title={Learning with pseudo-ensembles},
  author={Bachman, Philip and Alsharif, Ouais and Precup, Doina},
  journal={Advances in neural information processing systems},
  volume={27},
  year={2014}
}

@inproceedings{chen2023meta,
  title={Meta-causal learning for single domain generalization},
  author={Chen, Jin and Gao, Zhi and Wu, Xinxiao and Luo, Jiebo},
  booktitle={Proceedings of the IEEE/CVF Conference on Computer Vision and Pattern Recognition},
  pages={7683--7692},
  year={2023}
}

@inproceedings{cao2023contrastive,
  title={Contrastive mean teacher for domain adaptive object detectors},
  author={Cao, Shengcao and Joshi, Dhiraj and Gui, Liang-Yan and Wang, Yu-Xiong},
  booktitle={Proceedings of the IEEE/CVF conference on computer vision and pattern recognition},
  pages={23839--23848},
  year={2023}
}


@inproceedings{chen2020harmonizing,
  title={Harmonizing transferability and discriminability for adapting object detectors},
  author={Chen, Chaoqi and Zheng, Zebiao and Ding, Xinghao and Huang, Yue and Dou, Qi},
  booktitle={Proceedings of the IEEE/CVF conference on computer vision and pattern recognition},
  pages={8869--8878},
  year={2020}
}

@inproceedings{cordts2016cityscapes,
  title={The cityscapes dataset for semantic urban scene understanding},
  author={Cordts, Marius and Omran, Mohamed and Ramos, Sebastian and Rehfeld, Timo and Enzweiler, Markus and Benenson, Rodrigo and Franke, Uwe and Roth, Stefan and Schiele, Bernt},
  booktitle={Proceedings of the IEEE conference on computer vision and pattern recognition},
  pages={3213--3223},
  year={2016}
}

@inproceedings{chen2021i3net,
  title={I3net: Implicit instance-invariant network for adapting one-stage object detectors},
  author={Chen, Chaoqi and Zheng, Zebiao and Huang, Yue and Ding, Xinghao and Yu, Yizhou},
  booktitle={Proceedings of the IEEE/CVF conference on computer vision and pattern recognition},
  pages={12576--12585},
  year={2021}
}

@inproceedings{choi2021robustnet,
  title={Robustnet: Improving domain generalization in urban-scene segmentation via instance selective whitening},
  author={Choi, Sungha and Jung, Sanghun and Yun, Huiwon and Kim, Joanne T and Kim, Seungryong and Choo, Jaegul},
  booktitle={Proceedings of the IEEE/CVF conference on computer vision and pattern recognition},
  pages={11580--11590},
  year={2021}
}

@inproceedings{du2020learning,
  title={Learning to learn with variational information bottleneck for domain generalization},
  author={Du, Yingjun and Xu, Jun and Xiong, Huan and Qiu, Qiang and Zhen, Xiantong and Snoek, Cees GM and Shao, Ling},
  booktitle={Computer Vision--ECCV 2020: 16th European Conference, Glasgow, UK, August 23--28, 2020, Proceedings, Part X 16},
  pages={200--216},
  year={2020},
  organization={Springer}
}

@inproceedings{deng2009imagenet,
  title={Imagenet: A large-scale hierarchical image database},
  author={Deng, Jia and Dong, Wei and Socher, Richard and Li, Li-Jia and Li, Kai and Fei-Fei, Li},
  booktitle={2009 IEEE conference on computer vision and pattern recognition},
  pages={248--255},
  year={2009},
  organization={Ieee}
}

@article{dou2019domain,
  title={Domain generalization via model-agnostic learning of semantic features},
  author={Dou, Qi and Coelho de Castro, Daniel and Kamnitsas, Konstantinos and Glocker, Ben},
  journal={Advances in neural information processing systems},
  volume={32},
  year={2019}
}

@inproceedings{deng2021unbiased,
  title={Unbiased mean teacher for cross-domain object detection},
  author={Deng, Jinhong and Li, Wen and Chen, Yuhua and Duan, Lixin},
  booktitle={Proceedings of the IEEE/CVF Conference on Computer Vision and Pattern Recognition},
  pages={4091--4101},
  year={2021}
}

@inproceedings{danish2024improving,
  title={Improving Single Domain-Generalized Object Detection: A Focus on Diversification and Alignment},
  author={Danish, Muhammad Sohail and Khan, Muhammad Haris and Munir, Muhammad Akhtar and Sarfraz, M Saquib and Ali, Mohsen},
  booktitle={Proceedings of the IEEE/CVF Conference on Computer Vision and Pattern Recognition},
  pages={17732--17742},
  year={2024}
}

@inproceedings{he2022cross,
  title={Cross domain object detection by target-perceived dual branch distillation},
  author={He, Mengzhe and Wang, Yali and Wu, Jiaxi and Wang, Yiru and Li, Hanqing and Li, Bo and Gan, Weihao and Wu, Wei and Qiao, Yu},
  booktitle={Proceedings of the IEEE/CVF Conference on Computer Vision and Pattern Recognition},
  pages={9570--9580},
  year={2022}
}

@inproceedings{huang2019iterative,
  title={Iterative normalization: Beyond standardization towards efficient whitening},
  author={Huang, Lei and Zhou, Yi and Zhu, Fan and Liu, Li and Shao, Ling},
  booktitle={Proceedings of the IEEE/CVF conference on computer vision and pattern recognition},
  pages={4874--4883},
  year={2019}
}

@article{hassaballah2020vehicle,
  title={Vehicle detection and tracking in adverse weather using a deep learning framework},
  author={Hassaballah, Mahmoud and Kenk, Mourad A and Muhammad, Khan and Minaee, Shervin},
  journal={IEEE transactions on intelligent transportation systems},
  volume={22},
  number={7},
  pages={4230--4242},
  year={2020},
  publisher={IEEE}
}

@inproceedings{hsu2020every,
  title={Every pixel matters: Center-aware feature alignment for domain adaptive object detector},
  author={Hsu, Cheng-Chun and Tsai, Yi-Hsuan and Lin, Yen-Yu and Yang, Ming-Hsuan},
  booktitle={Computer Vision--ECCV 2020: 16th European Conference, Glasgow, UK, August 23--28, 2020, Proceedings, Part IX 16},
  pages={733--748},
  year={2020},
  organization={Springer}
}

@inproceedings{jing2023order,
  title={Order-preserving consistency regularization for domain adaptation and generalization},
  author={Jing, Mengmeng and Zhen, Xiantong and Li, Jingjing and Snoek, Cees GM},
  booktitle={Proceedings of the IEEE/CVF International Conference on Computer Vision},
  pages={18916--18927},
  year={2023}
}

@article{krishna2023mila,
  title={MILA: memory-based instance-level adaptation for cross-domain object detection},
  author={Krishna, Onkar and Ohashi, Hiroki and Sinha, Saptarshi},
  journal={arXiv preprint arXiv:2309.01086},
  year={2023}
}

@inproceedings{kang2022style,
  title={Style neophile: Constantly seeking novel styles for domain generalization},
  author={Kang, Juwon and Lee, Sohyun and Kim, Namyup and Kwak, Suha},
  booktitle={Proceedings of the IEEE/CVF Conference on Computer Vision and Pattern Recognition},
  pages={7130--7140},
  year={2022}
}

@inproceedings{lee2022wildnet,
  title={Wildnet: Learning domain generalized semantic segmentation from the wild},
  author={Lee, Suhyeon and Seong, Hongje and Lee, Seongwon and Kim, Euntai},
  booktitle={Proceedings of the IEEE/CVF conference on computer vision and pattern recognition},
  pages={9936--9946},
  year={2022}
}

@article{li2023deep,
  title={Deep discriminative causal domain generalization},
  author={Li, Shanshan and Zhao, Qingjie and Zhang, Changchun and Zou, Yuanbing},
  journal={Information Sciences},
  volume={645},
  pages={119335},
  year={2023},
  publisher={Elsevier}
}

@inproceedings{li2018deep,
  title={Deep domain generalization via conditional invariant adversarial networks},
  author={Li, Ya and Tian, Xinmei and Gong, Mingming and Liu, Yajing and Liu, Tongliang and Zhang, Kun and Tao, Dacheng},
  booktitle={Proceedings of the European conference on computer vision (ECCV)},
  pages={624--639},
  year={2018}
}

@inproceedings{lin2021domain,
  title={Domain-invariant disentangled network for generalizable object detection},
  author={Lin, Chuang and Yuan, Zehuan and Zhao, Sicheng and Sun, Peize and Wang, Changhu and Cai, Jianfei},
  booktitle={Proceedings of the IEEE/CVF international conference on computer vision},
  pages={8771--8780},
  year={2021}
}

@article{laine2016temporal,
  title={Temporal ensembling for semi-supervised learning},
  author={Laine, Samuli and Aila, Timo},
  journal={arXiv preprint arXiv:1610.02242},
  year={2016}
}

@inproceedings{liu2024unbiased,
  title={Unbiased Faster R-CNN for Single-source Domain Generalized Object Detection},
  author={Liu, Yajing and Zhou, Shijun and Liu, Xiyao and Hao, Chunhui and Fan, Baojie and Tian, Jiandong},
  booktitle={Proceedings of the IEEE/CVF Conference on Computer Vision and Pattern Recognition},
  pages={28838--28847},
  year={2024}
}

@inproceedings{liu2020towards,
  title={Towards domain generalization in underwater object detection},
  author={Liu, Hong and Song, Pinhao and Ding, Runwei},
  booktitle={2020 IEEE international conference on image processing (ICIP)},
  pages={1971--1975},
  year={2020},
  organization={IEEE}
}

@inproceedings{li2022cross,
  title={Cross-domain adaptive teacher for object detection},
  author={Li, Yu-Jhe and Dai, Xiaoliang and Ma, Chih-Yao and Liu, Yen-Cheng and Chen, Kan and Wu, Bichen and He, Zijian and Kitani, Kris and Vajda, Peter},
  booktitle={Proceedings of the IEEE/CVF Conference on Computer Vision and Pattern Recognition},
  pages={7581--7590},
  year={2022}
}

@inproceedings{li2024prompt,
  title={Prompt-Driven Dynamic Object-Centric Learning for Single Domain Generalization},
  author={Li, Deng and Wu, Aming and Wang, Yaowei and Han, Yahong},
  booktitle={Proceedings of the IEEE/CVF Conference on Computer Vision and Pattern Recognition},
  pages={17606--17615},
  year={2024}
}

@article{oza2023unsupervised,
  title={Unsupervised domain adaptation of object detectors: A survey},
  author={Oza, Poojan and Sindagi, Vishwanath A and Sharmini, Vibashan Vishnukumar and Patel, Vishal M},
  journal={IEEE Transactions on Pattern Analysis and Machine Intelligence},
  year={2023},
  publisher={IEEE}
}

@inproceedings{peng2022semantic,
  title={Semantic-aware domain generalized segmentation},
  author={Peng, Duo and Lei, Yinjie and Hayat, Munawar and Guo, Yulan and Li, Wen},
  booktitle={Proceedings of the IEEE/CVF conference on computer vision and pattern recognition},
  pages={2594--2605},
  year={2022}
}

@inproceedings{pan2018two,
  title={Two at once: Enhancing learning and generalization capacities via ibn-net},
  author={Pan, Xingang and Luo, Ping and Shi, Jianping and Tang, Xiaoou},
  booktitle={Proceedings of the european conference on computer vision (ECCV)},
  pages={464--479},
  year={2018}
}

@inproceedings{pan2019switchable,
  title={Switchable whitening for deep representation learning},
  author={Pan, Xingang and Zhan, Xiaohang and Shi, Jianping and Tang, Xiaoou and Luo, Ping},
  booktitle={Proceedings of the IEEE/CVF international conference on computer vision},
  pages={1863--1871},
  year={2019}
}

@article{ren2016faster,
  title={Faster R-CNN: Towards real-time object detection with region proposal networks},
  author={Ren, Shaoqing and He, Kaiming and Girshick, Ross and Sun, Jian},
  journal={IEEE transactions on pattern analysis and machine intelligence},
  pages={1137--1149},
  year={2016},
  publisher={IEEE}
}

@article{somavarapu2020frustratingly,
  title={Frustratingly simple domain generalization via image stylization},
  author={Somavarapu, Nathan and Ma, Chih-Yao and Kira, Zsolt},
  journal={arXiv preprint arXiv:2006.11207},
  year={2020}
}


@inproceedings{shao2019multi,
  title={Multi-adversarial discriminative deep domain generalization for face presentation attack detection},
  author={Shao, Rui and Lan, Xiangyuan and Li, Jiawei and Yuen, Pong C},
  booktitle={Proceedings of the IEEE/CVF conference on computer vision and pattern recognition},
  pages={10023--10031},
  year={2019}
}

@inproceedings{saito2019strong,
  title={Strong-weak distribution alignment for adaptive object detection},
  author={Saito, Kuniaki and Ushiku, Yoshitaka and Harada, Tatsuya and Saenko, Kate},
  booktitle={Proceedings of the IEEE/CVF conference on computer vision and pattern recognition},
  pages={6956--6965},
  year={2019}
}

@inproceedings{seo2020learning,
  title={Learning to optimize domain specific normalization for domain generalization},
  author={Seo, Seonguk and Suh, Yumin and Kim, Dongwan and Kim, Geeho and Han, Jongwoo and Han, Bohyung},
  booktitle={Computer Vision--ECCV 2020: 16th European Conference, Glasgow, UK, August 23--28, 2020, Proceedings, Part XXII 16},
  pages={68--83},
  year={2020},
  organization={Springer}
}

@inproceedings{torralba2011unbiased,
  title={Unbiased look at dataset bias},
  author={Torralba, Antonio and Efros, Alexei A},
  booktitle={CVPR 2011},
  pages={1521--1528},
  year={2011},
  organization={IEEE}
}

@article{tian2019fcos,
  title={FCOS: Fully convolutional one-stage object detection. arXiv 2019},
  author={Tian, Z and Shen, C and Chen, H and He, T},
  journal={arXiv preprint arXiv:1904.01355},
  year={2019}
}

@inproceedings{wang2021learning,
  title={Learning to diversify for single domain generalization},
  author={Wang, Zijian and Luo, Yadan and Qiu, Ruihong and Huang, Zi and Baktashmotlagh, Mahsa},
  booktitle={Proceedings of the IEEE/CVF International Conference on Computer Vision},
  pages={834--843},
  year={2021}
}

@inproceedings{wu2022single,
  title={Single-domain generalized object detection in urban scene via cyclic-disentangled self-distillation},
  author={Wu, Aming and Deng, Cheng},
  booktitle={Proceedings of the IEEE/CVF Conference on computer vision and pattern recognition},
  pages={847--856},
  year={2022}
}

@inproceedings{wu2024g,
  title={G-NAS: Generalizable Neural Architecture Search for Single Domain Generalization Object Detection},
  author={Wu, Fan and Gao, Jinling and Hong, Lanqing and Wang, Xinbing and Zhou, Chenghu and Ye, Nanyang},
  booktitle={Proceedings of the AAAI Conference on Artificial Intelligence},
  pages={5958--5966},
  year={2024}
}

@inproceedings{wu2021vector,
  title={Vector-decomposed disentanglement for domain-invariant object detection},
  author={Wu, Aming and Liu, Rui and Han, Yahong and Zhu, Linchao and Yang, Yi},
  booktitle={Proceedings of the IEEE/CVF International Conference on Computer Vision},
  pages={9342--9351},
  year={2021}
}

@inproceedings{wang2023improving,
  title={Improving generalization of meta-learning with inverted regularization at inner-level},
  author={Wang, Lianzhe and Zhou, Shiji and Zhang, Shanghang and Chu, Xu and Chang, Heng and Zhu, Wenwu},
  booktitle={Proceedings of the IEEE/CVF Conference on Computer Vision and Pattern Recognition},
  pages={7826--7835},
  year={2023}
}

@inproceedings{yu2020bdd100k,
  title={Bdd100k: A diverse driving dataset for heterogeneous multitask learning},
  author={Yu, Fisher and Chen, Haofeng and Wang, Xin and Xian, Wenqi and Chen, Yingying and Liu, Fangchen and Madhavan, Vashisht and Darrell, Trevor},
  booktitle={Proceedings of the IEEE/CVF conference on computer vision and pattern recognition},
  pages={2636--2645},
  year={2020}
}

@inproceedings{zhang2022towards,
  title={Towards principled disentanglement for domain generalization},
  author={Zhang, Hanlin and Zhang, Yi-Fan and Liu, Weiyang and Weller, Adrian and Sch{\"o}lkopf, Bernhard and Xing, Eric P},
  booktitle={Proceedings of the IEEE/CVF conference on computer vision and pattern recognition},
  pages={8024--8034},
  year={2022}
}

@inproceedings{zhao2021learning,
  title={Learning to generalize unseen domains via memory-based multi-source meta-learning for person re-identification},
  author={Zhao, Yuyang and Zhong, Zhun and Yang, Fengxiang and Luo, Zhiming and Lin, Yaojin and Li, Shaozi and Sebe, Nicu},
  booktitle={Proceedings of the IEEE/CVF conference on computer vision and pattern recognition},
  pages={6277--6286},
  year={2021}
}

@inproceedings{zhao2022task,
  title={Task-specific inconsistency alignment for domain adaptive object detection},
  author={Zhao, Liang and Wang, Limin},
  booktitle={Proceedings of the IEEE/CVF conference on computer vision and pattern recognition},
  pages={14217--14226},
  year={2022}
}

@article{zhou2022domain,
  title={Domain generalization: A survey},
  author={Zhou, Kaiyang and Liu, Ziwei and Qiao, Yu and Xiang, Tao and Loy, Chen Change},
  journal={IEEE Transactions on Pattern Analysis and Machine Intelligence},
  volume={45},
  number={4},
  pages={4396--4415},
  year={2022},
  publisher={IEEE}
}

@article{zhao2020review,
  title={A review of single-source deep unsupervised visual domain adaptation},
  author={Zhao, Sicheng and Yue, Xiangyu and Zhang, Shanghang and Li, Bo and Zhao, Han and Wu, Bichen and Krishna, Ravi and Gonzalez, Joseph E and Sangiovanni-Vincentelli, Alberto L and Seshia, Sanjit A and others},
  journal={IEEE Transactions on Neural Networks and Learning Systems},
  volume={33},
  number={2},
  pages={473--493},
  year={2020},
  publisher={IEEE}
}

@article{ge2021yolox,
  title={Yolox: Exceeding yolo series in 2021},
  author={Ge, Z},
  journal={arXiv preprint arXiv:2107.08430},
  year={2021}
}

@article{wu2021generalized,
  title={Generalized and discriminative few-shot object detection via SVD-dictionary enhancement},
  author={Wu, Aming and Zhao, Suqi and Deng, Cheng and Liu, Wei},
  journal={Advances in Neural Information Processing Systems},
  pages={6353--6364},
  year={2021}
}

@inproceedings{qiao2020learning,
  title={Learning to learn single domain generalization},
  author={Qiao, Fengchun and Zhao, Long and Peng, Xi},
  booktitle={Proceedings of the IEEE/CVF conference on computer vision and pattern recognition},
  pages={12556--12565},
  year={2020}
}

@article{zhao2020maximum,
  title={Maximum-entropy adversarial data augmentation for improved generalization and robustness},
  author={Zhao, Long and Liu, Ting and Peng, Xi and Metaxas, Dimitris},
  journal={Advances in Neural Information Processing Systems},
  volume={33},
  pages={14435--14447},
  year={2020}
}

@article{sajjadi2016regularization,
  title={Regularization with stochastic transformations and perturbations for deep semi-supervised learning},
  author={Sajjadi, Mehdi and Javanmardi, Mehran and Tasdizen, Tolga},
  journal={Advances in neural information processing systems},
  volume={29},
  year={2016}
}

@article{sohn2020fixmatch,
  title={Fixmatch: Simplifying semi-supervised learning with consistency and confidence},
  author={Sohn, Kihyuk and Berthelot, David and Carlini, Nicholas and Zhang, Zizhao and Zhang, Han and Raffel, Colin A and Cubuk, Ekin Dogus and Kurakin, Alexey and Li, Chun-Liang},
  journal={Advances in neural information processing systems},
  volume={33},
  pages={596--608},
  year={2020}
}

@inproceedings{chen2022contrastive,
  title={Contrastive test-time adaptation},
  author={Chen, Dian and Wang, Dequan and Darrell, Trevor and Ebrahimi, Sayna},
  booktitle={Proceedings of the IEEE/CVF Conference on Computer Vision and Pattern Recognition},
  pages={295--305},
  year={2022}
}

@inproceedings{lee2024object,
  title={Object-Aware Domain Generalization for Object Detection},
  author={Lee, Wooju and Hong, Dasol and Lim, Hyungtae and Myung, Hyun},
  booktitle={Proceedings of the AAAI Conference on Artificial Intelligence},
  volume={38},
  number={4},
  pages={2947--2955},
  year={2024}
}

@inproceedings{bi2024learning,
  title={Learning content-enhanced mask transformer for domain generalized urban-scene segmentation},
  author={Bi, Qi and You, Shaodi and Gevers, Theo},
  booktitle={Proceedings of the AAAI Conference on Artificial Intelligence},
  volume={38},
  number={2},
  pages={819--827},
  year={2024}
}

@inproceedings{vidit2023clip,
  title={Clip the gap: A single domain generalization approach for object detection},
  author={Vidit, Vidit and Engilberge, Martin and Salzmann, Mathieu},
  booktitle={Proceedings of the IEEE/CVF conference on computer vision and pattern recognition},
  pages={3219--3229},
  year={2023}
}

@article{chang2024unified,
  title={Unified Domain Generalization and Adaptation for Multi-View 3D Object Detection},
  author={Chang, Gyusam and Lee, Jiwon and Kim, Donghyun and Kim, Jinkyu and Lee, Dongwook and Ji, Daehyun and Jang, Sujin and Kim, Sangpil},
  journal={arXiv preprint arXiv:2410.22461},
  year={2024}
}

@inproceedings{qin2024towards,
  title={Towards Generalizable Multi-Object Tracking},
  author={Qin, Zheng and Wang, Le and Zhou, Sanping and Fu, Panpan and Hua, Gang and Tang, Wei},
  booktitle={Proceedings of the IEEE/CVF Conference on Computer Vision and Pattern Recognition},
  pages={18995--19004},
  year={2024}
}


@inproceedings{danish2024im,
  title={Improving Single Domain-Generalized Object Detection: A Focus on Diversification and Alignment},
  author={Danish},
  year={2024}
}

@inproceedings{liu2024unb,
  title={Unbiased Faster R-CNN for Single-source Domain Generalized Object Detection},
  author={Liu, Yajing},
  year={2024}
}

@inproceedings{wu2024,
  title={G-NAS: Generalizable Neural Architecture Search for Single Domain Generalization Object Detection},
  author={Wu, Fan},
  year={2024}
}

@inproceedings{jing2023o,
  title={Order-preserving consistency regularization for domain adaptation and generalization},
  author={Jing, Mengmeng},
  year={2023}
}