@INPROCEEDINGS{7958598,
  author={Brown, Fraser and Narayan, Shravan and Wahby, Riad S. and Engler, Dawson and Jhala, Ranjit and Stefan, Deian},
  booktitle={2017 IEEE Symposium on Security and Privacy (SP)}, 
  title={Finding and Preventing Bugs in JavaScript Bindings}, 
  year={2017},
  volume={},
  number={},
  pages={559-578},
  doi={10.1109/SP.2017.68}}

@INPROCEEDINGS{9842686,
  author={Sun, Lili and Wu, Chenggang and Wang, Zhe and Kang, Yan and Tang, Bowen},
  booktitle={2022 IEEE 46th Annual Computers, Software, and Applications Conference (COMPSAC)}, 
  title={KOP-Fuzzer: A Key-Operation-based Fuzzer for Type Confusion Bugs in JavaScript Engines}, 
  year={2022},
  volume={},
  number={},
  pages={757-766},
  doi={10.1109/COMPSAC54236.2022.00125}}

@article{Evans2020IsRU,
  title={Is Rust Used Safely by Software Developers?},
  author={Ana Nora Evans and Bradford Campbell and Mary Lou Soffa},
  journal={2020 IEEE/ACM 42nd International Conference on Software Engineering (ICSE)},
  year={2020},
  pages={246-257},
  url={https://api.semanticscholar.org/CorpusID:220302286}
}

@article{Qin2020ReplicationPF,
  title={Replication Package for Article: Understanding Memory and Thread Safety Practices and Issues in Real-World Rust Programs},
  author={Boqin Qin and Yilun Chen and Zeming Yu and Linhai Song and Yiying Zhang},
  journal={Artifact Digital Object Group},
  year={2020},
  url={https://api.semanticscholar.org/CorpusID:215761919}
}

@article{Xu2020MemorySafetyCC,
  title={Memory-Safety Challenge Considered Solved? An In-Depth Study with All Rust CVEs},
  author={Hui Xu and Zhuangbin Chen and Mingshen Sun and Yangfan Zhou and Michael R. Lyu},
  journal={ACM Trans. Softw. Eng. Methodol.},
  year={2020},
  volume={31},
  pages={3:1-3:25},
  url={https://api.semanticscholar.org/CorpusID:222080332}
}

@inproceedings{Yechan2021Rudra,
    author = {Bae, Yechan and Kim, Youngsuk and Askar, Ammar and Lim, Jungwon and Kim, Taesoo},
    title = {Rudra: Finding Memory Safety Bugs in Rust at the Ecosystem Scale},
    year = {2021},
    isbn = {9781450387095},
    publisher = {Association for Computing Machinery},
    address = {New York, NY, USA},
    url = {https://doi.org/10.1145/3477132.3483570},
    doi = {10.1145/3477132.3483570},
    booktitle = {Proceedings of the ACM SIGOPS 28th Symposium on Operating Systems Principles},
    pages = {84–99},
    numpages = {16},
    location = {Virtual Event, Germany},
    series = {SOSP '21}
}

@inproceedings{Zhuohua2021MirChecker,
    author = {Li, Zhuohua and Wang, Jincheng and Sun, Mingshen and Lui, John C.S.},
    title = {MirChecker: Detecting Bugs in Rust Programs via Static Analysis},
    year = {2021},
    isbn = {9781450384544},
    publisher = {Association for Computing Machinery},
    address = {New York, NY, USA},
    url = {https://doi.org/10.1145/3460120.3484541},
    doi = {10.1145/3460120.3484541},
    booktitle = {Proceedings of the 2021 ACM SIGSAC Conference on Computer and Communications Security},
    pages = {2183–2196},
    numpages = {14},
    location = {Virtual Event, Republic of Korea},
    series = {CCS '21}
}

@inproceedings{duck2018effectivesan,
  title={EffectiveSan: type and memory error detection using dynamically typed C/C++},
  author={Duck, Gregory J and Yap, Roland HC},
  booktitle={Proceedings of the 39th ACM SIGPLAN Conference on Programming Language Design and Implementation},
  pages={181--195},
  year={2018}
}

@inproceedings{haller2016typesan,
  title={TypeSan: Practical type confusion detection},
  author={Haller, Istvan and Jeon, Yuseok and Peng, Hui and Payer, Mathias and Giuffrida, Cristiano and Bos, Herbert and Van Der Kouwe, Erik},
  booktitle={Proceedings of the 2016 ACM SIGSAC Conference on Computer and Communications Security},
  pages={517--528},
  year={2016}
}

@inproceedings{jeon2017hextype,
  title={Hextype: Efficient detection of type confusion errors for c++},
  author={Jeon, Yuseok and Biswas, Priyam and Carr, Scott and Lee, Byoungyoung and Payer, Mathias},
  booktitle={Proceedings of the 2017 ACM SIGSAC Conference on Computer and Communications Security},
  pages={2373--2387},
  year={2017}
}

@inproceedings{kirth2022pkru,
  title={PKRU-Safe: Automatically locking down the heap between safe and unsafe languages},
  author={Kirth, Paul and Dickerson, Mitchel and Crane, Stephen and Larsen, Per and Dabrowski, Adrian and Gens, David and Na, Yeoul and Volckaert, Stijn and Franz, Michael},
  booktitle={Proceedings of the Seventeenth European Conference on Computer Systems},
  pages={132--148},
  year={2022}
}

@inproceedings{lee2015type,
  title={Type casting verification: Stopping an emerging attack vector},
  author={Lee, Byoungyoung and Song, Chengyu and Kim, Taesoo and Lee, Wenke},
  booktitle={24th USENIX Security Symposium (USENIX Security 15)},
  pages={81--96},
  year={2015}
}

@inproceedings{mergendahl2022cross,
  title={Cross-Language Attacks.},
  author={Mergendahl, Samuel and Burow, Nathan and Okhravi, Hamed},
  booktitle={NDSS},
  year={2022}
}

@article{papaevripides2021exploiting,
  title={Exploiting mixed binaries},
  author={Papaevripides, Michalis and Athanasopoulos, Elias},
  journal={ACM Transactions on Privacy and Security (TOPS)},
  volume={24},
  number={2},
  pages={1--29},
  year={2021},
  publisher={ACM New York, NY, USA}
}

@inproceedings{pradel2015typedevil,
  title={TypeDevil: Dynamic type inconsistency analysis for JavaScript},
  author={Pradel, Michael and Schuh, Parker and Sen, Koushik},
  booktitle={2015 IEEE/ACM 37th IEEE International Conference on Software Engineering},
  volume={1},
  pages={314--324},
  year={2015},
  organization={IEEE}
}

@inproceedings{rivera2021keeping,
  title={Keeping safe rust safe with galeed},
  author={Rivera, Elijah and Mergendahl, Samuel and Shrobe, Howard and Okhravi, Hamed and Burow, Nathan},
  booktitle={Proceedings of the 37th Annual Computer Security Applications Conference},
  pages={824--836},
  year={2021}
}

@inproceedings{zhang2022towards,
  title={Towards understanding the runtime performance of rust},
  author={Zhang, Yuchen and Zhang, Yunhang and Portokalidis, Georgios and Xu, Jun},
  booktitle={Proceedings of the 37th IEEE/ACM International Conference on Automated Software Engineering},
  pages={1--6},
  year={2022}
}

