@article{adkins2023important,
  title={How important are detailed hand motions for communication for a virtual character through the lens of charades?},
  author={Adkins, Alex and Normoyle, Aline and Lin, Lorraine and Sun, Yu and Ye, Yuting and Di Luca, Massimiliano and Joerg, Sophie},
  journal={ACM Transactions on Graphics},
  volume={42},
  number={3},
  pages={1--16},
  year={2023},
  publisher={ACM New York, NY}
}

@inproceedings{alsebayel2024articumotion,
  title={ArticuMotion: Towards Assessing Motor Speech Disorders via Gamification},
  author={Alsebayel, Ghada and Nasri, Mahsa and Myers, Caleb P and Troiano, Giovanni M and Hatamimajoumerd, Elaheh and Ostadabbas, Sarah and Allison, Kristen and Harteveld, Casper},
  booktitle={Proceedings of the 23rd Annual ACM Interaction Design and Children Conference},
  pages={232--247},
  year={2024}
}

@article{chan2020emotion,
    author = {Chan, Jacky C. P. and Ho, Edmond S. L.},
    title = {Emotion Transfer for 3D Hand and Full Body Motion Using StarGAN},
    journal = {Computers},
    volume = {10},
    year = {2021},
    number = {3},
    article-number = {38}
}

@article{chen2015effect,
  title={Effect of a home-based virtual reality intervention for children with cerebral palsy using Super Pop VR evaluation metrics: a feasibility study},
  author={Chen, Yuping and Garcia-Vergara, Sergio and Howard, Ayanna M},
  journal={Rehabilitation research and practice},
  volume={2015},
  number={1},
  pages={812348},
  year={2015},
  publisher={Wiley Online Library}
}

@article{coias2022low,
  title={A low-cost virtual coach for 2D video-based compensation assessment of upper extremity rehabilitation exercises},
  author={C{\'o}ias, Ana Rita and Lee, Min Hun and Bernardino, Alexandre},
  journal={Journal of NeuroEngineering and Rehabilitation},
  volume={19},
  number={1},
  pages={83},
  year={2022},
  publisher={Springer}
}

@article{de2012development,
  title={Development of temporal and spatial bimanual coordination during childhood},
  author={de Boer, Betteco J and Peper, C Lieke E and Beek, Peter J},
  journal={Motor control},
  volume={16},
  number={4},
  pages={537--559},
  year={2012},
  publisher={Human Kinetics, Inc.}
}

@inproceedings{dong2020adult2child,
  title={Adult2child: Motion style transfer using cyclegans},
  author={Dong, Yuzhu and Aristidou, Andreas and Shamir, Ariel and Mahler, Moshe and Jain, Eakta},
  booktitle={Proceedings of the 13th ACM SIGGRAPH Conference on Motion, Interaction and Games},
  pages={1--11},
  year={2020}
}

@inproceedings{ferstl2021human,
  title={Human or Robot? Investigating voice, appearance and gesture motion realism of conversational social agents},
  author={Ferstl, Ylva and Thomas, Sean and Guiard, C{\'e}dric and Ennis, Cathy and McDonnell, Rachel},
  booktitle={Proceedings of the 21st ACM international conference on intelligent virtual agents},
  pages={76--83},
  year={2021}
}

@article{gasser2010development,
  title={Development of motor speed and associated movements from 5 to 18 years},
  author={Gasser, Theo and Rousson, Valentin and Caflisch, Jon and Jenni, Oskar G},
  journal={Developmental medicine \& child neurology},
  volume={52},
  number={3},
  pages={256--263},
  year={2010},
  publisher={Wiley Online Library}
}

@inproceedings{hetherington2015believability,
  title={The believability of hyper realistic characters in animated movies},
  author={Hetherington, Richard},
  booktitle={Proceedings of the Mulitimedia, Interaction, Design and Innnovation},
  pages={1--9},
  year={2015}
}

@article{jain2016motion,
  title={Is the Motion of a Child Perceivably Different from the Motion of an Adult?},
  author={Jain, Eakta and Anthony, Lisa and Aloba, Aishat and Castonguay, Amanda and Cuba, Isabella and Shaw, Alex and Woodward, Julia},
  journal={ACM Transactions on Applied Perception (TAP)},
  volume={13},
  number={4},
  pages={1--17},
  year={2016},
  publisher={ACM New York, NY, USA}
}

@article{lan2023use,
  title={Use of virtual reality in burn rehabilitation: a systematic review and Meta-analysis},
  author={Lan, Xiaodong and Tan, Ziming and Zhou, Tao and Huang, Zhenjia and Huang, Zhiyong and Wang, Chao and Chen, Zhenwei and Ma, Yan and Kang, Tao and Gu, Yan and others},
  journal={Archives of physical medicine and rehabilitation},
  volume={104},
  number={3},
  pages={502--513},
  year={2023},
  publisher={Elsevier}
}

@article{lantero2009factors,
  title={Factors influencing children's performances of a steady-state bimanual coordination task},
  author={Lantero, Dawn A and Ringenbach, Shannon D Robertson},
  journal={Research quarterly for exercise and sport},
  volume={80},
  number={2},
  pages={205--212},
  year={2009},
  publisher={Taylor \& Francis}
}

@article{nemanich2025age,
  title={Age-Related Development of Bilateral Coordination of the Upper Limbs in Children and Adolescents},
  author={Nemanich, Samuel and Schindler-Ivens, Sheila},
  journal={Journal of Motor Behavior},
  volume={57},
  number={1},
  pages={12--20},
  year={2025},
  publisher={Taylor \& Francis}
}

@article{proencca2018serious,
  title={Serious games for upper limb rehabilitation: a systematic review},
  author={Proen{\c{c}}a, Jo{\~a}o Pedro and Quaresma, Cl{\'a}udia and Vieira, Pedro},
  journal={Disability and Rehabilitation: Assistive Technology},
  volume={13},
  number={1},
  pages={95--100},
  year={2018},
  publisher={Taylor \& Francis}
}

@inproceedings{remizova2023exploring,
  title={Exploring Mid-air Gestural Interfaces for Children with ADHD},
  author={Remizova, Vera and Sand, Antti and {\v{S}}pakov, Oleg and Lylykangas, Jani and Qin, Moshi and Helminen, Terhi and Takio, Fiia and Rantanen, Kati and Kylli{\"a}inen, Anneli and Surakka, Veikko and others},
  booktitle={Proceedings of the 16th ACM SIGGRAPH Conference on Motion, Interaction and Games},
  pages={1--10},
  year={2023}
}

@article{rudisch2018developmental,
  title={Developmental characteristics of disparate bimanual movement skills in typically developing children},
  author={Rudisch, Julian and Butler, Jenny and Izadi, Hooshang and Birtles, Deirdre and Green, Dido},
  journal={Journal of motor behavior},
  volume={50},
  number={1},
  pages={8--16},
  year={2018},
  publisher={Taylor \& Francis}
}

@article{schneiberg2002development,
  title={The development of coordination for reach-to-grasp movements in children},
  author={Schneiberg, Sheila and Sveistrup, Heidi and McFadyen, Bradford and McKinley, Patricia and Levin, Mindy F},
  journal={Experimental Brain Research},
  volume={146},
  pages={142--154},
  year={2002},
  publisher={Springer}
}

@inproceedings{sprenger2019capturing,
  title={Capturing subtle motion differences of pedestrian street crossings},
  author={Sprenger, Janis and Kilger, Helena and M{\"u}ller, Christian and Slusallek, Philipp and Malone, Sarah},
  booktitle={Proceedings of the 32nd International Conference on Computer Animation and Social Agents},
  pages={29--32},
  year={2019}
}

@article{yin2021discovering,
  title={Discovering diverse athletic jumping strategies},
  author={Yin, Zhiqi and Yang, Zeshi and Van De Panne, Michiel and Yin, KangKang},
  journal={ACM Transactions on Graphics (TOG)},
  volume={40},
  number={4},
  pages={1--17},
  year={2021},
  publisher={ACM New York, NY, USA}
}

