@article{survey,
  title={A survey on automated fact-checking},
  author={Guo, Zhijiang and Schlichtkrull, Michael and Vlachos, Andreas},
  journal={Transactions of the Association for Computational Linguistics},
  volume={10},
  pages={178--206},
  year={2022},
  publisher={MIT Press One Rogers Street, Cambridge, MA 02142-1209, USA journals-info~â€¦}
}

@inproceedings{gear,
  title={GEAR: Graph-based Evidence Aggregating and Reasoning for Fact Verification},
  author={Zhou, Jie and Han, Xu and Yang, Cheng and Liu, Zhiyuan and Wang, Lifeng and Li, Changcheng and Sun, Maosong},
  booktitle={Proceedings of the 57th Annual Meeting of the Association for Computational Linguistics},
  pages={892--901},
  year={2019}
}

@inproceedings{kgat,
  title={Fine-grained Fact Verification with Kernel Graph Attention Network},
  author={Liu, Zhenghao and Xiong, Chenyan and Sun, Maosong and Liu, Zhiyuan},
  booktitle={Proceedings of the 58th Annual Meeting of the Association for Computational Linguistics},
  pages={7342--7351},
  year={2020}
}

@inproceedings{transformer_xh,
  title={Transformer-xh: Multi-evidence reasoning with extra hop attention},
  author={Zhao, Chen and Xiong, Chenyan and Rosset, Corby and Song, Xia and Bennett, Paul and Tiwary, Saurabh},
  booktitle={International Conference on Learning Representations},
  year={2020}
}

@inproceedings{multivers,
  title={MultiVerS: Improving scientific claim verification with weak supervision and full-document context},
  author={Wadden, David and Lo, Kyle and Wang, Lucy Lu and Cohan, Arman and Beltagy, Iz and Hajishirzi, Hannaneh},
  booktitle={Findings of the Association for Computational Linguistics: NAACL 2022},
  pages={61--76},
  year={2022}
}

@inproceedings{hesm,
  title={Hierarchical Evidence Set Modeling for Automated Fact Extraction and Verification},
  author={Subramanian, Shyam and Lee, Kyumin},
  booktitle={Proceedings of the 2020 Conference on Empirical Methods in Natural Language Processing (EMNLP)},
  pages={7798--7809},
  year={2020}
}

@inproceedings{protoco,
  title={Prompt to be Consistent is Better than Self-Consistent? Few-Shot and Zero-Shot Fact Verification with Pre-trained Language Models},
  author={Zeng, Fengzhu and Gao, Wei},
  booktitle={Findings of the Association for Computational Linguistics: ACL 2023},
  pages={4555--4569},
  year={2023}
}

@inproceedings{soft_prompting,
  title={The Power of Scale for Parameter-Efficient Prompt Tuning},
  author={Lester, Brian and Al-Rfou, Rami and Constant, Noah},
  booktitle={Proceedings of the 2021 Conference on Empirical Methods in Natural Language Processing},
  pages={3045--3059},
  year={2021}
}

@article{p_tuning,
  title={GPT understands, too},
  author={Liu, Xiao and Zheng, Yanan and Du, Zhengxiao and Ding, Ming and Qian, Yujie and Yang, Zhilin and Tang, Jie},
  journal={AI Open},
  year={2023},
  publisher={Elsevier}
}

@inproceedings{itr,
  title={Implicit Temporal Reasoning for Evidence-Based Fact-Checking},
  author={Allein, Liesbeth and Saelens, Marlon and Cartuyvels, Ruben and Moens, Marie Francine},
  booktitle={Findings of the Association for Computational Linguistics: EACL 2023},
  pages={176--189},
  year={2023}
}

@article{time_aware_evidence_ranking,
  title={Time-aware evidence ranking for fact-checking},
  author={Allein, Liesbeth and Augenstein, Isabelle and Moens, Marie-Francine},
  journal={Journal of Web Semantics},
  volume={71},
  pages={100663},
  year={2021},
  publisher={Elsevier}
}

@article{coop,
  title={Learning to prompt for vision-language models},
  author={Zhou, Kaiyang and Yang, Jingkang and Loy, Chen Change and Liu, Ziwei},
  journal={International Journal of Computer Vision},
  volume={130},
  number={9},
  pages={2337--2348},
  year={2022},
  publisher={Springer}
}

@inproceedings{nli,
  title={Naturalli: Natural logic inference for common sense reasoning},
  author={Angeli, Gabor and Manning, Christopher D},
  booktitle={Proceedings of the 2014 conference on empirical methods in natural language processing (EMNLP)},
  pages={534--545},
  year={2014}
}

@inproceedings{causalwalk,
  title={Causal Walk: Debiasing Multi-Hop Fact Verification with Front-Door Adjustment},
  author={Zhang, Congzhi and Zhang, Linhai and Zhou, Deyu},
  booktitle={Proceedings of the AAAI Conference on Artificial Intelligence},
  volume={38},
  number={17},
  pages={19533--19541},
  year={2024}
}

@inproceedings{dream,
  title={Reasoning Over Semantic-Level Graph for Fact Checking},
  author={Zhong, Wanjun and Xu, Jingjing and Tang, Duyu and Xu, Zenan and Duan, Nan and Zhou, Ming and Wang, Jiahai and Yin, Jian},
  booktitle={Proceedings of the 58th Annual Meeting of the Association for Computational Linguistics},
  pages={6170--6180},
  year={2020}
}

@inproceedings{htne,
  title={Embedding temporal network via neighborhood formation},
  author={Zuo, Yuan and Liu, Guannan and Lin, Hao and Guo, Jia and Hu, Xiaoqian and Wu, Junjie},
  booktitle={Proceedings of the 24th ACM SIGKDD international conference on knowledge discovery \& data mining},
  pages={2857--2866},
  year={2018}
}

@inproceedings{tgat,
title={Inductive representation learning on temporal graphs},
author={da Xu and chuanwei ruan and evren korpeoglu and sushant kumar and kannan achan},
booktitle={International Conference on Learning Representations},
year={2020}
}

@article{transformer,
  title={Attention is all you need},
  author={Vaswani, Ashish and Shazeer, Noam and Parmar, Niki and Uszkoreit, Jakob and Jones, Llion and Gomez, Aidan N and Kaiser, {\L}ukasz and Polosukhin, Illia},
  journal={Advances in neural information processing systems},
  volume={30},
  year={2017}
}

@inproceedings{bert,
  title={BERT: Pre-training of Deep Bidirectional Transformers for Language Understanding},
  author={Devlin, Jacob and Chang, Ming-Wei and Lee, Kenton and Toutanova, Kristina},
  booktitle={Proceedings of the 2019 Conference of the North American Chapter of the Association for Computational Linguistics: Human Language Technologies},
  pages={4171--4186},
  year={2019}
}

@article{graphsage,
  title={Inductive representation learning on large graphs},
  author={Hamilton, Will and Ying, Zhitao and Leskovec, Jure},
  journal={Advances in neural information processing systems},
  volume={30},
  year={2017}
}

@inproceedings{gat,
  title={Graph Attention Networks},
  author={Veli{\v{c}}kovi{\'c}, Petar and Cucurull, Guillem and Casanova, Arantxa and Romero, Adriana and Li{\`o}, Pietro and Bengio, Yoshua},
  booktitle={International Conference on Learning Representations},
  year={2018}
}

@inproceedings{sagp,
  title={Exploring faithful rationale for multi-hop fact verification via salience-aware graph learning},
  author={Si, Jiasheng and Zhu, Yingjie and Zhou, Deyu},
  booktitle={Proceedings of the AAAI Conference on Artificial Intelligence},
  volume={37},
  number={11},
  pages={13573--13581},
  year={2023}
}

@inproceedings{decker,
  title={Decker: Double Check with Heterogeneous Knowledge for Commonsense Fact Verification},
  author={Zou, Anni and Zhang, Zhuosheng and Zhao, Hai},
  booktitle={Findings of the Association for Computational Linguistics: ACL 2023},
  pages={11891--11904},
  year={2023}
}

@inproceedings{arsjoint,
  title={Abstract, Rationale, Stance: A Joint Model for Scientific Claim Verification},
  author={Zhang, Zhiwei and Li, Jiyi and Fukumoto, Fumiyo and Ye, Yanming},
  booktitle={Proceedings of the 2021 Conference on Empirical Methods in Natural Language Processing},
  pages={3580--3586},
  year={2021}
}

@inproceedings{paragraphjoint,
  title={A Paragraph-level Multi-task Learning Model for Scientific Fact-Verification.},
  author={Li, Xiangci and Peng, Nanyun},
  year={2021}
}

@article{gpt4,
  title={Gpt-4 technical report},
  author={Achiam, Josh and Adler, Steven and Agarwal, Sandhini and Ahmad, Lama and Akkaya, Ilge and Aleman, Florencia Leoni and Almeida, Diogo and Altenschmidt, Janko and Altman, Sam and Anadkat, Shyamal and others},
  journal={arXiv preprint arXiv:2303.08774},
  year={2023}
}

@article{t5,
  title={Exploring the limits of transfer learning with a unified text-to-text transformer},
  author={Raffel, Colin and Shazeer, Noam and Roberts, Adam and Lee, Katherine and Narang, Sharan and Matena, Michael and Zhou, Yanqi and Li, Wei and Liu, Peter J},
  journal={Journal of machine learning research},
  volume={21},
  number={140},
  pages={1--67},
  year={2020}
}

@inproceedings{programfc,
  title={Fact-Checking Complex Claims with Program-Guided Reasoning},
  author={Pan, Liangming and Wu, Xiaobao and Lu, Xinyuan and Luu, Anh Tuan and Wang, William Yang and Kan, Min-Yen and Nakov, Preslav},
  booktitle={Proceedings of the 61st Annual Meeting of the Association for Computational Linguistics (ACL)},
  pages={6981--7004},
  year={2023}
}

@inproceedings{varifocal,
  title={Varifocal Question Generation for Fact-checking},
  author={Ousidhoum, Nedjma and Yuan, Zhangdie and Vlachos, Andreas},
  booktitle={Proceedings of the 2022 Conference on Empirical Methods in Natural Language Processing},
  pages={2532--2544},
  year={2022}
}

@inproceedings{g2p2,
  title={Augmenting low-resource text classification with graph-grounded pre-training and prompting},
  author={Wen, Zhihao and Fang, Yuan},
  booktitle={Proceedings of the 46th International ACM SIGIR Conference on Research and Development in Information Retrieval},
  pages={506--516},
  year={2023}
}

@article{prompting,
  title={Language models are few-shot learners},
  author={Brown, Tom and Mann, Benjamin and Ryder, Nick and Subbiah, Melanie and Kaplan, Jared D and Dhariwal, Prafulla and Neelakantan, Arvind and Shyam, Pranav and Sastry, Girish and Askell, Amanda and others},
  journal={Advances in neural information processing systems},
  volume={33},
  pages={1877--1901},
  year={2020}
}

@inproceedings{discrete_prompting,
  title={Making Pre-trained Language Models Better Few-shot Learners},
  author={Gao, Tianyu and Fisch, Adam and Chen, Danqi},
  booktitle={Proceedings of the 59th Annual Meeting of the Association for Computational Linguistics and the 11th International Joint Conference on Natural Language Processing},
  pages={3816--3830},
  year={2021}
}

@inproceedings{discrete_prompting2,
  title={AutoPrompt: Eliciting Knowledge from Language Models with Automatically Generated Prompts},
  author={Shin, Taylor and Razeghi, Yasaman and Logan IV, Robert L and Wallace, Eric and Singh, Sameer},
  booktitle={Proceedings of the 2020 Conference on Empirical Methods in Natural Language Processing (EMNLP)},
  pages={4222--4235},
  year={2020}
}

@inproceedings{p_tuning_v2,
  title={P-Tuning: Prompt Tuning Can Be Comparable to Fine-tuning Across Scales and Tasks},
  author={Liu, Xiao and Ji, Kaixuan and Fu, Yicheng and Tam, Weng and Du, Zhengxiao and Yang, Zhilin and Tang, Jie},
  booktitle={Proceedings of the 60th Annual Meeting of the Association for Computational Linguistics},
  pages={61--68},
  year={2022}
}

@inproceedings{prefix_tuning,
  title={Prefix-Tuning: Optimizing Continuous Prompts for Generation},
  author={Li, Xiang Lisa and Liang, Percy},
  booktitle={Proceedings of the 59th Annual Meeting of the Association for Computational Linguistics and the 11th International Joint Conference on Natural Language Processing},
  pages={4582--4597},
  year={2021}
}

@inproceedings{text_classification,
  title={Knowledgeable Prompt-tuning: Incorporating Knowledge into Prompt Verbalizer for Text Classification},
  author={Hu, Shengding and Ding, Ning and Wang, Huadong and Liu, Zhiyuan and Wang, Jingang and Li, Juanzi and Wu, Wei and Sun, Maosong},
  booktitle={Proceedings of the 60th Annual Meeting of the Association for Computational Linguistics},
  pages={2225--2240},
  year={2022}
}

@inproceedings{machine_translation,
  title={MSP: Multi-Stage Prompting for Making Pre-trained Language Models Better Translators},
  author={Tan, Zhixing and Zhang, Xiangwen and Wang, Shuo and Liu, Yang},
  booktitle={Proceedings of the 60th Annual Meeting of the Association for Computational Linguistics},
  pages={6131--6142},
  year={2022}
}

@inproceedings{cocoop,
  title={Conditional prompt learning for vision-language models},
  author={Zhou, Kaiyang and Yang, Jingkang and Loy, Chen Change and Liu, Ziwei},
  booktitle={Proceedings of the IEEE/CVF conference on computer vision and pattern recognition},
  pages={16816--16825},
  year={2022}
}

@article{hawkes_process,
	title={The Neural Hawkes Process: A Neurally Self-Modulating Multivariate Point Process},
	author={Mei, Hongyuan and Eisner, Jason M},
	journal={Advances in Neural Information Processing Systems},
	volume={30},
	year={2017}
}

@inproceedings{graphformers,
 author = {Yang, Junhan and Liu, Zheng and Xiao, Shitao and Li, Chaozhuo and Lian, Defu and Agrawal, Sanjay and Singh, Amit and Sun, Guangzhong and Xie, Xing},
 booktitle = {Advances in Neural Information Processing Systems},
 pages = {28798--28810},
 publisher = {Curran Associates, Inc.},
 title = {GraphFormers: GNN-nested Transformers for Representation Learning on Textual Graph},
 volume = {34},
 year = {2021}
}

@inproceedings{bear_fact,
  title={What Makes Medical Claims (Un) Verifiable? Analyzing Entity and Relation Properties for Fact Verification},
  author={Wuehrl, Amelie and Resendiz, Yarik Menchaca and Grimminger, Lara and Klinger, Roman},
  booktitle={Proceedings of the 18th Conference of the European Chapter of the Association for Computational Linguistics},
  pages={2046--2058},
  year={2024}
}

@inproceedings{check_covid,
  title={Check-COVID: Fact-Checking COVID-19 News Claims with Scientific Evidence},
  author={Wang, Gengyu and Harwood, Kate and Chillrud, Lawrence and Ananthram, Amith and Subbiah, Melanie and Mckeown, Kathleen},
  booktitle={Findings of the Association for Computational Linguistics: ACL 2023},
  pages={14114--14127},
  year={2023}
}

@inproceedings{scifact,
  title={Fact or Fiction: Verifying Scientific Claims},
  author={Wadden, David and Lin, Shanchuan and Lo, Kyle and Wang, Lucy Lu and van Zuylen, Madeleine and Cohan, Arman and Hajishirzi, Hannaneh},
  booktitle={Proceedings of the 2020 Conference on Empirical Methods in Natural Language Processing (EMNLP)},
  pages={7534--7550},
  year={2020}
}

@inproceedings{feverous,
    author = {Aly, Rami and Guo, Zhijiang and Schlichtkrull, Michael Sejr and Thorne, James and Vlachos, Andreas and Christodoulopoulos, Christos and Cocarascu, Oana and Mittal, Arpit},
    title = {{FEVEROUS}: Fact Extraction and {VERification} Over Unstructured and Structured information},
    booktitle={Thirty-fifth Conference on Neural Information Processing Systems Datasets and Benchmarks Track},
    year={2021}
}

@inproceedings{s2orc,
  title={S2ORC: The Semantic Scholar Open Research Corpus},
  author={Lo, Kyle and Wang, Lucy Lu and Neumann, Mark and Kinney, Rodney and Weld, Daniel S},
  booktitle={Proceedings of the 58th Annual Meeting of the Association for Computational Linguistics},
  pages={4969--4983},
  year={2020}
}

@inproceedings{gpt2_ppl,
  title={Towards Few-shot Fact-Checking via Perplexity},
  author={Lee, Nayeon and Bang, Yejin and Madotto, Andrea and Fung, Pascale},
  booktitle={Proceedings of the 2021 Conference of the North American Chapter of the Association for Computational Linguistics: Human Language Technologies},
  pages={1971--1981},
  year={2021}
}

@article{pubmedbert,
  title={Domain-specific language model pretraining for biomedical natural language processing},
  author={Gu, Yu and Tinn, Robert and Cheng, Hao and Lucas, Michael and Usuyama, Naoto and Liu, Xiaodong and Naumann, Tristan and Gao, Jianfeng and Poon, Hoifung},
  journal={ACM Transactions on Computing for Healthcare (HEALTH)},
  volume={3},
  number={1},
  pages={1--23},
  year={2021},
  publisher={ACM New York, NY}
}

@article{bm25,
  title={The probabilistic relevance framework: BM25 and beyond},
  author={Robertson, Stephen and Zaragoza, Hugo and others},
  journal={Foundations and Trends{\textregistered} in Information Retrieval},
  volume={3},
  number={4},
  pages={333--389},
  year={2009},
  publisher={Now Publishers, Inc.}
}

@article{justilm,
  title={JustiLM: Few-shot Justification Generation for Explainable Fact-Checking of Real-world Claims},
  author={Zeng, Fengzhu and Gao, Wei},
  journal={Transactions of the Association for Computational Linguistics},
  volume={12},
  pages={334--354},
  year={2024},
  publisher={MIT Press One Broadway, 12th Floor, Cambridge, Massachusetts 02142, USA~â€¦}
}

@inproceedings{fake_news_detection,
  title={Compare to the knowledge: Graph neural fake news detection with external knowledge},
  author={Hu, Linmei and Yang, Tianchi and Zhang, Luhao and Zhong, Wanjun and Tang, Duyu and Shi, Chuan and Duan, Nan and Zhou, Ming},
  booktitle={Proceedings of the 59th Annual Meeting of the Association for Computational Linguistics and the 11th International Joint Conference on Natural Language Processing},
  pages={754--763},
  year={2021}
}

@inproceedings{fake_news_detection2,
  title={Evaluation of fake news detection with knowledge-enhanced language models},
  author={Whitehouse, Chenxi and Weyde, Tillman and Madhyastha, Pranava and Komninos, Nikos},
  booktitle={Proceedings of the international AAAI conference on web and social media},
  volume={16},
  pages={1425--1429},
  year={2022}
}

@inproceedings{rarg,
  title={Evidence-Driven Retrieval Augmented Response Generation for Online Misinformation},
  author={Yue, Zhenrui and Zeng, Huimin and Lu, Yimeng and Shang, Lanyu and Zhang, Yang and Wang, Dong},
  booktitle={Proceedings of the 2024 Conference of the North American Chapter of the Association for Computational Linguistics: Human Language Technologies},
  pages={5628--5643},
  year={2024}
}

@inproceedings{tag_survey,
  title={Text-attributed graph representation learning: Methods, applications, and challenges},
  author={Zhang, Delvin Ce and Yang, Menglin and Ying, Rex and Lauw, Hady W},
  booktitle={Companion Proceedings of the ACM on Web Conference 2024},
  pages={1298--1301},
  year={2024}
}

@inproceedings{adjacent_encoder,
  title={Topic modeling on document networks with adjacent-encoder},
  author={Zhang, Ce and Lauw, Hady W},
  booktitle={Proceedings of the AAAI Conference on Artificial Intelligence},
  volume={34},
  number={04},
  pages={6737--6745},
  year={2020}
}

@inproceedings{netdtm,
  title={Dynamic topic models for temporal document networks},
  author={Zhang, Delvin Ce and Lauw, Hady},
  booktitle={International Conference on Machine Learning},
  pages={26281--26292},
  year={2022},
  organization={PMLR}
}

@inproceedings{hgtm,
  title={Hyperbolic graph topic modeling network with continuously updated topic tree},
  author={Zhang, Delvin Ce and Ying, Rex and Lauw, Hady W},
  booktitle={Proceedings of the 29th ACM SIGKDD Conference on Knowledge Discovery and Data Mining},
  pages={3206--3216},
  year={2023}
}

@article{dbn,
  title={Topic Modeling on Document Networks with Dirichlet Optimal Transport Barycenter},
  author={Zhang, Delvin Ce and Lauw, Hady W},
  journal={IEEE Transactions on Knowledge and Data Engineering},
  year={2023},
  publisher={IEEE}
}

@inproceedings{dbn2,
  title={Topic modeling on document networks with Dirichlet Optimal Transport Barycenter (Extended Abstract).(2024)},
  author={ZHANG, Ce and LAUW, Hady Wirawan},
  booktitle={Proceedings of the 40th IEEE International Conference on Data Engineering (ICDE 2024): Utrecht, Netherlands, May},
  pages={13--17}
}

@inproceedings{semivn,
  title={Semi-supervised semantic visualization for networked documents},
  author={Zhang, Delvin Ce and Lauw, Hady W},
  booktitle={Machine Learning and Knowledge Discovery in Databases. Research Track: European Conference, ECML PKDD 2021, Bilbao, Spain, September 13--17, 2021, Proceedings, Part III 21},
  pages={762--778},
  year={2021},
  organization={Springer}
}

@inproceedings{glem,
  title={Learning on Large-scale Text-attributed Graphs via Variational Inference},
  author={Zhao, Jianan and Qu, Meng and Li, Chaozhuo and Yan, Hao and Liu, Qian and Li, Rui and Xie, Xing and Tang, Jian},
  booktitle={The Eleventh International Conference on Learning Representations}
}

@inproceedings{patton,
  title={Patton: Language Model Pretraining on Text-Rich Networks},
  author={Jin, Bowen and Zhang, Wentao and Zhang, Yu and Meng, Yu and Zhang, Xinyang and Zhu, Qi and Han, Jiawei},
  booktitle={The 61st Annual Meeting Of The Association For Computational Linguistics},
  year={2023}
}


@inproceedings{hypformer,
  title={Hypformer: Exploring efficient transformer fully in hyperbolic space},
  author={Yang, Menglin and Verma, Harshit and Zhang, Delvin Ce and Liu, Jiahong and King, Irwin and Ying, Rex},
  booktitle={Proceedings of the 30th ACM SIGKDD Conference on Knowledge Discovery and Data Mining},
  pages={3770--3781},
  year={2024}
}