@inproceedings{adjacent_encoder,
  title={Topic modeling on document networks with adjacent-encoder},
  author={Zhang, Ce and Lauw, Hady W},
  booktitle={Proceedings of the AAAI Conference on Artificial Intelligence},
  volume={34},
  number={04},
  pages={6737--6745},
  year={2020}
}

@inproceedings{arsjoint,
  title={Abstract, Rationale, Stance: A Joint Model for Scientific Claim Verification},
  author={Zhang, Zhiwei and Li, Jiyi and Fukumoto, Fumiyo and Ye, Yanming},
  booktitle={Proceedings of the 2021 Conference on Empirical Methods in Natural Language Processing},
  pages={3580--3586},
  year={2021}
}

@inproceedings{bert,
  title={BERT: Pre-training of Deep Bidirectional Transformers for Language Understanding},
  author={Devlin, Jacob and Chang, Ming-Wei and Lee, Kenton and Toutanova, Kristina},
  booktitle={Proceedings of the 2019 Conference of the North American Chapter of the Association for Computational Linguistics: Human Language Technologies},
  pages={4171--4186},
  year={2019}
}

@inproceedings{causalwalk,
  title={Causal Walk: Debiasing Multi-Hop Fact Verification with Front-Door Adjustment},
  author={Zhang, Congzhi and Zhang, Linhai and Zhou, Deyu},
  booktitle={Proceedings of the AAAI Conference on Artificial Intelligence},
  volume={38},
  number={17},
  pages={19533--19541},
  year={2024}
}

@inproceedings{cocoop,
  title={Conditional prompt learning for vision-language models},
  author={Zhou, Kaiyang and Yang, Jingkang and Loy, Chen Change and Liu, Ziwei},
  booktitle={Proceedings of the IEEE/CVF conference on computer vision and pattern recognition},
  pages={16816--16825},
  year={2022}
}

@article{coop,
  title={Learning to prompt for vision-language models},
  author={Zhou, Kaiyang and Yang, Jingkang and Loy, Chen Change and Liu, Ziwei},
  journal={International Journal of Computer Vision},
  volume={130},
  number={9},
  pages={2337--2348},
  year={2022},
  publisher={Springer}
}

@article{dbn,
  title={Topic Modeling on Document Networks with Dirichlet Optimal Transport Barycenter},
  author={Zhang, Delvin Ce and Lauw, Hady W},
  journal={IEEE Transactions on Knowledge and Data Engineering},
  year={2023},
  publisher={IEEE}
}

@inproceedings{decker,
  title={Decker: Double Check with Heterogeneous Knowledge for Commonsense Fact Verification},
  author={Zou, Anni and Zhang, Zhuosheng and Zhao, Hai},
  booktitle={Findings of the Association for Computational Linguistics: ACL 2023},
  pages={11891--11904},
  year={2023}
}

@inproceedings{discrete_prompting,
  title={Making Pre-trained Language Models Better Few-shot Learners},
  author={Gao, Tianyu and Fisch, Adam and Chen, Danqi},
  booktitle={Proceedings of the 59th Annual Meeting of the Association for Computational Linguistics and the 11th International Joint Conference on Natural Language Processing},
  pages={3816--3830},
  year={2021}
}

@inproceedings{discrete_prompting2,
  title={AutoPrompt: Eliciting Knowledge from Language Models with Automatically Generated Prompts},
  author={Shin, Taylor and Razeghi, Yasaman and Logan IV, Robert L and Wallace, Eric and Singh, Sameer},
  booktitle={Proceedings of the 2020 Conference on Empirical Methods in Natural Language Processing (EMNLP)},
  pages={4222--4235},
  year={2020}
}

@inproceedings{dream,
  title={Reasoning Over Semantic-Level Graph for Fact Checking},
  author={Zhong, Wanjun and Xu, Jingjing and Tang, Duyu and Xu, Zenan and Duan, Nan and Zhou, Ming and Wang, Jiahai and Yin, Jian},
  booktitle={Proceedings of the 58th Annual Meeting of the Association for Computational Linguistics},
  pages={6170--6180},
  year={2020}
}

@inproceedings{fake_news_detection,
  title={Compare to the knowledge: Graph neural fake news detection with external knowledge},
  author={Hu, Linmei and Yang, Tianchi and Zhang, Luhao and Zhong, Wanjun and Tang, Duyu and Shi, Chuan and Duan, Nan and Zhou, Ming},
  booktitle={Proceedings of the 59th Annual Meeting of the Association for Computational Linguistics and the 11th International Joint Conference on Natural Language Processing},
  pages={754--763},
  year={2021}
}

@inproceedings{fake_news_detection2,
  title={Evaluation of fake news detection with knowledge-enhanced language models},
  author={Whitehouse, Chenxi and Weyde, Tillman and Madhyastha, Pranava and Komninos, Nikos},
  booktitle={Proceedings of the international AAAI conference on web and social media},
  volume={16},
  pages={1425--1429},
  year={2022}
}

@inproceedings{gear,
  title={GEAR: Graph-based Evidence Aggregating and Reasoning for Fact Verification},
  author={Zhou, Jie and Han, Xu and Yang, Cheng and Liu, Zhiyuan and Wang, Lifeng and Li, Changcheng and Sun, Maosong},
  booktitle={Proceedings of the 57th Annual Meeting of the Association for Computational Linguistics},
  pages={892--901},
  year={2019}
}

@article{gpt4,
  title={Gpt-4 technical report},
  author={Achiam, Josh and Adler, Steven and Agarwal, Sandhini and Ahmad, Lama and Akkaya, Ilge and Aleman, Florencia Leoni and Almeida, Diogo and Altenschmidt, Janko and Altman, Sam and Anadkat, Shyamal and others},
  journal={arXiv preprint arXiv:2303.08774},
  year={2023}
}

@inproceedings{graphformers,
 author = {Yang, Junhan and Liu, Zheng and Xiao, Shitao and Li, Chaozhuo and Lian, Defu and Agrawal, Sanjay and Singh, Amit and Sun, Guangzhong and Xie, Xing},
 booktitle = {Advances in Neural Information Processing Systems},
 pages = {28798--28810},
 publisher = {Curran Associates, Inc.},
 title = {GraphFormers: GNN-nested Transformers for Representation Learning on Textual Graph},
 volume = {34},
 year = {2021}
}

@article{graphsage,
  title={Inductive representation learning on large graphs},
  author={Hamilton, Will and Ying, Zhitao and Leskovec, Jure},
  journal={Advances in neural information processing systems},
  volume={30},
  year={2017}
}

@inproceedings{hesm,
  title={Hierarchical Evidence Set Modeling for Automated Fact Extraction and Verification},
  author={Subramanian, Shyam and Lee, Kyumin},
  booktitle={Proceedings of the 2020 Conference on Empirical Methods in Natural Language Processing (EMNLP)},
  pages={7798--7809},
  year={2020}
}

@inproceedings{hgtm,
  title={Hyperbolic graph topic modeling network with continuously updated topic tree},
  author={Zhang, Delvin Ce and Ying, Rex and Lauw, Hady W},
  booktitle={Proceedings of the 29th ACM SIGKDD Conference on Knowledge Discovery and Data Mining},
  pages={3206--3216},
  year={2023}
}

@inproceedings{hypformer,
  title={Hypformer: Exploring efficient transformer fully in hyperbolic space},
  author={Yang, Menglin and Verma, Harshit and Zhang, Delvin Ce and Liu, Jiahong and King, Irwin and Ying, Rex},
  booktitle={Proceedings of the 30th ACM SIGKDD Conference on Knowledge Discovery and Data Mining},
  pages={3770--3781},
  year={2024}
}

@article{justilm,
  title={JustiLM: Few-shot Justification Generation for Explainable Fact-Checking of Real-world Claims},
  author={Zeng, Fengzhu and Gao, Wei},
  journal={Transactions of the Association for Computational Linguistics},
  volume={12},
  pages={334--354},
  year={2024},
  publisher={MIT Press One Broadway, 12th Floor, Cambridge, Massachusetts 02142, USA~â€¦}
}

@inproceedings{kgat,
  title={Fine-grained Fact Verification with Kernel Graph Attention Network},
  author={Liu, Zhenghao and Xiong, Chenyan and Sun, Maosong and Liu, Zhiyuan},
  booktitle={Proceedings of the 58th Annual Meeting of the Association for Computational Linguistics},
  pages={7342--7351},
  year={2020}
}

@inproceedings{machine_translation,
  title={MSP: Multi-Stage Prompting for Making Pre-trained Language Models Better Translators},
  author={Tan, Zhixing and Zhang, Xiangwen and Wang, Shuo and Liu, Yang},
  booktitle={Proceedings of the 60th Annual Meeting of the Association for Computational Linguistics},
  pages={6131--6142},
  year={2022}
}

@inproceedings{multivers,
  title={MultiVerS: Improving scientific claim verification with weak supervision and full-document context},
  author={Wadden, David and Lo, Kyle and Wang, Lucy Lu and Cohan, Arman and Beltagy, Iz and Hajishirzi, Hannaneh},
  booktitle={Findings of the Association for Computational Linguistics: NAACL 2022},
  pages={61--76},
  year={2022}
}

@article{p_tuning,
  title={GPT understands, too},
  author={Liu, Xiao and Zheng, Yanan and Du, Zhengxiao and Ding, Ming and Qian, Yujie and Yang, Zhilin and Tang, Jie},
  journal={AI Open},
  year={2023},
  publisher={Elsevier}
}

@inproceedings{p_tuning_v2,
  title={P-Tuning: Prompt Tuning Can Be Comparable to Fine-tuning Across Scales and Tasks},
  author={Liu, Xiao and Ji, Kaixuan and Fu, Yicheng and Tam, Weng and Du, Zhengxiao and Yang, Zhilin and Tang, Jie},
  booktitle={Proceedings of the 60th Annual Meeting of the Association for Computational Linguistics},
  pages={61--68},
  year={2022}
}

@inproceedings{paragraphjoint,
  title={A Paragraph-level Multi-task Learning Model for Scientific Fact-Verification.},
  author={Li, Xiangci and Peng, Nanyun},
  year={2021}
}

@inproceedings{patton,
  title={Patton: Language Model Pretraining on Text-Rich Networks},
  author={Jin, Bowen and Zhang, Wentao and Zhang, Yu and Meng, Yu and Zhang, Xinyang and Zhu, Qi and Han, Jiawei},
  booktitle={The 61st Annual Meeting Of The Association For Computational Linguistics},
  year={2023}
}

@inproceedings{prefix_tuning,
  title={Prefix-Tuning: Optimizing Continuous Prompts for Generation},
  author={Li, Xiang Lisa and Liang, Percy},
  booktitle={Proceedings of the 59th Annual Meeting of the Association for Computational Linguistics and the 11th International Joint Conference on Natural Language Processing},
  pages={4582--4597},
  year={2021}
}

@inproceedings{programfc,
  title={Fact-Checking Complex Claims with Program-Guided Reasoning},
  author={Pan, Liangming and Wu, Xiaobao and Lu, Xinyuan and Luu, Anh Tuan and Wang, William Yang and Kan, Min-Yen and Nakov, Preslav},
  booktitle={Proceedings of the 61st Annual Meeting of the Association for Computational Linguistics (ACL)},
  pages={6981--7004},
  year={2023}
}

@article{prompting,
  title={Language models are few-shot learners},
  author={Brown, Tom and Mann, Benjamin and Ryder, Nick and Subbiah, Melanie and Kaplan, Jared D and Dhariwal, Prafulla and Neelakantan, Arvind and Shyam, Pranav and Sastry, Girish and Askell, Amanda and others},
  journal={Advances in neural information processing systems},
  volume={33},
  pages={1877--1901},
  year={2020}
}

@inproceedings{protoco,
  title={Prompt to be Consistent is Better than Self-Consistent? Few-Shot and Zero-Shot Fact Verification with Pre-trained Language Models},
  author={Zeng, Fengzhu and Gao, Wei},
  booktitle={Findings of the Association for Computational Linguistics: ACL 2023},
  pages={4555--4569},
  year={2023}
}

@inproceedings{sagp,
  title={Exploring faithful rationale for multi-hop fact verification via salience-aware graph learning},
  author={Si, Jiasheng and Zhu, Yingjie and Zhou, Deyu},
  booktitle={Proceedings of the AAAI Conference on Artificial Intelligence},
  volume={37},
  number={11},
  pages={13573--13581},
  year={2023}
}

@inproceedings{semivn,
  title={Semi-supervised semantic visualization for networked documents},
  author={Zhang, Delvin Ce and Lauw, Hady W},
  booktitle={Machine Learning and Knowledge Discovery in Databases. Research Track: European Conference, ECML PKDD 2021, Bilbao, Spain, September 13--17, 2021, Proceedings, Part III 21},
  pages={762--778},
  year={2021},
  organization={Springer}
}

@inproceedings{soft_prompting,
  title={The Power of Scale for Parameter-Efficient Prompt Tuning},
  author={Lester, Brian and Al-Rfou, Rami and Constant, Noah},
  booktitle={Proceedings of the 2021 Conference on Empirical Methods in Natural Language Processing},
  pages={3045--3059},
  year={2021}
}

@article{t5,
  title={Exploring the limits of transfer learning with a unified text-to-text transformer},
  author={Raffel, Colin and Shazeer, Noam and Roberts, Adam and Lee, Katherine and Narang, Sharan and Matena, Michael and Zhou, Yanqi and Li, Wei and Liu, Peter J},
  journal={Journal of machine learning research},
  volume={21},
  number={140},
  pages={1--67},
  year={2020}
}

@inproceedings{tag_survey,
  title={Text-attributed graph representation learning: Methods, applications, and challenges},
  author={Zhang, Delvin Ce and Yang, Menglin and Ying, Rex and Lauw, Hady W},
  booktitle={Companion Proceedings of the ACM on Web Conference 2024},
  pages={1298--1301},
  year={2024}
}

@article{transformer,
  title={Attention is all you need},
  author={Vaswani, Ashish and Shazeer, Noam and Parmar, Niki and Uszkoreit, Jakob and Jones, Llion and Gomez, Aidan N and Kaiser, {\L}ukasz and Polosukhin, Illia},
  journal={Advances in neural information processing systems},
  volume={30},
  year={2017}
}

@inproceedings{transformer_xh,
  title={Transformer-xh: Multi-evidence reasoning with extra hop attention},
  author={Zhao, Chen and Xiong, Chenyan and Rosset, Corby and Song, Xia and Bennett, Paul and Tiwary, Saurabh},
  booktitle={International Conference on Learning Representations},
  year={2020}
}

@inproceedings{varifocal,
  title={Varifocal Question Generation for Fact-checking},
  author={Ousidhoum, Nedjma and Yuan, Zhangdie and Vlachos, Andreas},
  booktitle={Proceedings of the 2022 Conference on Empirical Methods in Natural Language Processing},
  pages={2532--2544},
  year={2022}
}

