@article{ashutosh2024video,
  title={Video-mined task graphs for keystep recognition in instructional videos},
  author={Ashutosh, Kumar and Ramakrishnan, Santhosh Kumar and Afouras, Triantafyllos and Grauman, Kristen},
  journal={Advances in Neural Information Processing Systems},
  volume={36},
  year={2024}
}

@inproceedings{bansal2022my,
  title={My view is the best view: Procedure learning from egocentric videos},
  author={Bansal, Siddhant and Arora, Chetan and Jawahar, CV},
  booktitle={European Conference on Computer Vision},
  pages={657--675},
  year={2022},
  organization={Springer}
}

@INPROCEEDINGS{bansal2024united,
  author={Bansal, Siddhant and Arora, Chetan and Jawahar, C.V.},
  booktitle={2024 IEEE/CVF Winter Conference on Applications of Computer Vision (WACV)}, 
  title={United We Stand, Divided We Fall: UnityGraph for Unsupervised Procedure Learning from Videos}, 
  year={2024},
  volume={},
  number={},
  pages={6495-6505},
  keywords={Computer vision;Computational modeling;Clustering algorithms;Benchmark testing;Task analysis;Videos;Algorithms;Video recognition and understanding;Algorithms;Machine learning architectures;formulations;and algorithms},
  doi={10.1109/WACV57701.2024.00638}}

@article{ding2023every,
  title={Every Mistake Counts in Assembly},
  author={Ding, Guodong and Sener, Fadime and Ma, Shugao and Yao, Angela},
  journal={arXiv preprint arXiv:2307.16453},
  year={2023}
}

@inproceedings{donatelli2021aligning,
  title={Aligning actions across recipe graphs},
  author={Donatelli, Lucia and Schmidt, Theresa and Biswas, Debanjali and K{\"o}hn, Arne and Zhai, Fangzhou and Koller, Alexander},
  booktitle={Proceedings of the 2021 conference on empirical methods in natural language processing},
  pages={6930--6942},
  year={2021}
}

@inproceedings{dvornik2022graph2vid,
  title={Graph2vid: Flow graph to video grounding for weakly-supervised multi-step localization},
  author={Dvornik, Nikita and Hadji, Isma and Pham, Hai and Bhatt, Dhaivat and Martinez, Brais and Fazly, Afsaneh and Jepson, Allan D},
  booktitle={Proceedings of the European Conference on Computer Vision (ECCV)},
  year={2022}
}

@inproceedings{dvornik2023stepformer,
  title={Stepformer: Self-supervised step discovery and localization in instructional videos},
  author={Dvornik, Nikita and Hadji, Isma and Zhang, Ran and Derpanis, Konstantinos G and Wildes, Richard P and Jepson, Allan D},
  booktitle={Proceedings of the IEEE/CVF Conference on Computer Vision and Pattern Recognition},
  pages={18952--18961},
  year={2023}
}

@inproceedings{elhamifar2020self,
  title={Self-supervised multi-task procedure learning from instructional videos},
  author={Elhamifar, Ehsan and Huynh, Dat},
  booktitle={Computer Vision--ECCV 2020: 16th European Conference, Glasgow, UK, August 23--28, 2020, Proceedings, Part XVII 16},
  pages={557--573},
  year={2020},
  organization={Springer}
}

@inproceedings{flaborea2024prego,
  title={PREGO: online mistake detection in PRocedural EGOcentric videos},
  author={Flaborea, Alessandro and di Melendugno, Guido Maria D'Amely and Plini, Leonardo and Scofano, Luca and De Matteis, Edoardo and Furnari, Antonino and Farinella, Giovanni Maria and Galasso, Fabio},
  booktitle={Proceedings of the IEEE/CVF Conference on Computer Vision and Pattern Recognition},
  pages={18483--18492},
  year={2024}
}

@inproceedings{ghoddoosian2023weakly,
  title={Weakly-Supervised Action Segmentation and Unseen Error Detection in Anomalous Instructional Videos},
  author={Ghoddoosian, Reza and Dwivedi, Isht and Agarwal, Nakul and Dariush, Behzad},
  booktitle={Proceedings of the IEEE/CVF International Conference on Computer Vision},
  pages={10128--10138},
  year={2023}
}

@inproceedings{grauman2023ego,
  title={Ego-exo4d: Understanding skilled human activity from first-and third-person perspectives},
  author={Grauman, Kristen and Westbury, Andrew and Torresani, Lorenzo and Kitani, Kris and Malik, Jitendra and Afouras, Triantafyllos and Ashutosh, Kumar and Baiyya, Vijay and Bansal, Siddhant and Boote, Bikram and others},
  booktitle={Proceedings of the IEEE/CVF Conference on Computer Vision and Pattern Recognition},
  pages={19383--19400},
  year={2024}
}

@inproceedings{hazra2023egotv,
  title={Egotv: Egocentric task verification from natural language task descriptions},
  author={Hazra, Rishi and Chen, Brian and Rai, Akshara and Kamra, Nitin and Desai, Ruta},
  booktitle={Proceedings of the IEEE/CVF International Conference on Computer Vision},
  pages={15417--15429},
  year={2023}
}

@inproceedings{jang2019epic,
  title={Epic-tent: An egocentric video dataset for camping tent assembly},
  author={Jang, Youngkyoon and Sullivan, Brian and Ludwig, Casimir and Gilchrist, Iain and Damen, Dima and Mayol-Cuevas, Walterio},
  booktitle={Proceedings of the IEEE/CVF International Conference on Computer Vision Workshops},
  pages={0--0},
  year={2019}
}

@article{jang2023multimodal,
  title={Multimodal subtask graph generation from instructional videos},
  author={Jang, Yunseok and Sohn, Sungryull and Logeswaran, Lajanugen and Luo, Tiange and Lee, Moontae and Lee, Honglak},
  journal={arXiv preprint arXiv:2302.08672},
  year={2023}
}

@inproceedings{kiddon2015mise,
  title={Mise en place: Unsupervised interpretation of instructional recipes},
  author={Kiddon, Chlo{\'e} and Ponnuraj, Ganesa Thandavam and Zettlemoyer, Luke and Choi, Yejin},
  booktitle={Proceedings of the 2015 Conference on Empirical Methods in Natural Language Processing},
  pages={982--992},
  year={2015}
}

@inproceedings{lu2022set,
  title={Set-supervised action learning in procedural task videos via pairwise order consistency},
  author={Lu, Zijia and Elhamifar, Ehsan},
  booktitle={Proceedings of the IEEE/CVF Conference on Computer Vision and Pattern Recognition},
  pages={19903--19913},
  year={2022}
}

@inproceedings{miech2020end,
  title={End-to-end learning of visual representations from uncurated instructional videos},
  author={Miech, Antoine and Alayrac, Jean-Baptiste and Smaira, Lucas and Laptev, Ivan and Sivic, Josef and Zisserman, Andrew},
  booktitle={Proceedings of the IEEE/CVF conference on computer vision and pattern recognition},
  pages={9879--9889},
  year={2020}
}

@inproceedings{nagasinghe2024not,
  title={Why Not Use Your Textbook? Knowledge-Enhanced Procedure Planning of Instructional Videos},
  author={Nagasinghe, Kumaranage Ravindu Yasas and Zhou, Honglu and Gunawardhana, Malitha and Min, Martin Renqiang and Harari, Daniel and Khan, Muhammad Haris},
  booktitle={Proceedings of the IEEE/CVF Conference on Computer Vision and Pattern Recognition},
  pages={18816--18826},
  year={2024}
}

@article{narasimhan2023learning,
  title={Learning and verification of task structure in instructional videos},
  author={Narasimhan, Medhini and Yu, Licheng and Bell, Sean and Zhang, Ning and Darrell, Trevor},
  journal={arXiv preprint arXiv:2303.13519},
  year={2023}
}

@inproceedings{sakaguchi2021proscript,
    title = "pro{S}cript: Partially Ordered Scripts Generation",
    author = "Sakaguchi, Keisuke  and
      Bhagavatula, Chandra  and
      Le Bras, Ronan  and
      Tandon, Niket  and
      Clark, Peter  and
      Choi, Yejin",
    editor = "Moens, Marie-Francine  and
      Huang, Xuanjing  and
      Specia, Lucia  and
      Yih, Scott Wen-tau",
    booktitle = "Findings of the Association for Computational Linguistics: EMNLP 2021",
    month = nov,
    year = "2021",
    address = "Punta Cana, Dominican Republic",
    publisher = "Association for Computational Linguistics",
    url = "https://aclanthology.org/2021.findings-emnlp.184",
    doi = "10.18653/v1/2021.findings-emnlp.184",
    pages = "2138--2149",
}

@inproceedings{schumacher2012extraction,
  title={Extraction of procedural knowledge from the web: A comparison of two workflow extraction approaches},
  author={Schumacher, Pol and Minor, Mirjam and Walter, Kirstin and Bergmann, Ralph},
  booktitle={Proceedings of the 21st International Conference on World Wide Web},
  pages={739--747},
  year={2012}
}

@inproceedings{sener2022assembly101,
  title={Assembly101: A large-scale multi-view video dataset for understanding procedural activities},
  author={Sener, Fadime and Chatterjee, Dibyadip and Shelepov, Daniel and He, Kun and Singhania, Dipika and Wang, Robert and Yao, Angela},
  booktitle={Proceedings of the IEEE/CVF Conference on Computer Vision and Pattern Recognition},
  pages={21096--21106},
  year={2022}
}

@inproceedings{shen2024progress,
  title={Progress-aware online action segmentation for egocentric procedural task videos},
  author={Shen, Yuhan and Elhamifar, Ehsan},
  booktitle={Proceedings of the IEEE/CVF Conference on Computer Vision and Pattern Recognition},
  pages={18186--18197},
  year={2024}
}

@book{skiena1998algorithm,
  title={The algorithm design manual},
  author={Skiena, Steven S},
  volume={2},
  year={1998},
  publisher={Springer},
  comment={page 468}
}

@article{sohn2020meta,
  title={Meta reinforcement learning with autonomous inference of subtask dependencies},
  author={Sohn, Sungryull and Woo, Hyunjae and Choi, Jongwook and Lee, Honglak},
  journal={arXiv preprint arXiv:2001.00248},
  year={2020}
}

@inproceedings{wang2023holoassist,
  title={Holoassist: an egocentric human interaction dataset for interactive ai assistants in the real world},
  author={Wang, Xin and Kwon, Taein and Rad, Mahdi and Pan, Bowen and Chakraborty, Ishani and Andrist, Sean and Bohus, Dan and Feniello, Ashley and Tekin, Bugra and Frujeri, Felipe Vieira and others},
  booktitle={Proceedings of the IEEE/CVF International Conference on Computer Vision},
  pages={20270--20281},
  year={2023}
}

@inproceedings{yamakata2020english,
  title={English recipe flow graph corpus},
  author={Yamakata, Yoko and Mori, Shinsuke and Carroll, John A},
  booktitle={Proceedings of the Twelfth Language Resources and Evaluation Conference},
  pages={5187--5194},
  year={2020}
}

@inproceedings{zhong2023learning,
  title={Learning procedure-aware video representation from instructional videos and their narrations},
  author={Zhong, Yiwu and Yu, Licheng and Bai, Yang and Li, Shangwen and Yan, Xueting and Li, Yin},
  booktitle={Proceedings of the IEEE/CVF Conference on Computer Vision and Pattern Recognition},
  pages={14825--14835},
  year={2023}
}

@inproceedings{zhou2018towards,
  title={Towards automatic learning of procedures from web instructional videos},
  author={Zhou, Luowei and Xu, Chenliang and Corso, Jason},
  booktitle={Proceedings of the AAAI Conference on Artificial Intelligence},
  volume={32},
  number={1},
  year={2018}
}

@inproceedings{zhou2023procedure,
  title={Procedure-aware pretraining for instructional video understanding},
  author={Zhou, Honglu and Mart{\'\i}n-Mart{\'\i}n, Roberto and Kapadia, Mubbasir and Savarese, Silvio and Niebles, Juan Carlos},
  booktitle={Proceedings of the IEEE/CVF Conference on Computer Vision and Pattern Recognition},
  pages={10727--10738},
  year={2023}
}

@inproceedings{zhukov2019cross,
  title={Cross-task weakly supervised learning from instructional videos},
  author={Zhukov, Dimitri and Alayrac, Jean-Baptiste and Cinbis, Ramazan Gokberk and Fouhey, David and Laptev, Ivan and Sivic, Josef},
  booktitle={Proceedings of the IEEE/CVF Conference on Computer Vision and Pattern Recognition},
  pages={3537--3545},
  year={2019}
}

