@inproceedings{CIKM22Liang,
  author       = {Yuxuan Liang and
                  Kun Ouyang and
                  Yiwei Wang and
                  Xu Liu and
                  Hongyang Chen and
                  Junbo Zhang and
                  Yu Zheng and
                  Roger Zimmermann},
  editor       = {Mohammad Al Hasan and
                  Li Xiong},
  title        = {TrajFormer: Efficient Trajectory Classification with Transformers},
  booktitle    = {Proceedings of the 31st {ACM} International Conference on Information
                  {\&} Knowledge Management, Atlanta, GA, USA, October 17-21, 2022},
  pages        = {1229--1237},
  publisher    = {{ACM}},
  year         = {2022},
  address =      "USA",
}

@article{CoRR24Esser,
  author       = {Patrick Esser and Sumith Kulal and Andreas Blattmann and Rahim Entezari and
                  Jonas M{\"{u}}ller and Harry Saini and Yam Levi and Dominik Lorenz and
                  Axel Sauer and Frederic Boesel and Dustin Podell and Tim Dockhorn and
                  Zion English and Kyle Lacey and Alex Goodwin and Yannik Marek and Robin Rombach},
  title        = {Scaling Rectified Flow Transformers for High-Resolution Image Synthesis},
  journal      = {CoRR},
  volume       = {abs/2403.03206},
  year         = {2024},
  address =      "",
}

@article{CoRR24Ho,
  author       = {Jonathan Ho and Tim Salimans},
  title        = {Classifier-Free Diffusion Guidance},
  journal      = {CoRR},
  volume       = {abs/2207.12598},
  year         = {2022},
  url          = {https://doi.org/10.48550/arXiv.2207.12598},
  doi          = {10.48550/ARXIV.2207.12598},
  address =      "",
}

@inproceedings{ICCV23Peebles,
  author       = {William Peebles and Saining Xie},
  title        = {Scalable Diffusion Models with Transformers},
  booktitle    = {{IEEE/CVF} International Conference on Computer Vision, {ICCV} 2023,
                  Paris, France, October 1-6, 2023},
  pages        = {4172--4182},
  publisher    = {{IEEE}},
  year         = {2023}, 
  address =      "France",
}

@inproceedings{ICLR21Song,
  author       = {Jiaming Song and Chenlin Meng and Stefano Ermon},
  title        = {Denoising Diffusion Implicit Models},
  booktitle    = {9th International Conference on Learning Representations, {ICLR} 2021,
                  Virtual Event, Austria, May 3-7, 2021},
  publisher    = {OpenReview.net},
  year         = {2021},
  address =      "Austria",
}

@inproceedings{ICLR23Lipman,
  author       = {Yaron Lipman and Ricky T. Q. Chen and Heli Ben{-}Hamu and Maximilian Nickel and Matthew Le},
  title        = {Flow Matching for Generative Modeling},
  booktitle    = {The Eleventh International Conference on Learning Representations,
                  {ICLR} 2023, Kigali, Rwanda, May 1-5, 2023},
  publisher    = {OpenReview.net},
  year         = {2023},
  address =      "Rwanda",
}

@inproceedings{ICLR23Liu,
  author       = {Xingchao Liu and Chengyue Gong and Qiang Liu},
  title        = {Flow Straight and Fast: Learning to Generate and Transfer Data with Rectified Flow},
  booktitle    = {The Eleventh International Conference on Learning Representations,
                  {ICLR} 2023, Kigali, Rwanda, May 1-5, 2023},
  publisher    = {OpenReview.net},
  year         = {2023},
  address =      "Rwanda",
}

@inproceedings{ICLR24Shi,
  author       = {Dingyuan Shi and
                  Yongxin Tong and
                  Zimu Zhou and
                  Ke Xu and
                  Zheng Wang and
                  Jieping Ye},
  title        = {Graph-constrained diffusion for End-to-End Path Planning},
  booktitle    = {The Twelfth International Conference on Learning Representations,
                  {ICLR} 2024, Vienna, Austria, May 7-11, 2024},
  publisher    = {OpenReview.net},
  year         = {2024},
    address = "Austria"
}

@inproceedings{ICML15Dickstein,
  author       = {Jascha Sohl{-}Dickstein and Eric A. Weiss and Niru Maheswaranathan and Surya Ganguli},
  title        = {Deep Unsupervised Learning using Nonequilibrium Thermodynamics},
  booktitle    = {Proceedings of the 32nd International Conference on Machine Learning,
                  {ICML} 2015, Lille, France, 6-11 July 2015},
  series       = {{JMLR} Workshop and Conference Proceedings},
  volume       = {37},
  pages        = {2256--2265},
  publisher    = {JMLR.org},
  year         = {2015},
  address =      "France",
}

@inproceedings{IJCAI17Wu,
  author    = {Hao Wu and
               Ziyang Chen and
               Weiwei Sun and
               Baihua Zheng and
               Wei Wang},
  editor    = {Carles Sierra},
  title     = {Modeling Trajectories with Recurrent Neural Networks},
  booktitle = {Proceedings of the Twenty-Sixth International Joint Conference on
               Artificial Intelligence, {IJCAI} 2017, Melbourne, Australia, August
               19-25, 2017},
  pages     = {3083--3090},
  publisher = {ijcai.org},
  year      = {2017},
  address =      "Australia",
}

@inproceedings{KDD21Fu,
  author       = {Tao{-}Yang Fu and Wang{-}Chien Lee},
  title        = {ProgRPGAN: Progressive {GAN} for Route Planning},
  booktitle    = {{KDD} '21: The 27th {ACM} {SIGKDD} Conference on Knowledge Discovery and Data Mining, Virtual Event, Singapore, August 14-18, 2021},
  pages        = {393--403},
  publisher    = {{ACM}},
  year         = {2021},
  address =      "Singapore",
}

@inproceedings{NeurIPS20Ho,
  author       = {Jonathan Ho and Ajay Jain and Pieter Abbeel},
  title        = {Denoising Diffusion Probabilistic Models},
  booktitle    = {Advances in Neural Information Processing Systems 33: Annual Conference on Neural Information Processing Systems 2020, NeurIPS 2020, December  12, 2020, virtual},
  year         = {2020},
  address =      "Virtual",
  publisher   = "neurips.cc", 
}

@inproceedings{NeurIPS21Austin,
  author       = {Jacob Austin and Daniel D. Johnson and Jonathan Ho and Daniel Tarlow and Rianne van den Berg},
  title        = {Structured Denoising Diffusion Models in Discrete State-Spaces},
  booktitle    = {Advances in Neural Information Processing Systems 34: Annual Conference
                  on Neural Information Processing Systems 2021, NeurIPS 2021, December
                  6-14, 2021, virtual},
  pages        = {17981--17993},
  year         = {2021},
  address =      "Virtual",
  publisher   = "neurips.cc", 
}

@article{NeurIPS23Xiao,
  title={GraphMP: Graph Neural Network-based Motion Planning with Efficient Graph Search},
  author={Zang, Xiao and Yin, Miao and Xiao, Jinqi and Zonouz, Saman and Yuan, Bo},
  journal={Advances in Neural Information Processing Systems},
  volume={36},
  year={2024}, 
  address =      "USA",
  publisher   = "neurips.cc", 
}

@book{SuttonB98,
  author       = {Richard S. Sutton and Andrew G. Barto},
  title        = {Reinforcement learning - an introduction},
  series       = {Adaptive computation and machine learning},
  publisher    = {{MIT} Press},
  year         = {1998},
  address =      "USA",
}

@article{TITS18Yin,
  author    = {Mogeng Yin and
               Madeleine Sheehan and
               Sidney Feygin and
               Jean{-}Fran{\c{c}}ois Paiement and
               Alexei Pozdnoukhov},
  title     = {A Generative Model of Urban Activities from Cellular Data},
  journal   = {{IEEE} Trans. Intell. Transp. Syst.},
  volume    = {19},
  number    = {6},
  pages     = {1682--1696},
  year      = {2018}, 
  address =      "",
}

@inproceedings{Ubicomp14Baratchi,
  author    = {Mitra Baratchi and
               Nirvana Meratnia and
               Paul J. M. Havinga and
               Andrew K. Skidmore and
               Bert A. G. Toxopeus},
  editor    = {A. J. Brush and
               Adrian Friday and
               Julie A. Kientz and
               James Scott and
               Junehwa Song},
  title     = {A hierarchical hidden semi-Markov model for modeling mobility data},
  booktitle = {The 2014 {ACM} Conference on Ubiquitous Computing, UbiComp '14, Seattle,
               WA, USA, September 13-17, 2014},
  pages     = {401--412},
  publisher = {{ACM}},
  year      = {2014}, 
  address =      "USA",
}

@article{VLDB22Wang,
  author    = {Yong Wang and
               Guoliang Li and
               Kaiyu Li and
               Haitao Yuan},
  title     = {A Deep Generative Model for Trajectory Modeling and Utilization},
  journal   = {Proc. {VLDB} Endow.},
  volume    = {16},
  number    = {4},
  pages     = {973--985},
  year      = {2022}, 
  address =      "",
}

@article{VLDB23Tian,
  title={Effective and Efficient Route Planning Using Historical Trajectories on Road Networks},
  author={Tian, Wei and Shi, Jieming and Luo, Siqiang and Li, Hui and Xie, Xike and Zou, Yuanhang},
  journal={Proceedings of the VLDB Endowment},
  volume={16},
  number={10},
  pages={2512--2524},
  year={2023},
  publisher={VLDB Endowment}, 
  address =      "",
}

