
% Journals

% First the Full Name is given, then the abbreviation used in the AMS Math
% Reviews, with an indication if it could not be found there.
% Note the 2nd overwrites the 1st, so swap them if you want the full name.

 %{AMS}
 @String{AMSTrans = "American Mathematical Society Translations" }
 @String{AMSTrans = "Amer. Math. Soc. Transl." }
 @String{BullAMS = "Bulletin of the American Mathematical Society" }
 @String{BullAMS = "Bull. Amer. Math. Soc." }
 @String{ProcAMS = "Proceedings of the American Mathematical Society" }
 @String{ProcAMS = "Proc. Amer. Math. Soc." }
 @String{TransAMS = "Transactions of the American Mathematical Society" }
 @String{TransAMS = "Trans. Amer. Math. Soc." }

 %ACM
 @String{CACM = "Communications of the {ACM}" }
 @String{CACM = "Commun. {ACM}" }
 @String{CompServ = "Comput. Surveys" }
 @String{JACM = "J. ACM" }
 @String{ACMMathSoft = "{ACM} Transactions on Mathematical Software" }
 @String{ACMMathSoft = "{ACM} Trans. Math. Software" }
 @String{SIGNUM = "{ACM} {SIGNUM} Newsletter" }
 @String{SIGNUM = "{ACM} {SIGNUM} Newslett." }

 @String{AmerSocio = "American Journal of Sociology" }
 @String{AmerStatAssoc = "Journal of the American Statistical Association" }
 @String{AmerStatAssoc = "J. Amer. Statist. Assoc." }
 @String{ApplMathComp = "Applied Mathematics and Computation" }
 @String{ApplMathComp = "Appl. Math. Comput." }
 @String{AmerMathMonthly = "American Mathematical Monthly" }
 @String{AmerMathMonthly = "Amer. Math. Monthly" }
 @String{BIT = "{BIT}" }
 @String{BritStatPsych = "British Journal of Mathematical and Statistical
          Psychology" }
 @String{BritStatPsych = "Brit. J. Math. Statist. Psych." }
 @String{CanMathBull = "Canadian Mathematical Bulletin" }
 @String{CanMathBull = "Canad. Math. Bull." }
 @String{CompApplMath = "Journal of Computational and Applied Mathematics" }
 @String{CompApplMath = "J. Comput. Appl. Math." }
 @String{CompPhys = "Journal of Computational Physics" }
 @String{CompPhys = "J. Comput. Phys." }
 @String{CompStruct = "Computers and Structures" }
 @String{CompStruct = "Comput. \& Structures" }
 @String{CompJour = "The Computer Journal" }
 @String{CompJour = "Comput. J." }
 @String{CompSysSci = "Journal of Computer and System Sciences" }
 @String{CompSysSci = "J. Comput. System Sci." }
 @String{Computing = "Computing" }
 @String{ContempMath = "Contemporary Mathematics" }
 @String{ContempMath = "Contemp. Math." }
 @String{Crelle = "Crelle's Journal" }
 @String{GiornaleMath = "Giornale di Mathematiche" }
 @String{GiornaleMath = "Giorn. Mat." } % didn't find in AMS MR., ibid.

 %IEEE
 @String{Computer = "{IEEE} Computer" }
 @String{IEEETransComp = "{IEEE} Transactions on Computers" }
 @String{IEEETransComp = "{IEEE} Trans. Comput." }
 @String{IEEETransAC = "{IEEE} Transactions on Automatic Control" }
 @String{IEEETransAC = "{IEEE} Trans. Automat. Control" }
 @String{IEEESpec = "{IEEE} Spectrum" } % didn't find in AMS MR
 @String{ProcIEEE = "Proceedings of the {IEEE}" }
 @String{ProcIEEE = "Proc. {IEEE}" } % didn't find in AMS MR
 @String{IEEETransAeroElec = "{IEEE} Transactions on Aerospace and Electronic
     Systems" }
 @String{IEEETransAeroElec = "{IEEE} Trans. Aerospace Electron. Systems" }

 @String{IMANumerAna = "{IMA} Journal of Numerical Analysis" }
 @String{IMANumerAna = "{IMA} J. Numer. Anal." }
 @String{InfProcLet = "Information Processing Letters" }
 @String{InfProcLet = "Inform. Process. Lett." }
 @String{InstMathApp = "Journal of the Institute of Mathematics and
     its Applications" }
 @String{InstMathApp = "J. Inst. Math. Appl." }
 @String{IntControl = "International Journal of Control" }
 @String{IntControl = "Internat. J. Control" }
 @String{IntNumerEng = "International Journal for Numerical Methods in
     Engineering" }
 @String{IntNumerEng = "Internat. J. Numer. Methods Engrg." }
 @String{IntSuper = "International Journal of Supercomputing Applications" }
 @String{IntSuper = "Internat. J. Supercomputing Applic." } % didn't find
%% in AMS MR
 @String{Kibernetika = "Kibernetika" }
 @String{JResNatBurStand = "Journal of Research of the National Bureau
     of Standards" }
 @String{JResNatBurStand = "J. Res. Nat. Bur. Standards" }
 @String{LinAlgApp = "Linear Algebra and its Applications" }
 @String{LinAlgApp = "Linear Algebra Appl." }
 @String{MathAnaAppl = "Journal of Mathematical Analysis and Applications" }
 @String{MathAnaAppl = "J. Math. Anal. Appl." }
 @String{MathAnnalen = "Mathematische Annalen" }
 @String{MathAnnalen = "Math. Ann." }
 @String{MathPhys = "Journal of Mathematical Physics" }
 @String{MathPhys = "J. Math. Phys." }
 @String{MathComp = "Mathematics of Computation" }
 @String{MathComp = "Math. Comp." }
 @String{MathScand = "Mathematica Scandinavica" }
 @String{MathScand = "Math. Scand." }
 @String{TablesAidsComp = "Mathematical Tables and Other Aids to Computation" }
 @String{TablesAidsComp = "Math. Tables Aids Comput." }
 @String{NumerMath = "Numerische Mathematik" }
 @String{NumerMath = "Numer. Math." }
 @String{PacificMath = "Pacific Journal of Mathematics" }
 @String{PacificMath = "Pacific J. Math." }
 @String{ParDistComp = "Journal of Parallel and Distributed Computing" }
 @String{ParDistComp = "J. Parallel and Distrib. Comput." } % didn't find
%% in AMS MR
 @String{ParComputing = "Parallel Computing" }
 @String{ParComputing = "Parallel Comput." }
 @String{PhilMag = "Philosophical Magazine" }
 @String{PhilMag = "Philos. Mag." }
 @String{ProcNAS = "Proceedings of the National Academy of Sciences
                    of the USA" }
 @String{ProcNAS = "Proc. Nat. Acad. Sci. U. S. A." }
 @String{Psychometrika = "Psychometrika" }
 @String{QuartMath = "Quarterly Journal of Mathematics, Oxford, Series (2)" }
 @String{QuartMath = "Quart. J. Math. Oxford Ser. (2)" }
 @String{QuartApplMath = "Quarterly of Applied Mathematics" }
 @String{QuartApplMath = "Quart. Appl. Math." }
 @String{RevueInstStat = "Review of the International Statisical Institute" }
 @String{RevueInstStat = "Rev. Inst. Internat. Statist." }

 %SIAM
 @String{JSIAM = "Journal of the Society for Industrial and Applied
     Mathematics" }
 @String{JSIAM = "J. Soc. Indust. Appl. Math." }
 @String{JSIAMB = "Journal of the Society for Industrial and Applied
     Mathematics, Series B, Numerical Analysis" }
 @String{JSIAMB = "J. Soc. Indust. Appl. Math. Ser. B Numer. Anal." }
 @String{SIAMAlgMeth = "{SIAM} Journal on Algebraic and Discrete Methods" }
 @String{SIAMAlgMeth = "{SIAM} J. Algebraic Discrete Methods" }
 @String{SIAMAppMath = "{SIAM} Journal on Applied Mathematics" }
 @String{SIAMAppMath = "{SIAM} J. Appl. Math." }
 @String{SIAMComp = "{SIAM} Journal on Computing" }
 @String{SIAMComp = "{SIAM} J. Comput." }
 @String{SIAMMatrix = "{SIAM} Journal on Matrix Analysis and Applications" }
 @String{SIAMMatrix = "{SIAM} J. Matrix Anal. Appl." }
 @String{SIAMNumAnal = "{SIAM} Journal on Numerical Analysis" }
 @String{SIAMNumAnal = "{SIAM} J. Numer. Anal." }
 @String{SIAMReview = "{SIAM} Review" }
 @String{SIAMReview = "{SIAM} Rev." }
 @String{SIAMSciStat = "{SIAM} Journal on Scientific and Statistical
     Computing" }
 @String{SIAMSciStat = "{SIAM} J. Sci. Statist. Comput." }

 @String{SoftPracExp = "Software Practice and Experience" }
 @String{SoftPracExp = "Software Prac. Experience" } % didn't find in AMS MR
 @String{StatScience = "Statistical Science" }
 @String{StatScience = "Statist. Sci." }
 @String{Techno = "Technometrics" }
 @String{USSRCompMathPhys = "{USSR} Computational Mathematics and Mathematical
     Physics" }
 @String{USSRCompMathPhys = "{U. S. S. R.} Comput. Math. and Math. Phys." }
 @String{VLSICompSys = "Journal of {VLSI} and Computer Systems" }
 @String{VLSICompSys = "J. {VLSI} Comput. Syst." }
 @String{ZAngewMathMech = "Zeitschrift fur Angewandte Mathematik und
     Mechanik" }
 @String{ZAngewMathMech = "Z. Angew. Math. Mech." }
 @String{ZAngewMathPhys = "Zeitschrift fur Angewandte Mathematik und Physik" }
 @String{ZAngewMathPhys = "Z. Angew. Math. Phys." }

% Publishers % ================================================= |

 @String{Academic = "Academic Press" }
 @String{ACMPress = "{ACM} Press" }
 @String{AdamHilger = "Adam Hilger" }
 @String{AddisonWesley = "Addison-Wesley" }
 @String{AllynBacon = "Allyn and Bacon" }
 @String{AMS = "American Mathematical Society" }
 @String{Birkhauser = "Birkh{\"a}user" }
 @String{CambridgePress = "Cambridge University Press" }
 @String{Chelsea = "Chelsea" }
 @String{ClaredonPress = "Claredon Press" }
 @String{DoverPub = "Dover Publications" }
 @String{Eyolles = "Eyolles" }
 @String{HoltRinehartWinston = "Holt, Rinehart and Winston" }
 @String{Interscience = "Interscience" }
 @String{JohnsHopkinsPress = "The Johns Hopkins University Press" }
 @String{JohnWileySons = "John Wiley and Sons" }
 @String{Macmillan = "Macmillan" }
 @String{MathWorks = "The Math Works Inc." }
 @String{McGrawHill = "McGraw-Hill" }
 @String{NatBurStd = "National Bureau of Standards" }
 @String{NorthHolland = "North-Holland" }
 @String{OxfordPress = "Oxford University Press" }  %address Oxford or London?
 @String{PergamonPress = "Pergamon Press" }
 @String{PlenumPress = "Plenum Press" }
 @String{PrenticeHall = "Prentice-Hall" }
 @String{SIAMPub = "{SIAM} Publications" }
 @String{Springer = "Springer-Verlag" }
 @String{TexasPress = "University of Texas Press" }
 @String{VanNostrand = "Van Nostrand" }
 @String{WHFreeman = "W. H. Freeman and Co." }

%Entries
@article{TRPC18Wu,
  title={A hybrid deep learning based traffic flow prediction method and its understanding},
  author={Wu, Yuankai and Tan, Huachun and Qin, Lingqiao and Ran, Bin and Jiang, Zhuxi},
  journal={Transportation Research Part C: Emerging Technologies},
  volume={90},
  pages={166--180},
  year={2018},
  publisher={Elsevier}
}

@inproceedings{KDD20Hong,
  author       = {Huiting Hong and
                  Yucheng Lin and
                  Xiaoqing Yang and
                  Zang Li and
                  Kun Fu and
                  Zheng Wang and
                  Xiaohu Qie and
                  Jieping Ye},
  title        = {HetETA: Heterogeneous Information Network Embedding for Estimating Time of Arrival},
  booktitle    = {{KDD} '20: The 26th {ACM} {SIGKDD} Conference on Knowledge Discovery and Data Mining, Virtual Event, CA, USA, August 23-27, 2020},
  pages        = {2444--2454},
  publisher    = {{ACM}},
  year         = {2020},
  address =      "USA",
}

@inproceedings{ICLR24Shi,
  author       = {Dingyuan Shi and
                  Yongxin Tong and
                  Zimu Zhou and
                  Ke Xu and
                  Zheng Wang and
                  Jieping Ye},
  title        = {Graph-constrained diffusion for End-to-End Path Planning},
  booktitle    = {The Twelfth International Conference on Learning Representations,
                  {ICLR} 2024, Vienna, Austria, May 7-11, 2024},
  publisher    = {OpenReview.net},
  year         = {2024},
    address = "Austria"
}

@inproceedings{NeurIPS17Vaswani,
  author       = {Ashish Vaswani and
                  Noam Shazeer and
                  Niki Parmar and
                  Jakob Uszkoreit and
                  Llion Jones and
                  Aidan N. Gomez and
                  Lukasz Kaiser and
                  Illia Polosukhin},
  title        = {Attention is All you Need},
  booktitle    = {Advances in Neural Information Processing Systems 30: Annual Conference
                  on Neural Information Processing Systems 2017, December 4-9, 2017,
                  Long Beach, CA, {USA}},
  pages        = {5998--6008},
  year         = {2017},
  publisher   = "neurips.cc", 
  address =      "USA",
}

@inproceedings{ICLR21Dosovitskiy,
  author       = {Alexey Dosovitskiy and
                  Lucas Beyer and
                  Alexander Kolesnikov and
                  Dirk Weissenborn and
                  Xiaohua Zhai and
                  Thomas Unterthiner and
                  Mostafa Dehghani and
                  Matthias Minderer and
                  Georg Heigold and
                  Sylvain Gelly and
                  Jakob Uszkoreit and
                  Neil Houlsby},
  title        = {An Image is Worth 16x16 Words: Transformers for Image Recognition
                  at Scale},
  booktitle    = {9th International Conference on Learning Representations, {ICLR} 2021,
                  Virtual Event, Austria, May 3-7, 2021},
  publisher    = {OpenReview.net},
  year         = {2021},
  address =      "Austria",
}

@inproceedings{CIKM22Liang,
  author       = {Yuxuan Liang and
                  Kun Ouyang and
                  Yiwei Wang and
                  Xu Liu and
                  Hongyang Chen and
                  Junbo Zhang and
                  Yu Zheng and
                  Roger Zimmermann},
  editor       = {Mohammad Al Hasan and
                  Li Xiong},
  title        = {TrajFormer: Efficient Trajectory Classification with Transformers},
  booktitle    = {Proceedings of the 31st {ACM} International Conference on Information
                  {\&} Knowledge Management, Atlanta, GA, USA, October 17-21, 2022},
  pages        = {1229--1237},
  publisher    = {{ACM}},
  year         = {2022},
  address =      "USA",
}

@article{CoRR23Zhu,
  author       = {Yuanshao Zhu and
                  Yongchao Ye and
                  Xiangyu Zhao and
                  James J. Q. Yu},
  title        = {Diffusion Model for {GPS} Trajectory Generation},
  journal      = {CoRR},
  volume       = {abs/2304.11582},
  year         = {2023},
    address =      "",
}

@inproceedings{CVPR22Rombach,
  author       = {Robin Rombach and
                  Andreas Blattmann and
                  Dominik Lorenz and
                  Patrick Esser and
                  Bj{\"{o}}rn Ommer},
  title        = {High-Resolution Image Synthesis with Latent Diffusion Models},
  booktitle    = {{IEEE/CVF} Conference on Computer Vision and Pattern Recognition,
                  {CVPR} 2022, New Orleans, LA, USA, June 18-24, 2022},
  pages        = {10674--10685},
  publisher    = {{IEEE}},
  year         = {2022},
  address =      "USA",
}

@article{CoRR22Ho,
  author       = {Jonathan Ho and Tim Salimans},
  title        = {Classifier-Free Diffusion Guidance},
  journal      = {CoRR},
  volume       = {abs/2207.12598},
  year         = {2022},
  address =      "",
}

@inproceedings{NAACL19Devlin,
  author       = {Jacob Devlin and
                  Ming{-}Wei Chang and
                  Kenton Lee and
                  Kristina Toutanova},
  title        = {{BERT:} Pre-training of Deep Bidirectional Transformers for Language
                  Understanding},
  booktitle    = {Proceedings of the 2019 Conference of the North American Chapter of
                  the Association for Computational Linguistics: Human Language Technologies,
                  {NAACL-HLT} 2019, Minneapolis, MN, USA, June 2-7, 2019, Volume 1 (Long
                  and Short Papers)},
  pages        = {4171--4186},
  publisher    = {Association for Computational Linguistics},
  year         = {2019},
  address =      "USA",
}


@article{DTSSC68Hart,
  author       = {Peter E. Hart and Nils J. Nilsson and Bertram Raphael},
  title        = {A Formal Basis for the Heuristic Determination of Minimum Cost Paths},
  journal      = {{IEEE} Trans. Syst. Sci. Cybern.},
  volume       = {4},
  number       = {2},
  pages        = {100--107},
  year         = {1968},
  address =      "",
}

@article{NM59Dijkstra,
  author       = {Edsger W. Dijkstra},
  title        = {A note on two problems in connexion with graphs},
  journal      = {Numerische Mathematik},
  volume       = {1},
  pages        = {269--271},
  year         = {1959},
  address =      "",
}

@article{IRMM07Meinard,
  title={Dynamic time warping},
  author={M{\"u}ller, Meinard},
  journal={Information retrieval for music and motion},
  pages={69--84},
  year={2007},
  publisher={Springer}, 
  address =      "",
}

@inproceedings{SPIR00Lasse,
  title={A survey of longest common subsequence algorithms},
  author={Bergroth, Lasse and Hakonen, Harri and Raita, Timo},
  booktitle={Proceedings Seventh International Symposium on String Processing and Information Retrieval. SPIRE 2000},
  pages={39--48},
  year={2000},
  organization={IEEE}, 
  address =      "",
}

@book{evans2022partial,
  title={Partial differential equations},
  author={Evans, Lawrence C},
  volume={19},
  year={2022},
  publisher={American Mathematical Society}, 
  address =      "USA",
}

@book{SuttonB98,
  author       = {Richard S. Sutton and Andrew G. Barto},
  title        = {Reinforcement learning - an introduction},
  series       = {Adaptive computation and machine learning},
  publisher    = {{MIT} Press},
  year         = {1998},
  address =      "USA",
}

@inproceedings{ECDA18Meert,
  title={HMM with non-emitting states for Map Matching},
  author={Meert, Wannes and Verbeke, Mathias},
  booktitle={European Conference on Data Analysis (ECDA)},
  year={2018},
  address =      "",
}


@inproceedings{ICML15Dickstein,
  author       = {Jascha Sohl{-}Dickstein and Eric A. Weiss and Niru Maheswaranathan and Surya Ganguli},
  title        = {Deep Unsupervised Learning using Nonequilibrium Thermodynamics},
  booktitle    = {Proceedings of the 32nd International Conference on Machine Learning,
                  {ICML} 2015, Lille, France, 6-11 July 2015},
  series       = {{JMLR} Workshop and Conference Proceedings},
  volume       = {37},
  pages        = {2256--2265},
  publisher    = {JMLR.org},
  year         = {2015},
  address =      "France",
}

@inproceedings{NeurIPS21Hoogeboom,
  author       = {Emiel Hoogeboom and Didrik Nielsen and Priyank Jaini and Patrick Forr{\'{e}} and Max Welling},
  title        = {Argmax Flows and Multinomial Diffusion: Learning Categorical Distributions},
  booktitle    = {Advances in Neural Information Processing Systems 34: Annual Conference
                  on Neural Information Processing Systems 2021, NeurIPS 2021, December
                  6-14, 2021, virtual},
  pages        = {12454--12465},
  year         = {2021},
  address =      "Virtual",
  publisher   = "neurips.cc", 
}

@inproceedings{ICLR23Liu,
  author       = {Xingchao Liu and Chengyue Gong and Qiang Liu},
  title        = {Flow Straight and Fast: Learning to Generate and Transfer Data with Rectified Flow},
  booktitle    = {The Eleventh International Conference on Learning Representations,
                  {ICLR} 2023, Kigali, Rwanda, May 1-5, 2023},
  publisher    = {OpenReview.net},
  year         = {2023},
  address =      "Rwanda",
}

@article{NeurIPS23Xiao,
  title={GraphMP: Graph Neural Network-based Motion Planning with Efficient Graph Search},
  author={Zang, Xiao and Yin, Miao and Xiao, Jinqi and Zonouz, Saman and Yuan, Bo},
  journal={Advances in Neural Information Processing Systems},
  volume={36},
  year={2024}, 
  address =      "USA",
  publisher   = "neurips.cc", 
}

@inproceedings{NeurIPS21Austin,
  author       = {Jacob Austin and Daniel D. Johnson and Jonathan Ho and Daniel Tarlow and Rianne van den Berg},
  title        = {Structured Denoising Diffusion Models in Discrete State-Spaces},
  booktitle    = {Advances in Neural Information Processing Systems 34: Annual Conference
                  on Neural Information Processing Systems 2021, NeurIPS 2021, December
                  6-14, 2021, virtual},
  pages        = {17981--17993},
  year         = {2021},
  address =      "Virtual",
  publisher   = "neurips.cc", 
}

@article{CORR23Yi,
  author       = {Kai Yi and Bingxin Zhou and Yiqing Shen and Pietro Li{\`{o}} and Yu Guang Wang},
  title        = {Graph Denoising Diffusion for Inverse Protein Folding},
  journal      = {CoRR},
  volume       = {abs/2306.16819},
  year         = {2023},
  url          = {https://doi.org/10.48550/arXiv.2306.16819},
  doi          = {10.48550/arXiv.2306.16819},
  eprinttype    = {arXiv},
  address =      "",
}

@inproceedings{ICLR21Ben,
  author       = {Ben Chamberlain and James Rowbottom and Maria I. Gorinova and Michael M. Bronstein and Stefan Webb and Emanuele Rossi},
  title        = {{GRAND:} Graph Neural Diffusion},
  booktitle    = {{ICML}},
  series       = {Proceedings of Machine Learning Research},
  volume       = {139},
  pages        = {1407--1418},
  publisher    = {{PMLR}},
  year         = {2021},
  address =      "Virtual",
}

@inproceedings{ICML22Janner,
  author       = {Michael Janner and Yilun Du and Joshua B. Tenenbaum and Sergey Levine},
  title        = {Planning with Diffusion for Flexible Behavior Synthesis},
  booktitle    = {International Conference on Machine Learning, {ICML} 2022, 17-23 July 2022, Baltimore, Maryland, {USA}},
  series       = {Proceedings of Machine Learning Research},
  volume       = {162},
  pages        = {9902--9915},
  publisher    = {{PMLR}},
  year         = {2022},
  address =      "USA",
}

@inproceedings{MICCAI15Ronneberger,
  author       = {Olaf Ronneberger and Philipp Fischer and Thomas Brox},
  title        = {U-Net: Convolutional Networks for Biomedical Image Segmentation},
  booktitle    = {Medical Image Computing and Computer-Assisted Intervention - {MICCAI} 2015 - 18th International Conference Munich, Germany, October 5 - 9, 2015, Proceedings, Part {III}},
  series       = {Lecture Notes in Computer Science},
  volume       = {9351},
  pages        = {234--241},
  publisher    = {Springer},
  year         = {2015},
  address =      "Germany",
}

@inproceedings{NeurIPS20Ho,
  author       = {Jonathan Ho and Ajay Jain and Pieter Abbeel},
  title        = {Denoising Diffusion Probabilistic Models},
  booktitle    = {Advances in Neural Information Processing Systems 33: Annual Conference on Neural Information Processing Systems 2020, NeurIPS 2020, December  12, 2020, virtual},
  year         = {2020},
  address =      "Virtual",
  publisher   = "neurips.cc", 
}

@inproceedings{KDD16Grover,
  author       = {Aditya Grover and Jure Leskovec},
  title        = {node2vec: Scalable Feature Learning for Networks},
  booktitle    = {Proceedings of the 22nd {ACM} {SIGKDD} International Conference on
                  Knowledge Discovery and Data Mining, San Francisco, CA, USA, August
                  13-17, 2016},
  pages        = {855--864},
  publisher    = {{ACM}},
  year         = {2016},
  address =      "USA",
}

@inproceedings{ICLR23Ajay,
  author       = {Anurag Ajay and Yilun Du and Abhi Gupta and Joshua B. Tenenbaum and Tommi S. Jaakkola and Pulkit Agrawal},
  title        = {Is Conditional Generative Modeling all you need for Decision Making?},
  booktitle    = {The Eleventh International Conference on Learning Representations,
                  {ICLR} 2023, Kigali, Rwanda, May 1-5, 2023},
  publisher    = {OpenReview.net},
  year         = {2023},
  address =      "Rwanda",
}

@inproceedings{NeurIPS22Saharia,
  author       = {Chitwan Saharia and William Chan and Saurabh Saxena and Lala Li and Jay Whang and Emily L. Denton and Seyed Kamyar Seyed Ghasemipour and
                  Raphael Gontijo Lopes and Burcu Karagol Ayan and Tim Salimans and Jonathan Ho and David J. Fleet and Mohammad Norouzi},
  title        = {Photorealistic Text-to-Image Diffusion Models with Deep Language Understanding},
  booktitle    = {NeurIPS},
  year         = {2022},
  address =      "USA",
  publisher   = "neurips.cc", 
}

@article{CORR22Bansal,
  author       = {Arpit Bansal and Eitan Borgnia and Hong{-}Min Chu and Jie S. Li and Hamid Kazemi and Furong Huang and Micah Goldblum and Jonas Geiping and Tom Goldstein},
  title        = {Cold Diffusion: Inverting Arbitrary Image Transforms Without Noise},
  journal      = {CoRR},
  volume       = {abs/2208.09392},
  year         = {2022},
  address =      "",
}

@inproceedings{KDD18Wang,
  author       = {Zheng Wang and Kun Fu and Jieping Ye},
  title        = {Learning to Estimate the Travel Time},
  booktitle    = {Proceedings of the 24th {ACM} {SIGKDD} International Conference on Knowledge Discovery {\&} Data Mining, {KDD} 2018, London, UK, August 19-23, 2018},
  pages        = {858--866},
  publisher    = {{ACM}},
  year         = {2018},
  address =      "UK",
}

@article{TRPC22Zhang,
  title={Analysis of cooperative driving strategies at road network level with macroscopic fundamental diagram},
  author={Zhang, Jiawei and Pei, Huaxin and Ban, Xuegang Jeff and Li, Li},
  journal={Transportation research part C: emerging technologies},
  volume={135},
  pages={103503},
  year={2022},
  publisher={Elsevier}, 
  address =      "",
}

@article{TKDE21Tong,
  title={Combinatorial optimization meets reinforcement learning: Effective taxi order dispatching at large-scale},
  author={Tong, Yongxin and Shi, Dingyuan and Xu, Yi and Lv, Weifeng and Qin, Zhiwei and Tang, Xiaocheng},
  journal={IEEE Transactions on Knowledge and Data Engineering},
  year={2021},
  publisher={IEEE}, 
  address =      "",
}

@article{TRPE18Hakim,
  title={Building a collaborative solution in dense urban city settings to enhance parcel delivery: An effective crowd model in Paris},
  author={Akeb, Hakim and Moncef, Btissam and Durand, Bruno},
  journal={Transportation Research Part E: Logistics and Transportation Review},
  volume={119},
  pages={223--233},
  year={2018},
  publisher={Elsevier}, 
  address =      "",
}


% planning
@inproceedings{MDM13Ceikute,
  author       = {Vaida Ceikute and Christian S. Jensen},
  title        = {Routing Service Quality - Local Driver Behavior Versus Routing Services},
  booktitle    = {2013 {IEEE} 14th International Conference on Mobile Data Management, Milan, Italy, June 3-6, 2013 - Volume 1},
  pages        = {97--106},
  publisher    = {{IEEE} Computer Society},
  year         = {2013},
  address =      "Italy",
}

@inproceedings{KDD19Wang,
  author       = {Jingyuan Wang and Ning Wu and Wayne Xin Zhao and Fanzhang Peng and Xin Lin},
  title        = {Empowering A* Search Algorithms with Neural Networks for Personalized
                  Route Recommendation},
  booktitle    = {Proceedings of the 25th {ACM} {SIGKDD} International Conference on Knowledge Discovery {\&} Data Mining, {KDD} 2019, Anchorage, AK, USA, August 4-8, 2019},
  pages        = {539--547},
  publisher    = {{ACM}},
  year         = {2019},
  address =      "USA",
}

@article{TPRE20Liu,
  title={Integrating Dijkstra’s algorithm into deep inverse reinforcement learning for food delivery route planning},
  author={Liu, Shan and Jiang, Hai and Chen, Shuiping and Ye, Jing and He, Renqing and Sun, Zhizhao},
  journal={Transportation Research Part E: Logistics and Transportation Review},
  volume={142},
  pages={102070},
  year={2020},
  publisher={Elsevier}, 
  address =      "",
}

@article{VLDB23Tian,
  title={Effective and Efficient Route Planning Using Historical Trajectories on Road Networks},
  author={Tian, Wei and Shi, Jieming and Luo, Siqiang and Li, Hui and Xie, Xike and Zou, Yuanhang},
  journal={Proceedings of the VLDB Endowment},
  volume={16},
  number={10},
  pages={2512--2524},
  year={2023},
  publisher={VLDB Endowment}, 
  address =      "",
}

@inproceedings{NeurIPS21Jain,
  author       = {Jayant Jain and Vrittika Bagadia and Sahil Manchanda and Sayan Ranu},
  title        = {NeuroMLR: Robust {\&} Reliable Route Recommendation on Road Networks},
  booktitle    = {Advances in Neural Information Processing Systems 34: Annual Conference on Neural Information Processing Systems 2021, NeurIPS 2021, December 6-14, 2021, virtual},
  pages        = {22070--22082},
  year         = {2021},
  address =      "Virtual",
  publisher   = "neurips.cc", 
}

@article{TRPE22Liu,
  title={Personalized route recommendation for ride-hailing with deep inverse reinforcement learning and real-time traffic conditions},
  author={Liu, Shan and Jiang, Hai},
  journal={Transportation Research Part E: Logistics and Transportation Review},
  volume={164},
  pages={102780},
  year={2022},
  publisher={Elsevier}, 
  address =      "",
}

@article{TKDE22Wang,
  author       = {Jingyuan Wang and Ning Wu and Wayne Xin Zhao},
  title        = {Personalized Route Recommendation With Neural Network Enhanced Search Algorithm},
  journal      = {{IEEE} Trans. Knowl. Data Eng.},
  volume       = {34},
  number       = {12},
  pages        = {5910--5924},
  year         = {2022},
  address =      "",
}

@inproceedings{KDD21Fu,
  author       = {Tao{-}Yang Fu and Wang{-}Chien Lee},
  title        = {ProgRPGAN: Progressive {GAN} for Route Planning},
  booktitle    = {{KDD} '21: The 27th {ACM} {SIGKDD} Conference on Knowledge Discovery and Data Mining, Virtual Event, Singapore, August 14-18, 2021},
  pages        = {393--403},
  publisher    = {{ACM}},
  year         = {2021},
  address =      "Singapore",
}

@article{NeuroComp19Kong,
  author       = {Jiangtao Kong and
                  Jian Huang and
                  Hongkai Yu and
                  Hanqiang Deng and
                  Jianxing Gong and
                  Hao Chen},
  title        = {RNN-based default logic for route planning in urban environments},
  journal      = {Neurocomputing},
  volume       = {338},
  pages        = {307--320},
  year         = {2019},
  address =      "",
}

@article{TVT08Szumanowski,
  author       = {Antoni Szumanowski and Yuhua Chang},
  title        = {Battery Management System Based on Battery Nonlinear Dynamics Modeling},
  journal      = {{IEEE} Trans. Veh. Technol.},
  volume       = {57},
  number       = {3},
  pages        = {1425--1432},
  year         = {2008},
  address =      "",
}

@inproceedings{SDM21Liu,
  author       = {Min Liu and Zhaohui Peng and Xiaohui Yu and Senzhang Wang and Qiao Song},
  title        = {LDFeRR: {A} Fuel-efficient Route Recommendation Approach for Long-distance Driving Based on Historical Trajectories},
  booktitle    = {Proceedings of the 2021 {SIAM} International Conference on Data Mining, {SDM} 2021, Virtual Event, April 29 - May 1, 2021},
  pages        = {73--81},
  publisher    = {{SIAM}},
  year         = {2021},
  address =      "",
}

@inproceedings{ICCV23Peebles,
  author       = {William Peebles and Saining Xie},
  title        = {Scalable Diffusion Models with Transformers},
  booktitle    = {{IEEE/CVF} International Conference on Computer Vision, {ICCV} 2023,
                  Paris, France, October 1-6, 2023},
  pages        = {4172--4182},
  publisher    = {{IEEE}},
  year         = {2023}, 
  address =      "France",
}

@article{CoRR24Esser,
  author       = {Patrick Esser and Sumith Kulal and Andreas Blattmann and Rahim Entezari and
                  Jonas M{\"{u}}ller and Harry Saini and Yam Levi and Dominik Lorenz and
                  Axel Sauer and Frederic Boesel and Dustin Podell and Tim Dockhorn and
                  Zion English and Kyle Lacey and Alex Goodwin and Yannik Marek and Robin Rombach},
  title        = {Scaling Rectified Flow Transformers for High-Resolution Image Synthesis},
  journal      = {CoRR},
  volume       = {abs/2403.03206},
  year         = {2024},
  address =      "",
}

@inproceedings{HT14Quercia,
  author       = {Daniele Quercia and Rossano Schifanella and Luca Maria Aiello},
  title        = {The shortest path to happiness: recommending beautiful, quiet, and happy routes in the city},
  booktitle    = {25th {ACM} Conference on Hypertext and Social Media, {HT} '14, Santiago, Chile, September 1-4, 2014},
  pages        = {116--125},
  publisher    = {{ACM}},
  year         = {2014},
  address =      "Chile",
}

@inproceedings{ICLR23Wang,
  author       = {Zhendong Wang and Jonathan J. Hunt and Mingyuan Zhou},
  title        = {Diffusion Policies as an Expressive Policy Class for Offline Reinforcement
                  Learning},
  booktitle    = {The Eleventh International Conference on Learning Representations,
                  {ICLR} 2023, Kigali, Rwanda, May 1-5, 2023},
  publisher    = {OpenReview.net},
  year         = {2023},
  address =      "Rwanda",
}

@inproceedings{ICLR21Song,
  author       = {Jiaming Song and Chenlin Meng and Stefano Ermon},
  title        = {Denoising Diffusion Implicit Models},
  booktitle    = {9th International Conference on Learning Representations, {ICLR} 2021,
                  Virtual Event, Austria, May 3-7, 2021},
  publisher    = {OpenReview.net},
  year         = {2021},
  address =      "Austria",
}

@article{CoRR24Ho,
  author       = {Jonathan Ho and Tim Salimans},
  title        = {Classifier-Free Diffusion Guidance},
  journal      = {CoRR},
  volume       = {abs/2207.12598},
  year         = {2022},
  url          = {https://doi.org/10.48550/arXiv.2207.12598},
  doi          = {10.48550/ARXIV.2207.12598},
  address =      "",
}

@inproceedings{ICLR23Lipman,
  author       = {Yaron Lipman and Ricky T. Q. Chen and Heli Ben{-}Hamu and Maximilian Nickel and Matthew Le},
  title        = {Flow Matching for Generative Modeling},
  booktitle    = {The Eleventh International Conference on Learning Representations,
                  {ICLR} 2023, Kigali, Rwanda, May 1-5, 2023},
  publisher    = {OpenReview.net},
  year         = {2023},
  address =      "Rwanda",
}

@inproceedings{NeurIPS20Brown,
  author       = {Tom B. Brown and Benjamin Mann and Nick Ryder and Melanie Subbiah and Jared Kaplan and Prafulla Dhariwal and Arvind Neelakantan and Pranav Shyam and Girish Sastry and Amanda Askell and Sandhini Agarwal and Ariel Herbert{-}Voss and Gretchen Krueger and Tom Henighan and Rewon Child and Aditya Ramesh and Daniel M. Ziegler and Jeffrey Wu and Clemens Winter and Christopher Hesse and Mark Chen and Eric Sigler and Mateusz Litwin and Scott Gray and Benjamin Chess and Jack Clark and Christopher Berner and Sam McCandlish and Alec Radford and Ilya Sutskever and Dario Amodei},
  title        = {Language Models are Few-Shot Learners},
  booktitle    = {Advances in Neural Information Processing Systems 33: Annual Conference
                  on Neural Information Processing Systems 2020, NeurIPS 2020, December
                  6-12, 2020, virtual},
  year         = {2020},
  address =      "Virtual",
  publisher   = "neurips.cc", 
}

@inproceedings{CVPR23Jiang,
  author       = {Chiyu Max Jiang and Andre Cornman and Cheolho Park and Benjamin Sapp and Yin Zhou and Dragomir Anguelov},
  title        = {MotionDiffuser: Controllable Multi-Agent Motion Prediction Using Diffusion},
  booktitle    = {{IEEE/CVF} Conference on Computer Vision and Pattern Recognition,
                  {CVPR} 2023, Vancouver, BC, Canada, June 17-24, 2023},
  pages        = {9644--9653},
  publisher    = {{IEEE}},
  year         = {2023},
  address =      "Canada",
}

@inproceedings{MIPR19Huang,
  author    = {Dou Huang and
               Xuan Song and
               Zipei Fan and
               Renhe Jiang and
               Ryosuke Shibasaki and
               Yu Zhang and
               Haizhong Wang and
               Yugo Kato},
  title     = {A Variational Autoencoder Based Generative Model of Urban Human Mobility},
  booktitle = {2nd {IEEE} Conference on Multimedia Information Processing and Retrieval,
               {MIPR} 2019, San Jose, CA, USA, March 28-30, 2019},
  pages     = {425--430},
  publisher = {{IEEE}},
  year      = {2019},
  address =      "USA",
}

@inproceedings{NIPS17Vaswani,
  author    = {Ashish Vaswani and
               Noam Shazeer and
               Niki Parmar and
               Jakob Uszkoreit and
               Llion Jones and
               Aidan N. Gomez and
               Lukasz Kaiser and
               Illia Polosukhin},
  editor    = {Isabelle Guyon and
               Ulrike von Luxburg and
               Samy Bengio and
               Hanna M. Wallach and
               Rob Fergus and
               S. V. N. Vishwanathan and
               Roman Garnett},
  title     = {Attention is All you Need},
  booktitle = {Advances in Neural Information Processing Systems 30: Annual Conference
               on Neural Information Processing Systems 2017, December 4-9, 2017,
               Long Beach, CA, {USA}},
  pages     = {5998--6008},
  year      = {2017},
  address =      "USA",
}

@article{NueroComp97,
  author    = {Sepp Hochreiter and
               J{\"{u}}rgen Schmidhuber},
  title     = {Long Short-Term Memory},
  journal   = {Neural Comput.},
  volume    = {9},
  number    = {8},
  pages     = {1735--1780},
  year      = {1997},
  address =      "",
}

@article{VLDB14Long,
  author    = {Cheng Long and
               Raymond Chi{-}Wing Wong and
               H. V. Jagadish},
  title     = {Trajectory Simplification: On Minimizing the Direction-based Error},
  journal   = {Proc. {VLDB} Endow.},
  volume    = {8},
  number    = {1},
  pages     = {49--60},
  year      = {2014},
  address =      "",
}

@article{TIST15Zheng,
  author    = {Yu Zheng},
  title     = {Trajectory Data Mining: An Overview},
  journal   = {{ACM} Trans. Intell. Syst. Technol.},
  volume    = {6},
  number    = {3},
  pages     = {29:1--29:41},
  year      = {2015},
  address =      "",
}

@inproceedings{AAAI17Zhang,
  author    = {Junbo Zhang and
               Yu Zheng and
               Dekang Qi},
  editor    = {Satinder Singh and
               Shaul Markovitch},
  title     = {Deep Spatio-Temporal Residual Networks for Citywide Crowd Flows Prediction},
  booktitle = {Proceedings of the Thirty-First {AAAI} Conference on Artificial Intelligence,
               February 4-9, 2017, San Francisco, California, {USA}},
  pages     = {1655--1661},
  publisher = {{AAAI} Press},
  year      = {2017},
  address =      "USA",
}

@inproceedings{AAAI16Liu,
  author    = {Qiang Liu and
               Shu Wu and
               Liang Wang and
               Tieniu Tan},
  editor    = {Dale Schuurmans and
               Michael P. Wellman},
  title     = {Predicting the Next Location: {A} Recurrent Model with Spatial and
               Temporal Contexts},
  booktitle = {Proceedings of the Thirtieth {AAAI} Conference on Artificial Intelligence,
               February 12-17, 2016, Phoenix, Arizona, {USA}},
  pages     = {194--200},
  publisher = {{AAAI} Press},
  year      = {2016},
  address =      "USA",
}

@article{CoRR22Zeng,
  author    = {Ailing Zeng and
               Muxi Chen and
               Lei Zhang and
               Qiang Xu},
  title     = {Are Transformers Effective for Time Series Forecasting?},
  journal   = {CoRR},
  volume    = {abs/2205.13504},
  year      = {2022},
  url       = {https://doi.org/10.48550/arXiv.2205.13504},
  doi       = {10.48550/arXiv.2205.13504},
  eprinttype = {arXiv},
  eprint    = {2205.13504},
  address =      "",
}

@inproceedings{GIS09Paul,
  author    = {Paul Newson and
               John Krumm},
  editor    = {Divyakant Agrawal and
               Walid G. Aref and
               Chang{-}Tien Lu and
               Mohamed F. Mokbel and
               Peter Scheuermann and
               Cyrus Shahabi and
               Ouri Wolfson},
  title     = {Hidden Markov map matching through noise and sparseness},
  booktitle = {17th {ACM} {SIGSPATIAL} International Symposium on Advances in Geographic
               Information Systems, {ACM-GIS} 2009, November 4-6, 2009, Seattle,
               Washington, USA, Proceedings},
  pages     = {336--343},
  publisher = {{ACM}},
  year      = {2009},
  address =      "USA",
}


@article{TITS18Yin,
  author    = {Mogeng Yin and
               Madeleine Sheehan and
               Sidney Feygin and
               Jean{-}Fran{\c{c}}ois Paiement and
               Alexei Pozdnoukhov},
  title     = {A Generative Model of Urban Activities from Cellular Data},
  journal   = {{IEEE} Trans. Intell. Transp. Syst.},
  volume    = {19},
  number    = {6},
  pages     = {1682--1696},
  year      = {2018}, 
  address =      "",
}

@inproceedings{Ubicomp14Baratchi,
  author    = {Mitra Baratchi and
               Nirvana Meratnia and
               Paul J. M. Havinga and
               Andrew K. Skidmore and
               Bert A. G. Toxopeus},
  editor    = {A. J. Brush and
               Adrian Friday and
               Julie A. Kientz and
               James Scott and
               Junehwa Song},
  title     = {A hierarchical hidden semi-Markov model for modeling mobility data},
  booktitle = {The 2014 {ACM} Conference on Ubiquitous Computing, UbiComp '14, Seattle,
               WA, USA, September 13-17, 2014},
  pages     = {401--412},
  publisher = {{ACM}},
  year      = {2014}, 
  address =      "USA",
}

@inproceedings{IJCAI18Ouyang,
  author    = {Kun Ouyang and
               Reza Shokri and
               David S. Rosenblum and
               Wenzhuo Yang},
  editor    = {J{\'{e}}r{\^{o}}me Lang},
  title     = {A Non-Parametric Generative Model for Human Trajectories},
  booktitle = {Proceedings of the Twenty-Seventh International Joint Conference on
               Artificial Intelligence, {IJCAI} 2018, July 13-19, 2018, Stockholm,
               Sweden},
  pages     = {3812--3817},
  publisher = {ijcai.org},
  year      = {2018}, 
  address =      "Sweden",
}

@inproceedings{GISS21Rao,
  author    = {Jinmeng Rao and
               Song Gao and
               Yuhao Kang and
               Qunying Huang},
  editor    = {Krzysztof Janowicz and
               Judith Anne Verstegen},
  title     = {LSTM-TrajGAN: {A} Deep Learning Approach to Trajectory Privacy Protection},
  booktitle = {11th International Conference on Geographic Information Science, GIScience
               2021, September 27-30, 2021, Pozna{\'{n}}, Poland - Part {I}},
  series    = {LIPIcs},
  volume    = {177},
  pages     = {12:1--12:17},
  publisher = {Schloss Dagstuhl - Leibniz-Zentrum f{\"{u}}r Informatik},
  year      = {2021}, 
  address =      "Poland",
}

@article{FP22Mizuno,
  title={Generation of individual daily trajectories by GPT-2},
  author={Mizuno, Takayuki and Fujimoto, Shouji and Ishikawa, Atushi},
  journal={Frontiers in Physics},
  pages={1118},
  year={2022},
  publisher={Frontiers}, 
  address =      "",
}

@article{TRPC21Choi,
  title={TrajGAIL: Generating urban vehicle trajectories using generative adversarial imitation learning},
  author={Choi, Seongjin and Kim, Jiwon and Yeo, Hwasoo},
  journal={Transportation Research Part C: Emerging Technologies},
  volume={128},
  pages={103091},
  year={2021},
  publisher={Elsevier}, 
  address =      "",
}

@inproceedings{KDD20Feng,
  author    = {Jie Feng and
               Zeyu Yang and
               Fengli Xu and
               Haisu Yu and
               Mudan Wang and
               Yong Li},
  editor    = {Rajesh Gupta and
               Yan Liu and
               Jiliang Tang and
               B. Aditya Prakash},
  title     = {Learning to Simulate Human Mobility},
  booktitle = {{KDD} '20: The 26th {ACM} {SIGKDD} Conference on Knowledge Discovery
               and Data Mining, Virtual Event, CA, USA, August 23-27, 2020},
  pages     = {3426--3433},
  publisher = {{ACM}},
  year      = {2020}, 
  address =      "USA",
}

@article{VLDB22Wang,
  author    = {Yong Wang and
               Guoliang Li and
               Kaiyu Li and
               Haitao Yuan},
  title     = {A Deep Generative Model for Trajectory Modeling and Utilization},
  journal   = {Proc. {VLDB} Endow.},
  volume    = {16},
  number    = {4},
  pages     = {973--985},
  year      = {2022}, 
  address =      "",
}

@inproceedings{AAAI17Yu,
  author    = {Lantao Yu and
               Weinan Zhang and
               Jun Wang and
               Yong Yu},
  editor    = {Satinder Singh and
               Shaul Markovitch},
  title     = {SeqGAN: Sequence Generative Adversarial Nets with Policy Gradient},
  booktitle = {Proceedings of the Thirty-First {AAAI} Conference on Artificial Intelligence,
               February 4-9, 2017, San Francisco, California, {USA}},
  pages     = {2852--2858},
  publisher = {{AAAI} Press},
  year      = {2017},
  address =      "USA",
}

@inproceedings{IJCAI17Wu,
  author    = {Hao Wu and
               Ziyang Chen and
               Weiwei Sun and
               Baihua Zheng and
               Wei Wang},
  editor    = {Carles Sierra},
  title     = {Modeling Trajectories with Recurrent Neural Networks},
  booktitle = {Proceedings of the Twenty-Sixth International Joint Conference on
               Artificial Intelligence, {IJCAI} 2017, Melbourne, Australia, August
               19-25, 2017},
  pages     = {3083--3090},
  publisher = {ijcai.org},
  year      = {2017},
  address =      "Australia",
}

@inproceedings{UbiComp14Zheng,
  author    = {Jiangchuan Zheng and
               Lionel M. Ni},
  editor    = {A. J. Brush and
               Adrian Friday and
               Julie A. Kientz and
               James Scott and
               Junehwa Song},
  title     = {Modeling heterogeneous routing decisions in trajectories for driving
               experience learning},
  booktitle = {The 2014 {ACM} Conference on Ubiquitous Computing, UbiComp '14, Seattle,
               WA, USA, September 13-17, 2014},
  pages     = {951--961},
  publisher = {{ACM}},
  year      = {2014}, 
  address =      "USA",
}

@article{CSUR23Luca,
  author       = {Massimiliano Luca and
                  Gianni Barlacchi and
                  Bruno Lepri and
                  Luca Pappalardo},
  title        = {A Survey on Deep Learning for Human Mobility},
  journal      = {{ACM} Comput. Surv.},
  volume       = {55},
  number       = {2},
  pages        = {7:1--7:44},
  year         = {2023}, 
  address =      "",
}

@article{CURS20Goodfellow,
  title={Generative adversarial networks},
  author={Goodfellow, Ian and Pouget-Abadie, Jean and Mirza, Mehdi and Xu, Bing and Warde-Farley, David and Ozair, Sherjil and Courville, Aaron and Bengio, Yoshua},
  journal={Communications of the ACM},
  volume={63},
  number={11},
  pages={139--144},
  year={2020},
  publisher={ACM New York, NY, USA}, 
  address =      "USA",
}

@inproceedings{GIS90Paul,
  author       = {Paul Newson and John Krumm},
  title        = {Hidden Markov map matching through noise and sparseness},
  booktitle    = {17th {ACM} {SIGSPATIAL} International Symposium on Advances in Geographic
                  Information Systems, {ACM-GIS} 2009, November 4-6, 2009, Seattle,
                  Washington, USA, Proceedings},
  pages        = {336--343}, 
  address =      "USA",
}

@inproceedings{ICLR14Kingma,
  author       = {Diederik P. Kingma and Max Welling},
  title        = {Auto-Encoding Variational Bayes},
  booktitle    = {2nd International Conference on Learning Representations, {ICLR} 2014,
                  Banff, AB, Canada, April 14-16, 2014, Conference Track Proceedings},
  year         = {2014},
  publisher = "OpenReview.net", 
  address =      "Canada",
}

@article{arxiv23Carvalho,
  author       = {Jo{\~{a}}o Carvalho and
                  An T. Le and
                  Mark Baierl and
                  Dorothea Koert and
                  Jan Peters},
  title        = {Motion Planning Diffusion: Learning and Planning of Robot Motions
                  with Diffusion Models},
  journal      = {CoRR},
  volume       = {abs/2308.01557},
  year         = {2023},
  address =      "",
}
