@inproceedings{Liu2019,
  author    = {Liu, H. and Simonyan, K. and Yang, Y.},
  title     = {{DARTS: Differentiable Architecture Search}},
  booktitle = {{Proc. of ICLR}},
  year      = {2019}
}

@inproceedings{Real2019,
  author    = {Real, E. and Aggarwal, A. and Huang, Y. and Le, Q. V.},
  title     = {{Regularized Evolution for Image Classifier Architecture Search}},
  booktitle = {{Proc. of AAAI}},
  year      = {2019}
}

@inproceedings{Shen2023,
  author    = {Shen, Y. and Song, K. and Tan, X. and Li, D. and Lu, W. and Zhuang, Y.},
  title     = {{HuggingGPT: Solving AI Tasks with ChatGPT and its Friends in Hugging Face}},
  booktitle = {{Proc. of NeurIPS}},
  year      = {2023}
}

@inproceedings{Yao2023,
  author    = {Yao, S. and Zhao, J. and Yu, D. and Du, N. and Shafran, I.
               and Narasimhan, K. and Cao, Y.},
  title     = {{ReAct: Synergizing Reasoning and Acting in Language Models}},
  booktitle = {{Proc. of ICLR}},
  year      = {2023}
}

@inproceedings{Zoph2017,
  author    = {Zoph, B. and Le, Q. V.},
  title     = {{Neural Architecture Search with Reinforcement Learning}},
  booktitle = {{Proc. of ICLR}},
  year      = {2017}
}

@article{alphacode,
  author = {Li, Y. and et al.},
  title  = {{Competition-level Code Generation with AlphaCode}},
  journal = {Science},
  volume  = {378},
  pages   = {1092--1097},
  year    = {2022},
  doi     = {10.1126/science.abq1158}
}

@article{autogluon,
  author  = {Mueller, J. and et al.},
  title   = {{AutoGluon: AutoML for Text, Image, and Tabular Data}},
  journal = {Scientific Reports},
  volume  = {14},
  number  = {1},
  pages   = {72889},
  year    = {2024}
}

@misc{autosklearn,
  author       = {Feurer, M. and Eggensperger, K. and Bergman, E. and Pfisterer, F.
                  and Bischl, B. and Hutter, F.},
  title        = {{Auto-Sklearn 2.0: Hands-free AutoML via Meta-Learning}},
  howpublished = {arXiv preprint arXiv:2007.04074},
  year         = {2020}
}

@inproceedings{autoweka-kdd,
  author    = {Thornton, C. and Hutter, F. and Hoos, H. H. and Leyton-Brown, K.},
  title     = {{Auto-WEKA: Combined Selection and Hyperparameter Optimization of Classification Algorithms}},
  booktitle = {{Proc. of ACM SIGKDD (KDD)}},
  year      = {2013}
}

@inproceedings{tpot,
  author    = {Olson, R. S. and Moore, J. H.},
  title     = {{TPOT: A Tree-based Pipeline Optimization Tool for Automating Machine Learning}},
  booktitle = {{ICML AutoML Workshop}},
  year      = {2016}
}

@misc{voyager,
  author       = {Wang, G. and Xie, Y. and Jiang, Y. and Mandlekar, A. and Xiao, C.
                  and Zhu, Y. and Fan, L. and Anandkumar, A.},
  title        = {{Voyager: An Open-Ended Embodied Agent with Large Language Models}},
  howpublished = {arXiv preprint arXiv:2305.16291},
  year         = {2023}
}

