@misc{aide-report,
  author       = {{Weco AI}},
  title        = {{AIDE: Data Science Automation Technical Report}},
  year         = {2024},
  howpublished = {\url{https://www.weco.ai/blog/technical-report}},
  note         = {[Online; accessed February 3, 2025]}
}

@misc{mlebench,
  author       = {Chan, J. S. and Chowdhury, N. and Jaffe, O. and Aung, J. and
                  Sherburn, D. and Mays, E. and Starace, G. and Liu, K. and
                  Maksin, L. and Patwardhan, T. and Weng, L. and M{\k a}dry, A.},
  title        = {{MLE-bench: Evaluating Machine Learning Agents on Machine Learning Engineering}},
  howpublished = {arXiv preprint arXiv:2410.07095},
  year         = {2024}
}

@article{PoMDP,
  title={Planning and acting in partially observable stochastic domains},
  author={Kaelbling, Leslie Pack and Littman, Michael L and Cassandra, Anthony R},
  journal={Artificial Intelligence},
  volume={101},
  number={1-2},
  pages={99--134},
  year={1998},
  publisher={Elsevier}
}

@misc{rebench,
  author       = {{METR}},
  title        = {{Evaluating frontier AI R\&D capabilities of language model agents against human experts}},
  howpublished = {\url{https://metr.org/blog/2024-11-22-evaluating-r-d-capabilities-of-llms/}},
  note         = {Blog post (November 2024)},
  year         = {2024}
}

@misc{autosklearn,
  author       = {Feurer, M. and Eggensperger, K. and Bergman, E. and Pfisterer, F.
                  and Bischl, B. and Hutter, F.},
  title        = {{Auto-Sklearn 2.0: Hands-free AutoML via Meta-Learning}},
  howpublished = {arXiv preprint arXiv:2007.04074},
  year         = {2020}
}

@inproceedings{h2oautoml,
  author    = {LeDell, E. and Poirier, S.},
  title     = {{H2O AutoML: Scalable Automatic Machine Learning}},
  booktitle = {{Proc. of the AutoML Conference}},
  year      = {2020},
  pages     = {1--8}
}

@inproceedings{tpot,
  author    = {Olson, R. S. and Moore, J. H.},
  title     = {{TPOT: A Tree-based Pipeline Optimization Tool for Automating Machine Learning}},
  booktitle = {{ICML AutoML Workshop}},
  year      = {2016}
}

@article{autokeras2023,
  author  = {Jin, H. and Chollet, F. and Song, Q. and Hu, X.},
  title   = {{AutoKeras: An AutoML Library for Deep Learning}},
  journal = {Journal of Machine Learning Research},
  volume  = {24},
  number  = {6},
  pages   = {1--7},
  year    = {2023}
}

@inproceedings{autokeras2019,
  author    = {Jin, H. and Song, Q. and Hu, X.},
  title     = {{Auto-Keras: An Efficient Neural Architecture Search System}},
  booktitle = {{Proc. of ACM SIGKDD (KDD)}},
  year      = {2019}
}

@article{autoweka-jmlr,
  author  = {Thornton, C. and Hutter, F. and Hoos, H. H. and Leyton-Brown, K.},
  title   = {{Auto-WEKA 2.0: Automatic Model Selection and Hyperparameter Optimization in WEKA}},
  journal = {Journal of Machine Learning Research},
  volume  = {14},
  number  = {1},
  pages   = {267--281},
  year    = {2013}
}

@inproceedings{autoweka-kdd,
  author    = {Thornton, C. and Hutter, F. and Hoos, H. H. and Leyton-Brown, K.},
  title     = {{Auto-WEKA: Combined Selection and Hyperparameter Optimization of Classification Algorithms}},
  booktitle = {{Proc. of ACM SIGKDD (KDD)}},
  year      = {2013}
}

@article{autogluon,
  author  = {Mueller, J. and et al.},
  title   = {{AutoGluon: AutoML for Text, Image, and Tabular Data}},
  journal = {Scientific Reports},
  volume  = {14},
  number  = {1},
  pages   = {72889},
  year    = {2024}
}

@misc{voyager,
  author       = {Wang, G. and Xie, Y. and Jiang, Y. and Mandlekar, A. and Xiao, C.
                  and Zhu, Y. and Fan, L. and Anandkumar, A.},
  title        = {{Voyager: An Open-Ended Embodied Agent with Large Language Models}},
  howpublished = {arXiv preprint arXiv:2305.16291},
  year         = {2023}
}

@misc{eureka,
  author       = {Ma, Y. J. and Liang, W. and Wang, G. and Huang, D. and Bastani, O.
                  and Jayaraman, D. and Zhu, Y. and Fan, L. and Anandkumar, A.},
  title        = {{Eureka: Human-Level Reward Design via Coding Large Language Models}},
  howpublished = {arXiv preprint arXiv:2310.12931},
  year         = {2023}
}

@article{alphacode,
  author = {Li, Y. and et al.},
  title  = {{Competition-level Code Generation with AlphaCode}},
  journal = {Science},
  volume  = {378},
  pages   = {1092--1097},
  year    = {2022},
  doi     = {10.1126/science.abq1158}
}

@misc{langchain,
  author       = {Huang, Q. and Vora, J. and Liang, P. and Leskovec, J.},
  title        = {{Benchmarking Large Language Models as AI Research Agents}},
  howpublished = {arXiv preprint arXiv:2310.03302},
  year         = {2023}
}

@misc{autogpt,
  author       = {Mialon, G. and Fourrier, C. and Swift, C. and Wolf, T. and LeCun, Y. and Scialom, T.},
  title        = {{GAIA: A Benchmark for General AI Assistants}},
  howpublished = {arXiv preprint arXiv:2311.12983},
  year         = {2023}
}

@article{reinforcement_learning,
  author  = {Silver, D. and et al.},
  title   = {{Mastering the Game of Go Without Human Knowledge}},
  journal = {Nature},
  volume  = {550},
  number  = {7676},
  pages   = {354--359},
  year    = {2017}
}

@inproceedings{Feurer2015,
  author    = {Feurer, M. and Klein, A. and Eggensperger, K. and Springenberg, J. T.
               and Blum, M. and Hutter, F.},
  title     = {{Efficient and Robust Automated Machine Learning}},
  booktitle = {{Proc. of NeurIPS}},
  volume    = {28},
  year      = {2015}
}

@inproceedings{Falkner2018,
  author    = {Falkner, S. and Klein, A. and Hutter, F.},
  title     = {{BOHB: Robust and Efficient Hyperparameter Optimization at Scale}},
  booktitle = {{Proc. of ICML}},
  volume    = {35},
  year      = {2018}
}

@inproceedings{Yao2023,
  author    = {Yao, S. and Zhao, J. and Yu, D. and Du, N. and Shafran, I.
               and Narasimhan, K. and Cao, Y.},
  title     = {{ReAct: Synergizing Reasoning and Acting in Language Models}},
  booktitle = {{Proc. of ICLR}},
  year      = {2023}
}

@inproceedings{Shen2023,
  author    = {Shen, Y. and Song, K. and Tan, X. and Li, D. and Lu, W. and Zhuang, Y.},
  title     = {{HuggingGPT: Solving AI Tasks with ChatGPT and its Friends in Hugging Face}},
  booktitle = {{Proc. of NeurIPS}},
  year      = {2023}
}

@misc{Schick2023,
  author       = {Schick, T. and Dwivedi-Yu, J. and Dess√¨, R. and Raileanu, R. and
                  Lomeli, M. and Zettlemoyer, L. and Cancedda, N. and Scialom, T.},
  title        = {{Toolformer: Language Models Can Teach Themselves to Use Tools}},
  howpublished = {arXiv preprint arXiv:2302.04761},
  year         = {2023}
}

@inproceedings{Zoph2017,
  author    = {Zoph, B. and Le, Q. V.},
  title     = {{Neural Architecture Search with Reinforcement Learning}},
  booktitle = {{Proc. of ICLR}},
  year      = {2017}
}

@inproceedings{Pham2018,
  author    = {Pham, H. and Guan, M. Y. and Zoph, B. and Le, Q. V. and Dean, J.},
  title     = {{Efficient Neural Architecture Search via Parameter Sharing}},
  booktitle = {{Proc. of ICML}},
  volume    = {35},
  year      = {2018}
}

@inproceedings{Liu2019,
  author    = {Liu, H. and Simonyan, K. and Yang, Y.},
  title     = {{DARTS: Differentiable Architecture Search}},
  booktitle = {{Proc. of ICLR}},
  year      = {2019}
}

@inproceedings{Real2019,
  author    = {Real, E. and Aggarwal, A. and Huang, Y. and Le, Q. V.},
  title     = {{Regularized Evolution for Image Classifier Architecture Search}},
  booktitle = {{Proc. of AAAI}},
  year      = {2019}
}

@article{hpo-lit-review,
  author  = {Yang, L. and Shami, A.},
  title   = {{On hyperparameter optimization of machine learning algorithms: Theory and practice}},
  journal = {Neurocomputing},
  volume  = {415},
  pages   = {295--316},
  year    = {2020}
}

@article{nas-lit-review,
  author  = {Elsken, T. and Metzen, J. H. and Hutter, F.},
  title   = {{Neural architecture search: A survey}},
  journal = {Journal of Machine Learning Research},
  volume  = {20},
  number  = {55},
  pages   = {1--21},
  year    = {2019}
}

@article{openhands-platform,
  author  = {Wang, X. and Li, B. and Song, Y. and Xu, F. F. and Tang, X. and Zhuge, M. and Pan, J. and Song, Y. and Li, B. and Singh, J. and others},
  title   = {{Openhands: An open platform for AI software developers as generalist agents}},
  journal = {arXiv preprint arXiv:2407.16741},
  year    = {2024}
}

@inproceedings{swebench,
    title={{SWE}-bench: Can Language Models Resolve Real-world Github Issues?},
    author={Carlos E Jimenez and John Yang and Alexander Wettig and Shunyu Yao and Kexin Pei and Ofir Press and Karthik R Narasimhan},
    booktitle={The Twelfth International Conference on Learning Representations},
    year={2024},
    url={https://openreview.net/forum?id=VTF8yNQM66}
}
@inproceedings{jain2025livecodebench,
    title={LiveCodeBench: Holistic and Contamination Free Evaluation of Large Language Models for Code},
    author={Naman Jain and King Han and Alex Gu and Wen-Ding Li and Fanjia Yan and Tianjun Zhang and Sida Wang and Armando Solar-Lezama and Koushik Sen and Ion Stoica},
    booktitle={The Thirteenth International Conference on Learning Representations},
    year={2025},
    url={https://openreview.net/forum?id=chfJJYC3iL}
}

@techreport{gpt4-tech-report,
  title={Gpt-4 technical report},
  author={OpenAI},
  journal={arXiv preprint arXiv:2303.08774},
  year={2023},
  institution = {OpenAI},
}

@techreport{o3-system-card,
  title={OpenAI o3-mini System Card},
  author={OpenAI},
  year={2025},
  institution = {OpenAI},
  url={https://cdn.openai.com/o3-mini-system-card.pdf}
}

@techreport{o1-system-card,
  title={OpenAI o1 System Card},
  author={OpenAI},
  year={2025},
  institution = {OpenAI},
  url={https://cdn.openai.com/o1-system-card-20241205.pdf}
}

@techreport{first-claude35sonnet-system-card,
  title={Claude 3.5 sonnet model card addendum},
  author={Anthropic},
  institution={Anthropic},
  year={2024},
  url={https://www-cdn.anthropic.com/fed9cc193a14b84131812372d8d5857f8f304c52/Model_Card_Claude_3_Addendum.pdf}
}

@article{white2023neural,
  title={Neural architecture search: Insights from 1000 papers},
  author={White, Colin and Safari, Mahmoud and Sukthanker, Rhea and Ru, Binxin and Elsken, Thomas and Zela, Arber and Dey, Debadeepta and Hutter, Frank},
  journal={arXiv preprint arXiv:2301.08727},
  year={2023}
}

@inproceedings{huang2024mlagentbench,
  title={MLAgentBench: Evaluating Language Agents on Machine Learning Experimentation},
  author={Huang, Qian and Vora, Jian and Liang, Percy and Leskovec, Jure},
  booktitle={Forty-first International Conference on Machine Learning},
  year={2024}
}

@article{team2024gemini,
  title={Gemini 1.5: Unlocking multimodal understanding across millions of tokens of context},
  author={Google},
  journal={arXiv preprint arXiv:2403.05530},
  year={2024}
}

@article{H2OAutoML20,
    title = {{H2O} {A}uto{ML}: Scalable Automatic Machine Learning},
    author = {Erin LeDell and Sebastien Poirier},
    year = {2020},
    month = {July},
    journal = {7th ICML Workshop on Automated Machine Learning (AutoML)},
    url = {https://www.automl.org/wp-content/uploads/2020/07/AutoML_2020_paper_61.pdf},
}