@inproceedings{abellan2006some,
	title={Some variations on the PC algorithm.},
	author={Abell{\'a}n, Joaqu{\'\i}n and G{\'o}mez-Olmedo, Manuel and Moral, Seraf{\'\i}n and others},
	booktitle={Probabilistic Graphical Models},
	pages={1--8},
	year={2006},
	organization={Citeseer}
}

@inproceedings{bhattacharyya2021near,
  title={Near-optimal learning of tree-structured distributions by Chow-Liu},
  author={Bhattacharyya, Arnab and Gayen, Sutanu and Price, Eric and Vinodchandran, NV},
  booktitle={Proceedings of the 53rd annual acm SIGACT symposium on theory of computing},
  pages={147--160},
  year={2021}
}

@article{bromberg2009improving,
  title={Improving the Reliability of Causal Discovery from Small Data Sets Using Argumentation.},
  author={Bromberg, Facundo and Margaritis, Dimitris},
  journal={Journal of Machine Learning Research},
  volume={10},
  number={2},
  year={2009}
}

@inproceedings{cano2008score,
	title={A score based ranking of the edges for the PC algorithm},
	author={Cano, Andr{\'e}s and G{\'o}mez-Olmedo, Manuel and Moral, Seraf{\'\i}n},
	booktitle={Proceedings of the Fourth European Workshop on Probabilistic Graphical Models},
	pages={41--48},
	year={2008}
}

@article{colombo2014order,
	title={Order-independent constraint-based causal structure learning.},
	author={Colombo, Diego and Maathuis, Marloes H and others},
	journal={J. Mach. Learn. Res.},
	volume={15},
	number={1},
	pages={3741--3782},
	year={2014}
}

@inproceedings{faller2024self,
  title={Self-compatibility: Evaluating causal discovery without ground truth},
  author={Faller, Philipp M and Vankadara, Leena C and Mastakouri, Atalanti A and Locatello, Francesco and Janzing, Dominik},
  booktitle={International Conference on Artificial Intelligence and Statistics},
  pages={4132--4140},
  year={2024},
  organization={PMLR}
}

@inproceedings{gresele2022causal,
  title={Causal inference through the structural causal marginal problem},
  author={Gresele, Luigi and Von K{\"u}gelgen, Julius and K{\"u}bler, Jonas and Kirschbaum, Elke and Sch{\"o}lkopf, Bernhard and Janzing, Dominik},
  booktitle={International Conference on Machine Learning},
  pages={7793--7824},
  year={2022},
  organization={PMLR}
}

@article{harris2013pc,
	title={PC algorithm for nonparanormal graphical models.},
	author={Harris, Naftali and Drton, Mathias},
	journal={Journal of Machine Learning Research},
	volume={14},
	number={11},
	year={2013}
}

@article{janzing2023reinterpreting,
	title={Reinterpreting causal discovery as the task of predicting unobserved joint statistics},
	author={Janzing, Dominik and Faller, Philipp M and Vankadara, Leena Chennuru},
	journal={arXiv preprint arXiv:2305.06894},
	year={2023}
}

@article{kalisch2007estimating,
	title={Estimating high-dimensional directed acyclic graphs with the PC-algorithm.},
	author={Kalisch, Markus and B{\"u}hlman, Peter},
	journal={Journal of Machine Learning Research},
	volume={8},
	number={3},
	year={2007}
}

@article{kalisch2008robustification,
	title={Robustification of the PC-algorithm for directed acyclic graphs},
	author={Kalisch, Markus and B{\"u}hlmann, Peter},
	journal={Journal of Computational and Graphical Statistics},
	volume={17},
	number={4},
	pages={773--789},
	year={2008},
	publisher={Taylor \& Francis}
}

@InProceedings{kim2024causal,
  title = 	 {Causal Discovery with Deductive Reasoning: One Less Problem},
  author =       {Kim, Jonghwan and Hwang, Inwoo and Lee, Sanghack},
  booktitle = 	 {Proceedings of the Fortieth Conference on Uncertainty in Artificial Intelligence},
  pages = 	 {1999--2017},
  year = 	 {2024},
  series = 	 {Proceedings of Machine Learning Research},
  publisher =    {PMLR}
  
}

@article{li2009controlling,
	title={Controlling the False Discovery Rate of the Association/Causality Structure Learned with the PC Algorithm.},
	author={Li, Junning and Wang, Z Jane},
	journal={Journal of Machine Learning Research},
	volume={10},
	number={2},
	year={2009}
}

@inproceedings{ramsey2006adjacency,
	title={Adjacency-faithfulness and conservative causal inference},
	author={Ramsey, Joseph and Spirtes, Peter and Zhang, Jiji},
	booktitle={Proceedings of the Twenty-Second Conference on Uncertainty in Artificial Intelligence},
	pages={401--408},
	year={2006}
}

@article{russo2024argumentative,
  title={Argumentative Causal Discovery},
  author={Russo, Fabrizio and Rapberger, Anna and Toni, Francesca},
  journal={arXiv preprint arXiv:2405.11250},
  year={2024}
}

@article{schkoda2024cross,
  title={Cross-validating causal discovery via Leave-One-Variable-Out},
  author={Schkoda, Daniela and Faller, Philipp and Bl{\"o}baum, Patrick and Janzing, Dominik},
  journal={arXiv preprint arXiv:2411.05625},
  year={2024}
}

@article{sotskov1995some,
	title={Some concepts of stability analysis in combinatorial optimization},
	author={Sotskov, Yu N and Leontev, Vladimir K and Gordeev, Evgenii N},
	journal={Discrete Applied Mathematics},
	volume={58},
	number={2},
	pages={169--190},
	year={1995},
	publisher={Elsevier}
}

@article{strobl2016estimating,
	title={Estimating and controlling the false discovery rate for the PC algorithm using edge-specific p-values},
	author={Strobl, Eric V and Spirtes, Peter L and Visweswaran, Shyam},
	journal={arXiv preprint arXiv:1607.03975},
	year={2016}
}

@article{tsamardinos2012towards,
  title={Towards integrative causal analysis of heterogeneous data sets and studies},
  author={Tsamardinos, Ioannis and Triantafillou, Sofia and Lagani, Vincenzo},
  journal={The Journal of Machine Learning Research},
  volume={13},
  number={1},
  pages={1097--1157},
  year={2012},
  publisher={JMLR. org}
}

@article{zhang2016three,
	title={The three faces of faithfulness},
	author={Zhang, Jiji and Spirtes, Peter},
	journal={Synthese},
	volume={193},
	pages={1011--1027},
	year={2016},
	publisher={Springer}
}

