@article{shah2020hardness,
	title={The hardness of conditional independence testing and the generalised covariance measure},
	author={Shah, Rajen D and Peters, Jonas},
	year={2020}
}
@article{eulig2023toward,
	title={Toward Falsifying Causal Graphs Using a Permutation-Based Test},
	author={Eulig, Elias and Mastakouri, Atalanti A and Bl{\"o}baum, Patrick and Hardt, Michaela and Janzing, Dominik},
	journal={arXiv preprint arXiv:2305.09565},
	year={2023}
}
@book{lauritzen1996graphical,
	title={Graphical models},
	author={Lauritzen, Steffen L},
	volume={17},
	year={1996},
	publisher={Clarendon Press}
}
@article{acid2013algorithm,
	title={An algorithm for finding minimum d-separating sets in belief networks},
	author={Acid, Silvia and De Campos, Luis M},
	journal={arXiv preprint arXiv:1302.3549},
	year={2013}
}
@article{janzing2023reinterpreting,
	title={Reinterpreting causal discovery as the task of predicting unobserved joint statistics},
	author={Janzing, Dominik and Faller, Philipp M and Vankadara, Leena Chennuru},
	journal={arXiv preprint arXiv:2305.06894},
	year={2023}
}
@book{pearl2009causality,
	title={Causality},
	author={Pearl, Judea},
	year={2009},
	publisher={Cambridge university press}
}
@article{hoyer2008nonlinear,
	title={Nonlinear causal discovery with additive noise models},
	author={Hoyer, Patrik and Janzing, Dominik and Mooij, Joris M and Peters, Jonas and Sch{\"o}lkopf, Bernhard},
	journal={Advances in neural information processing systems},
	volume={21},
	year={2008}
}
@article{mooij2016distinguishing,
	title={Distinguishing cause from effect using observational data: methods and benchmarks},
	author={Mooij, Joris M and Peters, Jonas and Janzing, Dominik and Zscheischler, Jakob and Sch{\"o}lkopf, Bernhard},
	journal={The Journal of Machine Learning Research},
	volume={17},
	number={1},
	pages={1103--1204},
	year={2016},
	publisher={JMLR. org}
}

@incollection{verma2022equivalence,
	title={Equivalence and synthesis of causal models},
	author={Verma, Thomas S and Pearl, Judea},
	booktitle={Probabilistic and Causal Inference: The Works of Judea Pearl},
	pages={221--236},
	year={2022}
}

@article{wang2017falsification,
	title={On falsification of the binary instrumental variable model},
	author={Wang, Linbo and Robins, James M and Richardson, Thomas S},
	journal={Biometrika},
	volume={104},
	number={1},
	pages={229--236},
	year={2017},
	publisher={Oxford University Press}
}

@article{apfel2022falsification,
	title={The Falsification Adaptive Set in Linear Models with Instrumental Variables that Violate the Exogeneity or Exclusion Restriction},
	author={Apfel, Nicolas and Windmeijer, Frank},
	journal={arXiv preprint arXiv:2212.04814},
	year={2022}
}

@article{labrecque2018understanding,
	title={Understanding the assumptions underlying instrumental variable analyses: a brief review of falsification strategies and related tools},
	author={Labrecque, Jeremy and Swanson, Sonja A},
	journal={Current epidemiology reports},
	volume={5},
	number={3},
	pages={214--220},
	year={2018},
	publisher={Springer}
}

@article{glymour2012credible,
	title={Credible Mendelian randomization studies: approaches for evaluating the instrumental variable assumptions},
	author={Glymour, M Maria and Tchetgen Tchetgen, Eric J and Robins, James M},
	journal={American journal of epidemiology},
	volume={175},
	number={4},
	pages={332--339},
	year={2012},
	publisher={Oxford University Press}
}

@article{masten2021salvaging,
	title={Salvaging falsified instrumental variable models},
	author={Masten, Matthew A and Poirier, Alexandre},
	journal={Econometrica},
	volume={89},
	number={3},
	pages={1449--1469},
	year={2021},
	publisher={Wiley Online Library}
}

@article{hausman1978specification,
	title={Specification tests in econometrics},
	author={Hausman, Jerry A},
	journal={Econometrica: Journal of the econometric society},
	pages={1251--1271},
	year={1978},
	publisher={JSTOR}
}

@article{schmidheiny2016instrumental,
	title={Instrumental variables},
	author={Schmidheiny, Kurt},
	journal={Short Guides to Microeconomics: Fal l},
	year={2016}
}

@article{windmeijer2021confidence,
	title={The confidence interval method for selecting valid instrumental variables},
	author={Windmeijer, Frank and Liang, Xiaoran and Hartwig, Fernando P and Bowden, Jack},
	journal={Journal of the Royal Statistical Society: Series B (Statistical Methodology)},
	volume={83},
	number={4},
	pages={752--776},
	year={2021},
	publisher={Wiley Online Library}
}

@article{windmeijer2018testing,
	title={Testing over-and underidentification in linear models, with applications to dynamic panel data and asset-pricing models},
	author={Windmeijer, Frank and others},
	year={2018}
}


@inproceedings{geiger2014estimating,
	title={Estimating Causal Effects by Bounding Confounding.},
	author={Geiger, Philipp and Janzing, Dominik and Sch{\"o}lkopf, Bernhard},
	booktitle={UAI},
	pages={240--249},
	year={2014}
}

@article{li2022rethinking,
	author  = {Chunxiao Li and Cynthia Rudin and Tyler H. McCormick},
	title   = {Rethinking Nonlinear Instrumental Variable Models through Prediction Validity},
	journal = {Journal of Machine Learning Research},
	year    = {2022},
	volume  = {23},
	number  = {96},
	pages   = {1--55},
	url     = {http://jmlr.org/papers/v23/21-0082.html}
}

@inproceedings{puli2020general,
	author = {Puli, Aahlad and Ranganath, Rajesh},
	booktitle = {Advances in Neural Information Processing Systems},
	editor = {H. Larochelle and M. Ranzato and R. Hadsell and M.F. Balcan and H. Lin},
	pages = {8440--8451},
	publisher = {Curran Associates, Inc.},
	title = {General Control Functions for Causal Effect Estimation from IVs},
	url = {https://proceedings.neurips.cc/paper/2020/file/604f2c31e67034642b288d76a8df11d5-Paper.pdf},
	volume = {33},
	year = {2020}
}

@article{tashiro2014parcelingam,
	title={ParceLiNGAM: A causal ordering method robust against latent confounders},
	author={Tashiro, Tatsuya and Shimizu, Shohei and Hyv{\"a}rinen, Aapo and Washio, Takashi},
	journal={Neural computation},
	volume={26},
	number={1},
	pages={57--83},
	year={2014},
	publisher={MIT Press One Rogers Street, Cambridge, MA 02142-1209, USA journals-info~â€¦}
}
@inproceedings{maeda2020rcd,
	title={RCD: Repetitive causal discovery of linear non-Gaussian acyclic models with latent confounders},
	author={Maeda, Takashi Nicholas and Shimizu, Shohei},
	booktitle={International Conference on Artificial Intelligence and Statistics},
	pages={735--745},
	year={2020},
	organization={PMLR}
}
@article{spirtes1999algorithm,
	title={An algorithm for causal inference in the presence of latent variables and selection bias},
	author={Spirtes, Peter and Meek, Christopher and Richardson, Thomas},
	journal={Computation, causation, and discovery},
	volume={21},
	pages={211--252},
	year={1999}
}
@article{maeda2021discovery,
	title={Discovery of causal additive models in the presence of unobserved variables},
	author={Maeda, Takashi Nicholas and Shimizu, Shohei},
	journal={arXiv preprint arXiv:2106.02234},
	year={2021}
}

@inproceedings{compton2022entropic,
	title={Entropic causal inference: Graph identifiability},
	author={Compton, Spencer and Greenewald, Kristjan and Katz, Dmitriy A and Kocaoglu, Murat},
	booktitle={International Conference on Machine Learning},
	pages={4311--4343},
	year={2022},
	organization={PMLR}
}

@inproceedings{rolland2022score,
	title={Score matching enables causal discovery of nonlinear additive noise models},
	author={Rolland, Paul and Cevher, Volkan and Kleindessner, Matth{\"a}us and Russell, Chris and Janzing, Dominik and Sch{\"o}lkopf, Bernhard and Locatello, Francesco},
	booktitle={International Conference on Machine Learning},
	pages={18741--18753},
	year={2022},
	organization={PMLR}
}
@article{buhlmann2014cam,
	title={CAM: Causal additive models, high-dimensional order search and penalized regression},
	author={B{\"u}hlmann, Peter and Peters, Jonas and Ernest, Jan},
	journal={The Annals of Statistics},
	volume={42},
	number={6},
	pages={2526--2556},
	year={2014},
	publisher={Institute of Mathematical Statistics}
}
@article{shimizu2006linear,
	title={A linear non-Gaussian acyclic model for causal discovery.},
	author={Shimizu, Shohei and Hoyer, Patrik O and Hyv{\"a}rinen, Aapo and Kerminen, Antti and Jordan, Michael},
	journal={Journal of Machine Learning Research},
	volume={7},
	number={10},
	year={2006}
}
@book{spirtes2000causation,
	title={Causation, prediction, and search},
	author={Spirtes, Peter and Glymour, Clark N and Scheines, Richard and Heckerman, David},
	year={2000},
	publisher={MIT press}
}
@article{tsamardinos2006max,
	title={The max-min hill-climbing Bayesian network structure learning algorithm},
	author={Tsamardinos, Ioannis and Brown, Laura E and Aliferis, Constantin F},
	journal={Machine learning},
	volume={65},
	number={1},
	pages={31--78},
	year={2006},
	publisher={Springer}
}
@article{janzing2018merging,
	title={Merging joint distributions via causal model classes with low VC dimension},
	author={Janzing, Dominik},
	journal={arXiv preprint arXiv:1804.03206},
	year={2018}
}
@article{kalisch2007estimating,
	title={Estimating high-dimensional directed acyclic graphs with the PC-algorithm.},
	author={Kalisch, Markus and B{\"u}hlman, Peter},
	journal={Journal of Machine Learning Research},
	volume={8},
	number={3},
	year={2007}
}
@article{uhler2013geometry,
	title={Geometry of the faithfulness assumption in causal inference},
	author={Uhler, Caroline and Raskutti, Garvesh and B{\"u}hlmann, Peter and Yu, Bin},
	journal={The Annals of Statistics},
	pages={436--463},
	year={2013},
	publisher={JSTOR}
}
@inproceedings{meek1995causal,
	title={Causal inference and causal explanation with background knowledge},
	author={Meek, Christopher},
	booktitle={Proceedings of the Eleventh conference on Uncertainty in artificial intelligence},
	pages={403--410},
	year={1995}
}
@article{maathuis2009estimating,
	title={Estimating high-dimensional intervention effects from observational data},
	author={Maathuis, Marloes H and Kalisch, Markus and B{\"u}hlmann, Peter},
	journal={The Annals of Statistics},
	volume={37},
	number={6A},
	pages={3133--3164},
	year={2009},
	publisher={Institute of Mathematical Statistics}
}

@article{strobl2016estimating,
	title={Estimating and controlling the false discovery rate for the PC algorithm using edge-specific p-values},
	author={Strobl, Eric V and Spirtes, Peter L and Visweswaran, Shyam},
	journal={arXiv preprint arXiv:1607.03975},
	year={2016}
}

@article{kalisch2008robustification,
	title={Robustification of the PC-algorithm for directed acyclic graphs},
	author={Kalisch, Markus and B{\"u}hlmann, Peter},
	journal={Journal of Computational and Graphical Statistics},
	volume={17},
	number={4},
	pages={773--789},
	year={2008},
	publisher={Taylor \& Francis}
}

@inproceedings{cano2008score,
	title={A score based ranking of the edges for the PC algorithm},
	author={Cano, Andr{\'e}s and G{\'o}mez-Olmedo, Manuel and Moral, Seraf{\'\i}n},
	booktitle={Proceedings of the Fourth European Workshop on Probabilistic Graphical Models},
	pages={41--48},
	year={2008}
}

@article{li2009controlling,
	title={Controlling the False Discovery Rate of the Association/Causality Structure Learned with the PC Algorithm.},
	author={Li, Junning and Wang, Z Jane},
	journal={Journal of Machine Learning Research},
	volume={10},
	number={2},
	year={2009}
}

@inproceedings{abellan2006some,
	title={Some variations on the PC algorithm.},
	author={Abell{\'a}n, Joaqu{\'\i}n and G{\'o}mez-Olmedo, Manuel and Moral, Seraf{\'\i}n and others},
	booktitle={Probabilistic Graphical Models},
	pages={1--8},
	year={2006},
	organization={Citeseer}
}

@article{harris2013pc,
	title={PC algorithm for nonparanormal graphical models.},
	author={Harris, Naftali and Drton, Mathias},
	journal={Journal of Machine Learning Research},
	volume={14},
	number={11},
	year={2013}
}

@phdthesis{hanauer2018linear,
	author = {Hanauer, Kathrin},
	year = {2018},
	month = {07},
	pages = {},
	title = {Linear Orderings of Sparse Graphs}
}

@article{sotskov1995some,
	title={Some concepts of stability analysis in combinatorial optimization},
	author={Sotskov, Yu N and Leontev, Vladimir K and Gordeev, Evgenii N},
	journal={Discrete Applied Mathematics},
	volume={58},
	number={2},
	pages={169--190},
	year={1995},
	publisher={Elsevier}
}
@inproceedings{korhonen2024structural,
	title={Structural perspective on constraint-based learning of Markov networks},
	author={Korhonen, Tuukka and Fomin, Fedor and Parviainen, Pekka},
	booktitle={International Conference on Artificial Intelligence and Statistics},
	pages={1855--1863},
	year={2024},
	organization={PMLR}
}
@inproceedings{zhang2024membership,
	title={Membership testing in markov equivalence classes via independence queries},
	author={Zhang, Jiaqi and Shiragur, Kirankumar and Uhler, Caroline},
	booktitle={International Conference on Artificial Intelligence and Statistics},
	pages={3925--3933},
	year={2024},
	organization={PMLR}
}
@article{shiragur2024causal,
	title={Causal Discovery with Fewer Conditional Independence Tests},
	author={Shiragur, Kirankumar and Zhang, Jiaqi and Uhler, Caroline},
	journal={arXiv preprint arXiv:2406.01823},
	year={2024}
}
@article{textor2016robust,
	title={Robust causal inference using directed acyclic graphs: the R package â€˜dagittyâ€™},
	author={Textor, Johannes and Van der Zander, Benito and Gilthorpe, Mark S and Li{\'s}kiewicz, Maciej and Ellison, George TH},
	journal={International journal of epidemiology},
	volume={45},
	number={6},
	pages={1887--1894},
	year={2016},
	publisher={Oxford University Press}
}
@book{mackay2003information,
	title={Information theory, inference and learning algorithms},
	author={MacKay, David JC},
	year={2003},
	publisher={Cambridge university press}
}
@incollection{pearl2022graphoids,
	title={Graphoids: Graph-Based Logic for Reasoning about Relevance Relations or When would x tell you more about y if you already know z?},
	author={Pearl, Judea and Paz, Azaria},
	booktitle={Probabilistic and Causal Inference: The Works of Judea Pearl},
	pages={189--200},
	year={2022}
}
@article{chow1968approximating,
	title={Approximating discrete probability distributions with dependence trees},
	author={Chow, CKCN and Liu, Cong},
	journal={IEEE transactions on Information Theory},
	volume={14},
	number={3},
	pages={462--467},
	year={1968},
	publisher={IEEE}
}
@article{raskutti2018learning,
	title={Learning directed acyclic graph models based on sparsest permutations},
	author={Raskutti, Garvesh and Uhler, Caroline},
	journal={Stat},
	volume={7},
	number={1},
	pages={e183},
	year={2018},
	publisher={Wiley Online Library}
}
@phdthesis{bouckaert1995bayesian,
	title={Bayesian belief networks: from construction to inference},
	author={Bouckaert, Remco Ronaldus},
	year={1995}
}

@article{colombo2014order,
	title={Order-independent constraint-based causal structure learning.},
	author={Colombo, Diego and Maathuis, Marloes H and others},
	journal={J. Mach. Learn. Res.},
	volume={15},
	number={1},
	pages={3741--3782},
	year={2014}
}

@inproceedings{ramsey2006adjacency,
	title={Adjacency-faithfulness and conservative causal inference},
	author={Ramsey, Joseph and Spirtes, Peter and Zhang, Jiji},
	booktitle={Proceedings of the Twenty-Second Conference on Uncertainty in Artificial Intelligence},
	pages={401--408},
	year={2006}
}
@article{geiger1993logical,
	title={Logical and algorithmic properties of conditional independence and graphical models},
	author={Geiger, Dan and Pearl, Judea},
	journal={The annals of statistics},
	volume={21},
	number={4},
	pages={2001--2021},
	year={1993},
	publisher={Institute of Mathematical Statistics}
}
@incollection{verma1990causal,
	title={Causal networks: Semantics and expressiveness},
	author={Verma, Thomas and Pearl, Judea},
	booktitle={Machine intelligence and pattern recognition},
	volume={9},
	pages={69--76},
	year={1990},
	publisher={Elsevier}
}
@article{studeny1998chain,
	title={On chain graph models for description of conditional independence structures},
	author={Studen{\`y}, Milan and Bouckaert, Remco R},
	journal={Annals of Statistics},
	pages={1434--1495},
	year={1998},
	publisher={JSTOR}
}
@inproceedings{studeny1992conditional,
	title={Conditional independence relations have no finite complete characterization},
	author={Studen{\`y}, Milan},
	booktitle={Information Theory, Statistical Decision Functions and Random Processes. Transactions of the 11th Prague Conference vol. B},
	pages={377--396},
	year={1992}
}
@inproceedings{z3,
	title={Z3: An efficient SMT solver},
	author={De Moura, Leonardo and Bj{\o}rner, Nikolaj},
	booktitle={International conference on Tools and Algorithms for the Construction and Analysis of Systems},
	pages={337--340},
	year={2008},
	organization={Springer}
}
@article{andersen2013expect,
	title={When to expect violations of causal faithfulness and why it matters},
	author={Andersen, Holly},
	journal={Philosophy of Science},
	volume={80},
	number={5},
	pages={672--683},
	year={2013},
	publisher={Cambridge University Press}
}
@article{zhang2016three,
	title={The three faces of faithfulness},
	author={Zhang, Jiji and Spirtes, Peter},
	journal={Synthese},
	volume={193},
	pages={1011--1027},
	year={2016},
	publisher={Springer}
}
@article{richardson2003markov,
  title={Markov properties for acyclic directed mixed graphs},
  author={Richardson, Thomas},
  journal={Scandinavian Journal of Statistics},
  volume={30},
  number={1},
  pages={145--157},
  year={2003},
  publisher={Wiley Online Library}
}
@article{wahl2024metrics,
  title={Metrics on Markov Equivalence Classes for Evaluating Causal Discovery Algorithms},
  author={Wahl, Jonas and Runge, Jakob},
  journal={arXiv preprint arXiv:2402.04952},
  year={2024}
}
@article{schkoda2024cross,
  title={Cross-validating causal discovery via Leave-One-Variable-Out},
  author={Schkoda, Daniela and Faller, Philipp and Bl{\"o}baum, Patrick and Janzing, Dominik},
  journal={arXiv preprint arXiv:2411.05625},
  year={2024}
}
@inproceedings{faller2024self,
  title={Self-compatibility: Evaluating causal discovery without ground truth},
  author={Faller, Philipp M and Vankadara, Leena C and Mastakouri, Atalanti A and Locatello, Francesco and Janzing, Dominik},
  booktitle={International Conference on Artificial Intelligence and Statistics},
  pages={4132--4140},
  year={2024},
  organization={PMLR}
}
@article{tsamardinos2012towards,
  title={Towards integrative causal analysis of heterogeneous data sets and studies},
  author={Tsamardinos, Ioannis and Triantafillou, Sofia and Lagani, Vincenzo},
  journal={The Journal of Machine Learning Research},
  volume={13},
  number={1},
  pages={1097--1157},
  year={2012},
  publisher={JMLR. org}
}
@inproceedings{gresele2022causal,
  title={Causal inference through the structural causal marginal problem},
  author={Gresele, Luigi and Von K{\"u}gelgen, Julius and K{\"u}bler, Jonas and Kirschbaum, Elke and Sch{\"o}lkopf, Bernhard and Janzing, Dominik},
  booktitle={International Conference on Machine Learning},
  pages={7793--7824},
  year={2022},
  organization={PMLR}
}


@inproceedings{bhattacharyya2021near,
  title={Near-optimal learning of tree-structured distributions by Chow-Liu},
  author={Bhattacharyya, Arnab and Gayen, Sutanu and Price, Eric and Vinodchandran, NV},
  booktitle={Proceedings of the 53rd annual acm SIGACT symposium on theory of computing},
  pages={147--160},
  year={2021}
}

@InProceedings{kim2024causal,
  title = 	 {Causal Discovery with Deductive Reasoning: One Less Problem},
  author =       {Kim, Jonghwan and Hwang, Inwoo and Lee, Sanghack},
  booktitle = 	 {Proceedings of the Fortieth Conference on Uncertainty in Artificial Intelligence},
  pages = 	 {1999--2017},
  year = 	 {2024},
  series = 	 {Proceedings of Machine Learning Research},
  publisher =    {PMLR}
  
}

@article{bromberg2009improving,
  title={Improving the Reliability of Causal Discovery from Small Data Sets Using Argumentation.},
  author={Bromberg, Facundo and Margaritis, Dimitris},
  journal={Journal of Machine Learning Research},
  volume={10},
  number={2},
  year={2009}
}
@article{russo2024argumentative,
  title={Argumentative Causal Discovery},
  author={Russo, Fabrizio and Rapberger, Anna and Toni, Francesca},
  journal={arXiv preprint arXiv:2405.11250},
  year={2024}
}
@article{zheng2024causal,
  title={Causal-learn: Causal discovery in python},
  author={Zheng, Yujia and Huang, Biwei and Chen, Wei and Ramsey, Joseph and Gong, Mingming and Cai, Ruichu and Shimizu, Shohei and Spirtes, Peter and Zhang, Kun},
  journal={Journal of Machine Learning Research},
  volume={25},
  number={60},
  pages={1--8},
  year={2024}
}
@inproceedings{lam2022greedy,
  title={Greedy relaxations of the sparsest permutation algorithm},
  author={Lam, Wai-Yin and Andrews, Bryan and Ramsey, Joseph},
  booktitle={Uncertainty in Artificial Intelligence},
  pages={1052--1062},
  year={2022},
  organization={PMLR}
}
@article{andrews2023fast,
  title={Fast scalable and accurate discovery of dags using the best order score search and grow shrink trees},
  author={Andrews, Bryan and Ramsey, Joseph and Sanchez Romero, Ruben and Camchong, Jazmin and Kummerfeld, Erich},
  journal={Advances in Neural Information Processing Systems},
  volume={36},
  pages={63945--63956},
  year={2023}
}
@article{ankan2024pgmpy,
  title={pgmpy: A Python toolkit for Bayesian networks},
  author={Ankan, Ankur and Textor, Johannes},
  journal={Journal of Machine Learning Research},
  volume={25},
  number={265},
  pages={1--8},
  year={2024}
}

