%%%%%%%%%%%%%%%%%%%%%%%%%%%%
@article{gunturk2022quantization,
  title={Quantization for spectral super-resolution},
  author={G{\"u}nt{\"u}rk, C Sinan and Li, Weilin},
  journal={Constructive Approximation},
  volume={56},
  number={3},
  pages={619--648},
  year={2022},
  publisher={Springer}
}

@article{dirksen2025subspace,
  title={{Subspace and DOA estimation under coarse quantization}},
  author={Dirksen, Sjoerd and Li, Weilin and Maly, Johannes},
  journal={in preparation},
  year={2025}
}



@article{KoM15,
  title={Bounding the smallest singular value of a random matrix without concentration},
  author={Koltchinskii, Vladimir and Mendelson, Shahar},
  journal={International Mathematics Research Notices},
  volume={2015},
  number={23},
  pages={12991--13008},
  year={2015},
  publisher={Oxford University Press}
}

@article{Dirksen2015,
author = {Sjoerd Dirksen},
title = {{Tail bounds via generic chaining}},
volume = {20},
journal = {Electronic Journal of Probability},
number = {none},
publisher = {Institute of Mathematical Statistics and Bernoulli Society},
pages = {1 -- 29},
keywords = {chaos processes, Deviation inequalities, generic chaining, restricted isometry property, suprema of empirical processes},
year = {2015},
doi = {10.1214/EJP.v20-3760},
URL = {https://doi.org/10.1214/EJP.v20-3760}
}


@article{chen2018theoretical,
  title={Theoretical linear convergence of unfolded ISTA and its practical weights and thresholds},
  author={Chen, Xiaohan and Liu, Jialin and Wang, Zhangyang and Yin, Wotao},
  journal={Advances in Neural Information Processing Systems},
  volume={31},
  year={2018}
}


@article{xiao2020deepfpc,
  title={{DeepFPC: A deep unfolded network for sparse signal recovery from 1-bit measurements with application to DoA estimation}},
  author={Xiao, Peng and Liao, Bin and Deligiannis, Nikos},
  journal={Signal Processing},
  volume={176},
  pages={107699},
  year={2020},
  publisher={Elsevier}
}


@article{paulraj1993subspace,
  title={Subspace methods for directions-of-arrival estimation},
  author={Paulraj, Arogyaswami and Ottersten, Bj{\"o}rn and Roy, R and Swindlehurst, A and Xu, Guanghan and Kailath, Thomas},
  journal={Handbook of Statistics},
  volume={10},
  pages={693--739},
  year={1993},
  publisher={Elsevier}
}

@inproceedings{BJK15,
  title={Quantization and compressive sensing},
  author={Boufounos, Petros T and Jacques, Laurent and Krahmer, Felix and Saab, Rayan},
  booktitle={Compressed Sensing and its Applications: MATHEON Workshop 2013},
  pages={193--237},
  year={2015},
  organization={Springer}
}

@article{CaZ13,
  title={A max-norm constrained minimization approach to 1-bit matrix completion.},
  author={Cai, Tony and Zhou, Wen-Xin},
  journal={J. Mach. Learn. Res.},
  volume={14},
  number={1},
  pages={3619--3647},
  year={2013}
}

@inproceedings{EMY23,
  title={Unlimited sampling via one-bit quantization},
  author={Eamaz, Arian and Mishra, Kumar Vijay and Yeganegi, Farhang and Soltanalian, Mojtaba},
  booktitle={2023 International Conference on Sampling Theory and Applications (SampTA)},
  pages={1--5},
  year={2023},
  organization={IEEE}
}

@article{dirksen2024tuning,
  title={Tuning-free one-bit covariance estimation using data-driven dithering},
  author={Dirksen, Sjoerd and Maly, Johannes},
  journal={IEEE Transactions on Information Theory},
  year={2024},
  publisher={IEEE}
}

@inproceedings{yoffe2019direction,
  title={On direction of arrival estimation with 1-bit quantizer},
  author={Yoffe, Ilia and Regev, Nir and Wulich, Dov},
  booktitle={2019 IEEE Radar Conference (RadarConf)},
  pages={1--6},
  year={2019},
  organization={IEEE}
}


@article{huang2019direction,
  title={Direction-of-arrival estimation based on quantized matrix recovery},
  author={Huang, Xiaodong and Bi, Suzhi and Liao, Bin},
  journal={IEEE Communications Letters},
  volume={24},
  number={2},
  pages={349--353},
  year={2019},
  publisher={IEEE}
}


@article{sedighi2021doa,
  title={{DoA estimation using low-resolution multi-bit sparse array measurements}},
  author={Sedighi, Saeid and Shankar, MR Bhavani and Soltanalian, Mojtaba and Ottersten, Bj{\"o}rn},
  journal={IEEE Signal Processing Letters},
  volume={28},
  pages={1400--1404},
  year={2021},
  publisher={IEEE}
}


@article{EYN23b,
  title={Harnessing the power of sample abundance: Theoretical guarantees and algorithms for accelerated one-bit sensing},
  author={Eamaz, Arian and Yeganegi, Farhang and Needell, Deanna and Soltanalian, Mojtaba},
  journal={ArXiv:2308.00695},
  year={2023}
}

@article{EYN23,
  title={One-Bit Quadratic Compressed Sensing: From Sample Abundance to Linear Feasibility},
  author={Eamaz, Arian and Yeganegi, Farhang and Needell, Deanna and Soltanalian, Mojtaba},
  journal={ArXiv:2303.09594},
  year={2023}
}

@article{EYS22,
  title={One-bit phase retrieval: More samples means less complexity?},
  author={Eamaz, Arian and Yeganegi, Farhang and Soltanalian, Mojtaba},
  journal={IEEE Transactions on Signal Processing},
  volume={70},
  pages={4618--4632},
  year={2022},
  publisher={IEEE}
}

@article{EYS23,
  title={Matrix completion from one-bit dither samples},
  author={Eamaz, Arian and Yeganegi, Farhang and Soltanalian, Mojtaba},
  journal={ArXiv:2310.03224},
  year={2023}
}

@article{EMY22,
  title={{UNO: Unlimited sampling meets one-bit quantization}},
  author={Eamaz, Arian and Mishra, Kumar Vijay and Yeganegi, Farhang and Soltanalian, Mojtaba},
  journal={ArXiv:2301.10155},
  year={2022}
}

@article{DPB14,
  title={1-bit matrix completion},
  author={Davenport, Mark A and Plan, Yaniv and Van Den Berg, Ewout and Wootters, Mary},
  journal={Information and Inference: A Journal of the IMA},
  volume={3},
  number={3},
  pages={189--223},
  year={2014},
  publisher={OUP}
}

@article{chen2022high,
  title={High dimensional statistical estimation under uniformly dithered one-bit quantization},
  author={Chen, Junren and Wang, Cheng-Long and Ng, Michael K and Wang, Di},
  journal={IEEE Transactions on Information Theory},
  year={2023},
  publisher={IEEE}
}

@Incollection{Dir19,
author="Dirksen, Sjoerd",
title="Quantized compressed sensing: A Survey",
bookTitle="Compressed Sensing and Its Applications: Third International MATHEON Conference 2017",
year="2019",
publisher="Applied and Numerical Harmonic Analysis. Birkh{\"a}user",
address="Cham",
pages="67--95",
abstract="The field of quantized compressed sensing investigates how to jointly design a measurement matrix, quantizer, and reconstruction algorithm in order to accurately reconstruct low-complexity signals from a minimal number of measurements that are quantized to a finite number of bits. In this short survey, we give an overview of the state-of-the-art rigorous reconstruction results that have been obtained for three popular quantization models: one-bit quantization, uniform scalar quantization, and noise-shaping methods.",
isbn="978-3-319-73074-5",
doi="10.1007/978-3-319-73074-5_2",
url="https://doi.org/10.1007/978-3-319-73074-5_2"
}

@article{Rob62,
  title={Picture coding using pseudo-random noise},
  author={Roberts, Lawrence},
  journal={IRE Transactions on Information Theory},
  volume={8},
  number={2},
  pages={145--154},
  year={1962},
  publisher={IEEE}
}

@article{yu2016doa,
  title={{DOA estimation from one-bit compressed array data via joint sparse representation}},
  author={Yu, Kai and Zhang, Yimin D and Bao, Ming and Hu, Yu-Hen and Wang, Zhi},
  journal={IEEE Signal Processing Letters},
  volume={23},
  number={9},
  pages={1279--1283},
  year={2016},
  publisher={IEEE}
}

@article{li2024rocs,
  title={ROCS: Robust One-Bit Compressed Sensing with Application to Direction of Arrival},
  author={Li, Xiao-Peng and Shi, Zhang-Lei and Huang, Lei and So, Anthony Man-Cho and So, Hing Cheung},
  journal={IEEE Transactions on Signal Processing},
  year={2024},
  publisher={IEEE}
}


@article{sedighi2021performance,
  title={{On the performance of one-bit DoA estimation via sparse linear arrays}},
  author={Sedighi, Saeid and Shankar, MR Bhavani and Soltanalian, Mojtaba and Ottersten, Bj{\"o}rn},
  journal={IEEE Transactions on Signal Processing},
  volume={69},
  pages={6165--6182},
  year={2021},
  publisher={IEEE}
}

@article{van1966spectrum,
  title={The spectrum of clipped noise},
  author={Van Vleck, John H and Middleton, David},
  journal={Proceedings of the IEEE},
  volume={54},
  number={1},
  pages={2--19},
  year={1966},
  publisher={IEEE}
}


@article{wei2020gridless,
  title={Gridless one-bit direction-of-arrival estimation via atomic norm denoising},
  author={Wei, Zhenyu and Wang, Wei and Dong, Fuwang and Liu, Qi},
  journal={IEEE communications letters},
  volume={24},
  number={10},
  pages={2177--2181},
  year={2020},
  publisher={IEEE}
}

@inproceedings{zhou2020direction,
  title={Direction-of-arrival estimation for coprime arrays via coarray correlation reconstruction: A one-bit perspective},
  author={Zhou, Chengwei and Gu, Yujie and Shi, Zhiguo and Haardt, Martin},
  booktitle={2020 IEEE 11th Sensor Array and Multichannel Signal Processing Workshop (SAM)},
  pages={1--4},
  year={2020},
  organization={IEEE}
}





@article{gray1998quantization,
  title={Quantization},
  author={Gray, Robert M. and Neuhoff, David L.},
  journal={IEEE Transactions on Information Theory},
  volume={44},
  number={6},
  pages={2325--2383},
  year={1998},
  publisher={IEEE}
}


@article{schmidt1986multiple,
  title={Multiple emitter location and signal parameter estimation},
  author={Schmidt, Ralph},
  journal={IEEE Transactions on Antennas and Propagation},
  volume={34},
  number={3},
  pages={276--280},
  year={1986},
  publisher={IEEE}
}


@article{ruan2022doa,
  title={{DOA estimation in B5G/6G: Trends and challenges}},
  author={Ruan, Ningjun and Wang, Han and Wen, Fangqing and Shi, Junpeng},
  journal={Sensors},
  volume={22},
  number={14},
  pages={5125},
  year={2022},
  publisher={MDPI}
}



@article{ChF17,
  title={Subspace learning from bits},
  author={Chi, Yuejie and Fu, Haoyu},
  journal={IEEE Transactions on Signal Processing},
  volume={65},
  number={17},
  pages={4429--4442},
  year={2017},
  publisher={IEEE}
}

@article{LSWW19,
  title={Joint angle and frequency estimation using one-bit measurements},
  author={Li, Zeyang and Shi, Junpeng and Wang, Xinhai and Wen, Fangqing},
  journal={Sensors},
  volume={19},
  number={24},
  pages={5422},
  year={2019},
  publisher={MDPI}
}


@article{YEES24,
  title={{Deep Learning-Enabled One-Bit DoA Estimation}},
  author={Yeganegi, Farhang and Eamaz, Arian and Esmaeilbeig, Tara and Soltanalian, Mojtaba},
  journal={ArXiv:2405.09712},
  year={2024}
}

@article{BaW02,
  title={{DOA estimation using one-bit quantized measurements}},
  author={Bar-Shalom, Ofer and Weiss, Anthony J},
  journal={IEEE Transactions on Aerospace and Electronic Systems},
  volume={38},
  number={3},
  pages={868--884},
  year={2002},
  publisher={IEEE}
}


@article{LSHSS24,
  title={ROCS: Robust One-Bit Compressed Sensing with Application to Direction of Arrival},
  author={Li, Xiao-Peng and Shi, Zhang-Lei and Huang, Lei and So, Anthony Man-Cho and So, Hing Cheung},
  journal={IEEE Transactions on Signal Processing},
  year={2024},
  publisher={IEEE}
}


@article{PZXD24,
  title={{DOA Estimation on One-Bit Quantization Observations through Noise-Boosted Multiple Signal Classification}},
  author={Pan, Yan and Zhang, Li and Xu, Liyan and Duan, Fabing},
  journal={Sensors},
  volume={24},
  number={14},
  pages={4719},
  year={2024},
  publisher={MDPI}
}


@article{HuL19,
  title={One-bit MUSIC},
  author={Huang, Xiaodong and Liao, Bin},
  journal={IEEE Signal Processing Letters},
  volume={26},
  number={7},
  pages={961--965},
  year={2019},
  publisher={IEEE}
}



%% add in the second round of review

@article{li2024multiscale,
  title={{Multiscale estimates for the condition number of non-harmonic Fourier matrices}},
  author={Li, Weilin},
  journal={Mathematics of Computation},
  year={2024}
}

@article{koltchinskii2017concentration,
  title={Concentration inequalities and moment bounds for sample covariance operators},
  author={Koltchinskii, Vladimir and Lounici, Karim},
  journal={Bernoulli},
  pages={110--133},
  year={2017},
  publisher={JSTOR}
}


@article{li2022stability,
  title={Stability and super-resolution of {MUSIC} and {ESPRIT} for multi-snapshot spectral estimation},
  author={Li, Weilin and Zhu, Zengying and Gao, Weiguo and Liao, Wenjing},
  journal={IEEE Transactions on Signal Processing},
  volume={70},
  pages={4555--4570},
  year={2022},
  publisher={IEEE}
}

@article{tan2014direction,
  title={Direction of arrival estimation using co-prime arrays: A super resolution viewpoint},
  author={Tan, Zhao and Eldar, Yonina C and Nehorai, Arye},
  journal={IEEE Transactions on Signal Processing},
  volume={62},
  number={21},
  pages={5565--5576},
  year={2014},
  publisher={IEEE}
}


@article{dirksen2023tuning,
  title={Tuning-free one-bit covariance estimation using data-driven dithering},
  author={Dirksen, Sjoerd and Maly, Johannes},
  journal={arXiv preprint arXiv:2307.12613},
  year={2023}
}



@article{liu2020joint,
	title={Joint radar and communication design: Applications, state-of-the-art, and the road ahead},
	author={Liu, Fan and Masouros, Christos and Petropulu, Athina P and Griffiths, Hugh and Hanzo, Lajos},
	journal={IEEE Transactions on Communications},
	volume={68},
	number={6},
	pages={3834--3862},
	year={2020},
	publisher={IEEE}
}

@article{chen2023parameter,
  title={A Parameter-Free Two-Bit Covariance Estimator with Improved Operator Norm Error Rate},
  author={Chen, Junren and Ng, Michael K},
  journal={arXiv preprint arXiv:2308.16059},
  year={2023}
}


@article{chen2022quantizing,
  title={Quantizing heavy-tailed data in statistical estimation:(near) minimax rates, covariate quantization, and uniform recovery},
  author={Chen, Junren and Ng, Michael K and Wang, Di},
  journal={IEEE Transactions on Information Theory},
  year={2023},
  publisher={IEEE}
}




@article{Dir14,
  title={It{\^o} isomorphisms for {$L^p$}-valued {P}oisson stochastic integrals},
  author={Dirksen, Sjoerd},
  journal={The Annals of Probability},
  volume={42},
  number={6},
  pages={2595--2643},
  year={2014},
  publisher={Institute of Mathematical Statistics}
}

@article{yang2023plug,
  title={{Plug-in channel estimation with dithered quantized signals in spatially non-stationary massive MIMO systems}},
  author={Yang, Tianyu and Maly, Johannes and Dirksen, Sjoerd and Caire, Giuseppe},
  journal={IEEE Transactions on Communications},
  year={2023},
  publisher={IEEE}
}



@article{dirksen2022covariance,
  title={Covariance estimation under one-bit quantization},
  author={Dirksen, Sjoerd and Maly, Johannes and Rauhut, Holger},
  journal={The Annals of Statistics},
  volume={50},
  number={6},
  pages={3538--3562},
  year={2022},
  publisher={Institute of Mathematical Statistics}
}


%%%%%%%%%%%%%%%%%%%%%%%%%%%%

%% add in the first round of review
@article{zhao1986detection,
  title={On detection of the number of signals in presence of white noise},
  author={Zhao, LC and Krishnaiah, PR and Bai, ZD},
  journal={Journal of multivariate analysis},
  volume={20},
  number={1},
  pages={1--25},
  year={1986},
  publisher={Elsevier}
}


@article{wax1989detection,
  title={Detection of the number of coherent signals by the MDL principle},
  author={Wax, Mati and Ziskind, Ilan},
  journal={IEEE Transactions on Acoustics, Speech, and Signal Processing},
  volume={37},
  number={8},
  pages={1190--1196},
  year={1989},
  publisher={IEEE}
}

@article{xu1997new,
	title={A new {RCS} statistical model of radar targets},
	author={Xu, Xiaojian and Huang, Peikang},
	journal={IEEE Transactions on Aerospace and Electronic Systems},
	volume={33},
	number={2},
	pages={710--714},
	year={1997},
	publisher={IEEE}
}

@article{de2004target,
	title={Target fluctuation models and their application to radar performance prediction},
	author={De Maio, A and Farina, A and Foglia, G},
	journal={IEE Proceedings-Radar, Sonar and Navigation},
	volume={151},
	number={5},
	pages={261--269},
	year={2004},
	publisher={IET}
}

@article{liavas2001behavior,
  title={On the behavior of information theoretic criteria for model order selection},
  author={Liavas, Athanasios P and Regalia, Phillip A},
  journal={IEEE Transactions on Signal Processing},
  volume={49},
  number={8},
  pages={1689--1695},
  year={2001},
  publisher={IEEE}
}

@article{xu1994detection,
  title={Detection of number of sources via exploitation of centro-symmetry property},
  author={Xu, Guanghan and Roy, Richard H and Kailath, Thomas},
  journal={IEEE Transactions on Signal processing},
  volume={42},
  number={1},
  pages={102--112},
  year={1994},
  publisher={IEEE}
}


@article{kritchman2009non,
  title={Non-parametric detection of the number of signals: Hypothesis testing and random matrix theory},
  author={Kritchman, Shira and Nadler, Boaz},
  journal={IEEE Transactions on Signal Processing},
  volume={57},
  number={10},
  pages={3930--3941},
  year={2009},
  publisher={IEEE}
}


@article{nekrutkin2010perturbation,
  title={Perturbation expansions of signal subspaces for long signals},
  author={Nekrutkin, Vladimir},
  journal={arXiv preprint arXiv:1001.1051},
  year={2010}
}


@inproceedings{tschudin1999comparison,
  title={Comparison between unitary ESPRIT and SAGE for 3-D channel sounding},
  author={Tschudin, Martin and Brunner, Christopher and Kurpjuhn, Tobias and Haardt, Martin and Nossek, Josef A},
  booktitle={1999 IEEE 49th Vehicular Technology Conference (Cat. No. 99CH36363)},
  volume={2},
  pages={1324--1329},
  year={1999},
  organization={IEEE}
}


@incollection{ottersten1993exact,
  title={Exact and large sample maximum likelihood techniques for parameter estimation and detection in array processing},
  author={Ottersten, Bj{\"o}rn and Viberg, Mats and Stoica, Petre and Nehorai, Arye},
  booktitle={Radar array processing},
  pages={99--151},
  year={1993},
  publisher={Springer}
}


@article{roemer2014analytical,
  title={Analytical performance assessment of multi-dimensional matrix-and tensor-based ESPRIT-type algorithms},
  author={Roemer, Florian and Haardt, Martin and Del Galdo, Giovanni},
  journal={IEEE Transactions on Signal Processing},
  volume={62},
  number={10},
  pages={2611--2625},
  year={2014},
  publisher={IEEE}
}


@article{li1993performance,
  title={{Performance analysis for DOA estimation algorithms: unification, simplification, and observations}},
  author={Li, Fu and Liu, Hui and Vaccaro, Richard J},
  journal={IEEE Transactions on Aerospace and Electronic Systems},
  volume={29},
  number={4},
  pages={1170--1184},
  year={1993},
  publisher={IEEE}
}



@article{djermoune2009perturbation,
  title={Perturbation analysis of subspace-based methods in estimating a damped complex exponential},
  author={Djermoune, El-Hadi and Tomczak, Marc},
  journal={IEEE Transactions on Signal Processing},
  volume={57},
  number={11},
  pages={4558--4563},
  year={2009},
  publisher={IEEE}
}

@article{steinwandt2017performance,
  title={Performance analysis of multi-dimensional ESPRIT-type algorithms for arbitrary and strictly non-circular sources with spatial smoothing},
  author={Steinwandt, Jens and Roemer, Florian and Haardt, Martin and Del Galdo, Giovanni},
  journal={IEEE Transactions on signal processing},
  volume={65},
  number={9},
  pages={2262--2276},
  year={2017},
  publisher={IEEE}
}

@article{pillai1989performance,
  title={Performance analysis of MUSIC-type high resolution estimators for direction finding in correlated and coherent scenes},
  author={Pillai, S Unnikrishna and Kwon, Byung Ho},
  journal={IEEE Transactions on Acoustics, Speech, and Signal Processing},
  volume={37},
  number={8},
  pages={1176--1189},
  year={1989},
  publisher={IEEE}
}

@inproceedings{rao1990effect,
  title={Effect of spatial smoothing on the performance of {MUSIC} and the minimum-norm method},
  author={Rao, Bhaskar D. and Hari, KVS},
  booktitle={IEE Proceedings F (Radar and Signal Processing)},
  volume={137},
  pages={449--458},
  year={1990},
  organization={IET}
}


%%
@article{friedlander1994effects,
  title={Effects of model errors on waveform estimation using the MUSIC algorithm},
  author={Friedlander, Benjamin and Weiss, Anthony J},
  journal={IEEE Transactions on Signal Processing},
  volume={42},
  number={1},
  pages={147--155},
  year={1994},
  publisher={IEEE}
}

@article{cai2018rate,
	title={Rate-optimal perturbation bounds for singular subspaces with applications to high-dimensional statistics},
	author={Cai, T. Tony and Zhang, Anru},
	journal={The Annals of Statistics},
	volume={46},
	number={1},
	pages={60--89},
	year={2018},
	publisher={Institute of Mathematical Statistics}
}

@article{cai2018supplement,
	title={Supplement to ``Rate-optimal perturbation bounds for singular subspaces with applications to high-dimensional statistics"},
	author={Cai, T. Tony and Zhang, Anru},
	journal={The Annals of Statistics},
	volume={46},
	number={1},
	pages={1--44},
	year={2018},
	publisher={Institute of Mathematical Statistics}
}

@article{swindlehurst1992performance,
  title={A performance analysis of subspace-based methods in the presence of model errors. {I}. {T}he {MUSIC} algorithm},
  author={Swindlehurst, A. Lee and Kailath, Thomas},
  journal={IEEE Transactions on Signal Processing},
  volume={40},
  number={7},
  pages={1758--1774},
  year={1992},
  publisher={IEEE}
}

@article{swindlehurst1990sensitivity,
  title={On the sensitivity of the {ESPRIT} algorithm to non-identical subarrays},
  author={Swindlehurst, A. Lee and Kailath, Thomas},
  journal={Sadhana},
  volume={15},
  number={3},
  pages={197--212},
  year={1990},
  publisher={Springer}
}

@article{li1992sensitivity,
  title={{Sensitivity analysis of DOA estimation algorithms to sensor errors}},
  author={Li, Fu and Vaccaro, Richard J},
  journal={IEEE Transactions on Aerospace and Electronic Systems},
  volume={28},
  number={3},
  pages={708--717},
  year={1992},
  publisher={IEEE}
}

@article{friedlander1990sensitivity,
  title={A sensitivity analysis of the MUSIC algorithm},
  author={Friedlander, Benjamin},
  journal={IEEE Transactions on acoustics, speech, and signal processing},
  volume={38},
  number={10},
  pages={1740--1751},
  year={1990},
  publisher={IEEE}
}

@article{zhang1995probability,
  title={Probability of resolution of the {MUSIC} algorithm},
  author={Zhang, Q.T.},
  journal={IEEE Transactions on Signal Processing},
  volume={43},
  number={4},
  pages={978--987},
  year={1995},
  publisher={IEEE}
}

@article{rao1989performance,
 title={Performance analysis of {ESPRIT} and {TAM} in determining the direction of arrival of plane waves in noise},
 author={Rao, Bhaskar D. and Hari, KVS},
 journal={IEEE Transactions on Acoustics, Speech, and Signal Processing},
 volume={37},
 number={12},
 pages={1990--1995},
 year={1989},
 publisher={IEEE}
}

@article{ferreol2010statistical,
  title={Statistical analysis of the MUSIC algorithm in the presence of modeling errors, taking into account the resolution probability},
  author={Ferreol, Anne and Larzabal, Pascal and Viberg, Mats},
  journal={IEEE Transactions on Signal Processing},
  volume={58},
  number={8},
  pages={4156--4166},
  year={2010},
  publisher={IEEE}
}


@article{hansen1987truncatedsvd,
  title={The truncated {SVD} as a method for regularization},
  author={Hansen, Per Christian},
  journal={BIT Numerical Mathematics},
  volume={27},
  number={4},
  pages={534--553},
  year={1987},
  publisher={Springer}
}

@article{krim1996two,
  title={Two decades of array signal processing research: the parametric approach},
  author={Krim, Hamid and Viberg, Mats},
  journal={IEEE Signal Processing Magazine},
  volume={13},
  number={4},
  pages={67--94},
  year={1996},
  publisher={IEEE}
}

@article{lee1992cramer,
	title={The Cram{\'e}r-Rao bound on frequency estimates of signals closely spaced in frequency},
	author={Lee, Harry B.},
	journal={IEEE Transactions on Signal Processing},
	volume={40},
	number={6},
	pages={1507--1517},
	year={1992},
	publisher={IEEE}
}

@article{koochakzadeh2016cramer,
  title={Cram{\'e}r--{R}ao bounds for underdetermined source localization},
  author={Koochakzadeh, Ali and Pal, Piya},
  journal={IEEE Signal Processing Letters},
  volume={23},
  number={7},
  pages={919--923},
  year={2016},
  publisher={IEEE}
}

@book{Stewart90,
  added-at = {2010-04-30T22:05:20.000+0200},
  author = {Stewart, G. W. and Guang Sun, Ji},
  biburl = {https://www.bibsonomy.org/bibtex/24bbde177e9eae6923f93b37da8ffd3fc/ytyoun},
  interhash = {627e62c633e2b4012eeea2fa25bfc59b},
  intrahash = {4bbde177e9eae6923f93b37da8ffd3fc},
  keywords = {matrix_perturbation_theory perturbation},
  publisher = {Academic Press},
  timestamp = {2015-12-13T11:10:20.000+0100},
  title = {Matrix Perturbation Theory},
  year = 1990
}

@article{stoica1990music,
  title={{MUSIC}, maximum likelihood, and {C}ramer-{R}ao bound: further results and comparisons},
  author={Stoica, Petre and Nehorai, Arye},
  journal={IEEE Transactions on Acoustics, Speech, and Signal Processing},
  volume={38},
  number={12},
  pages={2140--2150},
  year={1990},
  publisher={IEEE}
}


@book{vershynin2018high,
place={Cambridge},
series={Cambridge Series in Statistical and Probabilistic Mathematics},
title={High-Dimensional Probability: An Introduction with Applications in Data Science}, 
DOI={10.1017/9781108231596}, publisher={Cambridge University Press}, author={Vershynin, Roman}, year={2018}, collection={Cambridge Series in Statistical and Probabilistic Mathematics}}


@misc{tropp2015introduction,
      title={An Introduction to Matrix Concentration Inequalities}, 
      author={Joel A. Tropp},
      year={2015},
      eprint={1501.01571},
      archivePrefix={arXiv},
      primaryClass={math.PR}
}

@article{Liao16music,
author={Liao, Wenjing and Fannjiang, Albert},
title={{MUSIC} for Single-snapshot Spectral Estimation: Stability and Super-resolution},
journal={Applied and Computational Harmonic Analysis},
volume={40},
ISSN={1063-5203},
url={http://dx.doi.org/10.1016/j.acha.2014.12.003},
DOI={10.1016/j.acha.2014.12.003},
number={1},
publisher={Elsevier BV},
year={2016},
month={Jan},
pages={33-–67},
}

@book{horn1994topics,
  title={Topics in Matrix Analysis},
  author={Horn, Roger A. and Johnson, Charles R.},
  year={1994},
  publisher={Cambridge University Press}
}

@article{stoica1989music,
title={{MUSIC}, maximum likelihood, and {C}ramer-{R}ao bound},
author={Stoica, Petre and Nehorai, Arye},
journal={IEEE Transactions on Acoustics, Speech, and Signal Processing},
volume={37},
number={5},
pages={720--741},
year={1989},
publisher={IEEE}
}


@article{Li20,
author={Li, Weilin and Liao, Wenjing and Fannjiang, Albert},
title={Super-resolution Limit of the {ESPRIT} Algorithm},
journal={IEEE Transactions on Information Theory},
ISSN={1557-9654},
url={http://dx.doi.org/10.1109/tit.2020.2974174},
DOI={10.1109/tit.2020.2974174},
publisher={Institute of Electrical and Electronics Engineers (IEEE)},
year={2020},
pages={1--1},
}
