%%%%%%%%%%%%%%%%%%%%%%%%%%%%
@inproceedings{barabell1983improving,
  title={Improving the resolution performance of eigenstructure-based direction-finding algorithms},
  author={Barabell, Arthur},
  booktitle={ICASSP'83. IEEE International Conference on Acoustics, Speech, and Signal Processing},
  volume={8},
  pages={336--339},
  year={1983},
  organization={IEEE}
}

@article{davis1970rotation,
  title={The rotation of eigenvectors by a perturbation. III},
  author={Davis, Chandler and Kahan, William Morton},
  journal={SIAM Journal on Numerical Analysis},
  volume={7},
  number={1},
  pages={1--46},
  year={1970},
  publisher={SIAM}
}

@article{gray1993dithered,
  title={Dithered quantizers},
  author={Gray, Robert M and Stockham, Thomas G},
  journal={IEEE Transactions on Information Theory},
  volume={39},
  number={3},
  pages={805--812},
  year={1993},
  publisher={IEEE}
}



@book{cramer1999mathematical,
  title={Mathematical methods of statistics},
  author={Cram{\'e}r, Harald},
  volume={43},
  year={1999},
  publisher={Princeton university press}
}



@article{chen2020spectral,
  title={Spectral methods for data science: A statistical perspective},
  author={Chen, Yuxin and Chi, Yuejie and Fan, Jianqing and Ma, Cong},
  journal={arXiv preprint arXiv:2012.08496},
  year={2020}
}


@article{morgenshtern2020super,
  title={Super-Resolution of Positive Sources on an Arbitrarily Fine Grid},
  author={Morgenshtern, Veniamin I},
  journal={arXiv preprint arXiv:2005.06756},
  year={2020}
}

@article{barnett2020exponentially,
	title={How exponentially ill-conditioned are contiguous submatrices of the Fourier matrix?},
	author={Barnett, Alex H},
	journal={arXiv preprint arXiv:2004.09643},
	year={2020}
}

@article{batenkov2020spectral,
	title={The spectral properties of Vandermonde matrices with clustered nodes},
	author={Batenkov, Dmitry and Diederichs, Benedikt and Goldman, Gil and Yomdin, Yosef},
	journal={Linear Algebra and its Applications},
	year={2020},
	publisher={Elsevier}
}

@article{liu2019computational,
  title={Computational resolution limit: a theory towards super-resolution},
  author={Liu, Ping and Zhang, Hai},
  journal={arXiv preprint arXiv:1912.05430},
  year={2019}
}


@article{liu2020resolution,
  title={Resolution Limit for Line Spectral Estimation: Theory and Algorithm},
  author={Liu, Ping and Zhang, Hai},
  journal={arXiv preprint arXiv:2003.02917},
  year={2020}
}




@article{batenkov2013accuracy,
  title={On the accuracy of solving confluent Prony systems},
  author={Batenkov, Dmitry and Yomdin, Yosef},
  journal={SIAM Journal on Applied Mathematics},
  volume={73},
  number={1},
  pages={134--154},
  year={2013},
  publisher={SIAM}
}



@article{kunis2020condition,
  title={On the condition number of Vandermonde matrices with pairs of nearly-colliding nodes},
  author={Kunis, Stefan and Nagel, Dominik},
  journal={Numerical Algorithms},
  pages={1--24},
  year={2020},
  publisher={Springer}
}

@article{diederichs2019well,
  title={Well-Posedness of Sparse Frequency Estimation},
  author={Diederichs, Benedikt},
  journal={arXiv preprint arXiv:1905.08005},
  year={2019}
}


@article{batenkov2019super,
  title={Super-resolution of near-colliding point sources},
  author={Batenkov, Dmitry and Goldman, Gil and Yomdin, Yosef},
  journal={arXiv preprint arXiv:1904.09186},
  year={2019}
}



@article{bredies2013inverse,
  title={Inverse problems in spaces of measures},
  author={Bredies, Kristian and Pikkarainen, Hanna Katriina},
  journal={ESAIM: Control, Optimisation and Calculus of Variations},
  volume={19},
  number={1},
  pages={190--218},
  year={2013}
}


@article{boyd2017alternating,
  title={The alternating descent conditional gradient method for sparse inverse problems},
  author={Boyd, Nicholas and Schiebinger, Geoffrey and Recht, Benjamin},
  journal={SIAM Journal on Optimization},
  volume={27},
  number={2},
  pages={616--639},
  year={2017},
  publisher={SIAM}
}


@article{denoyelle2019sliding,
  title={The sliding Frank--Wolfe algorithm and its application to super-resolution microscopy},
  author={Denoyelle, Quentin and Duval, Vincent and Peyr{\'e}, Gabriel and Soubies, Emmanuel},
  journal={Inverse Problems},
  volume={36},
  number={1},
  pages={014001},
  year={2019},
  publisher={IOP Publishing}
}


@article{stoica1995resolution,
  title={On the resolution performance of spectral analysis},
  author={Stoica, Petre and {S}imonyte, Virginija and S{\"o}derstr{\"o}m, Torsten},
  journal={Signal processing},
  volume={44},
  number={2},
  pages={153--161},
  year={1995},
  publisher={Elsevier}
}

@article{lee1992eigenvalues,
  title={Eigenvalues and eigenvectors of covariance matrices for signals closely spaced in frequency},
  author={Lee, Harry B},
  journal={IEEE Transactions on signal processing},
  volume={40},
  number={10},
  pages={2518--2535},
  year={1992},
  publisher={IEEE}
}


@article{ottersten1991performance,
  title={Performance analysis of the total least squares ESPRIT algorithm},
  author={Ottersten, Bjorn and Viberg, Mats and Kailath, Thomas},
  journal={IEEE transactions on Signal Processing},
  volume={39},
  number={5},
  pages={1122--1135},
  year={1991},
  publisher={IEEE}
}


@article{meckes2007spectral,
  title={On the spectral norm of a random Toeplitz matrix},
  author={Meckes, Mark and others},
  journal={Electronic Communications in Probability},
  volume={12},
  pages={315--325},
  year={2007},
  publisher={The Institute of Mathematical Statistics and the Bernoulli Society}
}


@article{odendaal1994two,
  title={Two-dimensional superresolution radar imaging using the MUSIC algorithm},
  author={Odendaal, JW and Barnard, E and Pistorius, CWI},
  journal={IEEE Transactions on Antennas and Propagation},
  volume={42},
  number={10},
  pages={1386--1391},
  year={1994},
  publisher={IEEE}
}



@inproceedings{aubel2016deterministic,
	title={Deterministic performance analysis of subspace methods for cisoid parameter estimation},
	author={Aubel, C{\'e}line and B{\"o}lcskei, Helmut},
	booktitle={Information Theory (ISIT), 2016 IEEE International Symposium on},
	pages={1551--1555},
	year={2016},
	organization={IEEE}
}

@article{li2021stable,
  title={Stable super-resolution limit and smallest singular value of restricted {F}ourier matrices},
  author={Li, Weilin and Liao, Wenjing},
  journal={Applied and Computational Harmonic Analysis},
  volume={51},
  pages={118--156},
  year={2021},
  publisher={Elsevier}
}

@inproceedings{li2019conditioning,
  title={Conditioning of restricted Fourier matrices and super-resolution of MUSIC},
  author={Li, Weilin and Liao, Wenjing},
  booktitle={2019 13th International conference on Sampling Theory and Applications (SampTA)},
  pages={1--4},
  year={2019},
  organization={IEEE}
}




@article{aubel2017vandermonde,
	title={Vandermonde matrices with nodes in the unit disk and the large sieve},
	author={Aubel, C{\'e}line and B{\"o}lcskei, Helmut},
	journal={Applied and Computational Harmonic Analysis},
	year={2017},
	publisher={Elsevier}
}

@article{bazan2000conditioning,
	title={Conditioning of rectangular {V}andermonde matrices with nodes in the unit disk},
	author={Baz{\'a}n, Ferm{\'\i}n},
	journal={SIAM Journal on Matrix Analysis and Applications},
	volume={21},
	number={2},
	pages={679--693},
	year={2000},
	publisher={SIAM}
}

@article{beckermann2000condition,
	title={The condition number of real {V}andermonde, {K}rylov and positive definite {H}ankel matrices},
	author={Beckermann, Bernhard},
	journal={Numerische Mathematik},
	volume={85},
	number={4},
	pages={553--577},
	year={2000},
	publisher={Springer}
}

@inproceedings{ferreira1999super,
	title={Super-resolution, the recovery of missing samples and {V}andermonde matrices on the unit circle},
	author={Ferreira, J.S.G., Paulo},
	booktitle={Proceedings of the Workshop on Sampling Theory and Applications, Loen, Norway},
	year={1999}
}

@article{berman2007perfect,
	title={On perfect conditioning of {V}andermonde matrices on the unit circle},
	author={Berman, Lihu and Feuer, Arie},
	journal={Electronic Journal of Linear Algebra},
	volume={16},
	number={1},
	pages={13},
	year={2007}
}

@article{gautschi1987lower,
	title={Lower bounds for the condition number of {V}andermonde matrices},
	author={Gautschi, Walter and Inglese, Gabriele},
	journal={Numerische Mathematik},
	volume={52},
	number={3},
	pages={241--250},
	year={1987},
	publisher={Springer}
}

@article{benedetto2020super,
	title={Super-resolution by means of {B}eurling minimal extrapolation},
	author={Benedetto, John J. and Li, Weilin},
	journal={Applied and Computational Harmonic Analysis},
	volume={48},
	number={1},
	pages={218--241},
	year={2020}
}

@article{beurling1989balayage,
	title={Balayage of {Fourier-Stieltjes} transforms},
	author={Beurling, Arne},
	journal={The Collected Works of Arne Beurling},
	volume={2},
	pages={341--350},
	year={1989},
	publisher={Birkh{\"a}user Boston Boston, MA}
}


@article{batenkov2020conditioning,
	title={Conditioning of partial nonuniform Fourier matrices with clustered nodes},
	author={Batenkov, Dmitry and Demanet, Laurent and Goldman, Gil and Yomdin, Yosef},
	journal={SIAM Journal on Matrix Analysis and Applications},
	volume={41},
	number={1},
	pages={199--220},
	year={2020},
	publisher={SIAM}
}

@article{kunis2020smallest,
	title={On the smallest singular value of multivariate {Vandermonde} matrices with clustered nodes},
	author={Kunis, Stefan and Nagel, Dominik},
	journal={Linear Algebra and its Applications},
	volume={604},
	pages={1--20},
	year={2020},
	publisher={Elsevier}
}




@article{kunis2018condition,
  title={On the condition number of Vandermonde matrices with pairs of nearly-colliding nodes},
  author={Kunis, Stefan and Nagel, Dominik},
  journal={arXiv preprint arXiv:1812.08645},
  year={2018}
}


@article{beurling1989interpolation,
	title={Interpolation for an interval in $\mathbb{R}^1$},
	author={Beurling, Arne},
	journal={The Collected Works of Arne Beurling},
	volume={2},
	pages={351--365},
	year={1989},
	publisher={Birkh{\"a}user Boston Boston, MA}
}


@article{eisinberg2001vandermonde,
	title={{V}andermonde matrices on integer nodes: the rectangular case},
	author={Eisinberg, Alfredo and Pugliese, Paolo and Salerno, Nicola},
	journal={Numerische Mathematik},
	volume={87},
	number={4},
	pages={663--674},
	year={2001},
	publisher={Springer}
}

@article{eisinberg2001rectangular,
	title={Rectangular {V}andermonde matrices on {C}hebyshev nodes},
	author={Eisinberg, Alfredo and Franz{\'e}, Giuseppe and Salerno, Nicola},
	journal={Linear Algebra and its Applications},
	volume={338},
	number={1-3},
	pages={27--36},
	year={2001},
	publisher={Elsevier}
}

@article{tucci2014asymptotic,
	title={Asymptotic behavior of the maximum and minimum singular value of random {V}andermonde matrices},
	author={Tucci, Gabriel H. and Whiting, Philip A.},
	journal={Journal of Theoretical Probability},
	volume={27},
	number={3},
	pages={826--862},
	year={2014},
	publisher={Springer}
}


@article{tucci2011eigenvalue,
	title={Eigenvalue results for large scale random {V}andermonde matrices with unit complex entries},
	author={Tucci, Gabriel H. and Whiting, Philip A.},
	journal={IEEE Transactions on Information Theory},
	volume={57},
	number={6},
	pages={3938--3954},
	year={2011},
	publisher={IEEE}
}

@article{ryan2009asymptotic,
	title={Asymptotic behavior of random {V}andermonde matrices with entries on the unit circle},
	author={Ryan, {\O}yvind and Debbah, M{\'e}rouane},
	journal={IEEE Transactions on Information Theory},
	volume={55},
	number={7},
	pages={3115--3147},
	year={2009},
	publisher={IEEE}
}

@article{da2018tight,
	title={A Tight Converse to the Spectral Resolution Limit via Convex Programming},
	author={Da Costa, Maxime Ferreira and Dai, Wei},
	journal={arXiv preprint arXiv:1801.04761},
	year={2018}
}

@article{alon1992uniform,
	title={Uniform dilations},
	author={Alon, Noga and Peres, Yuval},
	journal={Geometric and Functional Analysis},
	volume={2},
	number={1},
	pages={1--28},
	year={1992},
	publisher={Springer}
}

@article{turan1946rational,
	title={On rational polynomials},
	author={Tur{\'a}n, Paul},
	journal={Acta Universitatis Szegediensis, Sect. Sci. Math},
	pages={106--113},
	year={1946}
}

@article{konyagin2000uniformly,
	title={On uniformly distributed dilates of finite integer sequences},
	author={Konyagin, Sergei V. and Ruzsa, Imre Z. and Schlag, Wilhelm},
	journal={Journal of Number Theory},
	volume={82},
	number={2},
	pages={165--187},
	year={2000},
	publisher={Elsevier}
}

@article{duval2015exact,
	title={Exact support recovery for sparse spikes deconvolution},
	author={Duval, Vincent and Peyr{\'e}, Gabriel},
	journal={Foundations of Computational Mathematics},
	volume={15},
	number={5},
	pages={1315--1355},
	year={2015},
	publisher={Springer}
}

@article{de2012exact,
	title={Exact reconstruction using {B}eurling minimal extrapolation},
	author={De Castro, Yohann and Gamboa, Fabrice},
	journal={Journal of Mathematical Analysis and Applications},
	volume={395},
	number={1},
	pages={336--354},
	year={2012},
	publisher={Elsevier}
}

@article{candes2006robust,
	title={Robust uncertainty principles: {E}xact signal reconstruction from highly incomplete frequency information},
	author={Cand{\`e}s, Emmanuel J. and Romberg, Justin and Tao, Terence},
	journal={IEEE Transactions on Information Theory},
	volume={52},
	number={2},
	pages={489--509},
	year={2006},
	publisher={IEEE}
}

@article{candes2008restricted,
	title={The restricted isometry property and its implications for compressed sensing},
	author={Candes, Emmanuel J.},
	journal={Comptes Rendus Mathematique},
	volume={346},
	number={9-10},
	pages={589--592},
	year={2008},
	publisher={Elsevier}
}

@article{candes2013super,
	title={Super-resolution from noisy data},
	author={Cand{\`e}s, Emmanuel J. and Fernandez-Granda, Carlos},
	journal={Journal of Fourier Analysis and Applications},
	volume={19},
	number={6},
	pages={1229--1254},
	year={2013}
}

@article{candes2014towards,
	title={Towards a Mathematical Theory of Super-resolution},
	author={Cand{\`e}s, Emmanuel J. and Fernandez-Granda, Carlos},
	journal={Communications on Pure and Applied Mathematics},
	volume={67},
	number={6},
	pages={906--956},
	year={2014},
	publisher={Wiley Online Library}
}

@article{morgenshtern2016super,
	title={Super-resolution of positive sources: The discrete setup},
	author={Morgenshtern, Veniamin I. and Cand\`{e}s, Emmanuel J.},
	journal={SIAM Journal on Imaging Sciences},
	volume={9},
	number={1},
	pages={412--444},
	year={2016},
	publisher={SIAM}
}

@article{peyre2016lassosupport,
	title={Sparse regularization on thin grids {I}: the {L}asso},
	author={Duval, Vincent and Peyr{\'e}, Gabriel },
	journal={Inverse Problems},
	volume={33},
	number={5},
	pages={055008},
	year={2017}
}

@article{vaaler1985some,
	title={Some extremal functions in {F}ourier analysis},
	author={Vaaler, Jeffrey D.},
	journal={Bulletin of the American Mathematical Society},
	volume={12},
	number={2},
	pages={183--216},
	year={1985}
}

@article{candes2006near,
	title={Near-optimal signal recovery from random projections: {U}niversal encoding strategies?},
	author={Candes, Emmanuel J. and Tao, Terence},
	journal={IEEE Transactions on Information Theory},
	volume={52},
	number={12},
	pages={5406--5425},
	year={2006},
	publisher={IEEE}
}

@article{denoyelle2017support,
	title={Support recovery for sparse super-resolution of positive measures},
	author={Denoyelle, Quentin and Duval, Vincent and Peyr{\'e}, Gabriel},
	journal={Journal of Fourier Analysis and Applications},
	volume={23},
	number={5},
	pages={1153--1194},
	year={2017},
	publisher={Springer}
}


@article{tang2013offgrid,
	title={Compressed sensing off the grid},
	author={Tang, Gongguo and Bhaskar, Badri Narayan and Shah, Parikshit and Recht, Benjamin},
	journal={IEEE Transactions on Information Theory},
	volume={59},
	number={11},
	pages={7465--7490},
	year={2013}
}

@article{donoho2006compressed,
	title={Compressed sensing},
	author={Donoho, David L.},
	journal={IEEE Transactions on Information Theory},
	volume={52},
	number={4},
	pages={1289--1306},
	year={2006},
	publisher={IEEE}
}

@article{demanet2015recoverability,
	title={The recoverability limit for superresolution via sparsity},
	author={Demanet, Laurent and Nguyen, Nam},
	journal={arXiv preprint arXiv:1502.01385},
	year={2015}
}

@article{den1997resolution,
	title={Resolution: {A} survey},
	author={Den Dekker, Arnold Jan and Van den Bos, A.},
	journal={Journal of Optical Society of America},
	volume={14},
	number={3},
	pages={547--557},
	year={1997},
	publisher={Optical Society of America}
}

@article{donoho1992superresolution,
	title={Superresolution via sparsity constraints},
	author={Donoho, David L.},
	journal={SIAM Journal on Mathematical Analysis},
	volume={23},
	number={5},
	pages={1309--1331},
	year={1992},
	publisher={SIAM}
}


@inproceedings{fernandez2013support,
	title={Support detection in super-resolution},
	author={Fernandez-Granda, Carlos},
	booktitle={Proceedings of the 10th International Conference on Sampling Theory and Applications},
	pages={145--148},
	year={2013}
}

@article{fernandez2016super,
	title={Super-resolution of point sources via convex programming},
	author={Fernandez-Granda, Carlos},
	journal={Information and Inference},
	pages={251--303},
	year={2016},
	publisher={Oxford University Press}
}


@article{duarte2013spectral,
	title={Spectral compressive sensing},
	author={Duarte, Marco F. and Baraniuk, Richard G.},
	journal={Applied and Computational Harmonic Analysis},
	volume={35},
	number={1},
	pages={111-129},
	year={2013},
	publisher={Elsevier}
}

@article{chi2011basismismatch,
	title={Sensitivity to basis mismatch in compressed sensing},
	author={Chi, Yuejie and Scharf, Louis L. and Pezeshki Ali and Calderbank, A. Robert},
	journal={IEEE Transactions on Signal Processing},
	volume={59},
	number={5},
	pages={2182-2195},
	year={2011}
}

@article{fannjiang2012coherence,
	title={Coherence-pattern guided compressive sensing with unresolved grids},
	author={Fannjiang, Albert C. and Liao, Wenjing},
	journal={SIAM Journal on Imaging Sciences},
	volume={5},
	number={1},
	pages={179--202},
	year={2012},
}

@article{fannjiang2011spie,
	title={Mismatch and resolution in compressive imaging},
	author={Fannjiang, Albert C. and Liao, Wenjing},
	journal={Wavelets and Sparsity XIV, Proceedings of SPIE},
	year={2011}
}

@article{fannjiang2011music,
  title={The {MUSIC} algorithm for sparse objects: a compressed sensing analysis},
  author={Fannjiang, Albert C.},
  journal={Inverse Problems},
  volume={27},
  number={3},
  pages={035013},
  year={2011},
  publisher={IOP Publishing}
}

@article{li2020super,
  title={Super-resolution limit of the {ESPRIT} algorithm},
  author={Li, Weilin and Liao, Wenjing and Fannjiang, Albert},
  journal={IEEE Transactions on Information Theory},
  volume={66},
  number={7},
  pages={4593--4608},
  year={2020},
  publisher={IEEE}
}


@article{fannjiang2016compressive,
  title={Compressive spectral estimation with single-snapshot {ESPRIT}: Stability and resolution},
  author={Fannjiang, Albert C.},
  journal={arXiv preprint arXiv:1607.01827},
  year={2016}
}


@article{liao2016music,
	title={{MUSIC} for single-snapshot spectral estimation: {S}tability and super-resolution},
	author={Liao, Wenjing and Fannjiang, Albert},
	journal={Applied and Computational Harmonic Analysis},
	volume={40},
	number={1},
	pages={33--67},
	year={2016},
	publisher={Elsevier}
}

@article{liao2015multi,
	title={MUSIC for multidimensional spectral estimation: stability and super-resolution},
	author={Liao, Wenjing},
	journal={IEEE Transactions on Signal Processing},
	volume={63},
	number={23},
	pages={6395-6406},
	year={2015}
}

@book{stewart1990matrix,
  title={Matrix Perturbation Theory},
  author={Gilbert W. and Sun, Ji-Guang},
  year={1990},
  publisher={Academic Press Boston}
}


@article{weyl1912asymptotische,
  title={Das asymptotische Verteilungsgesetz der Eigenwerte linearer partieller Differentialgleichungen (mit einer Anwendung auf die Theorie der Hohlraumstrahlung)},
  author={Weyl, Hermann},
  journal={Mathematische Annalen},
  volume={71},
  number={4},
  pages={441--479},
  year={1912},
  publisher={Springer}
}


@article{fannjiang2010remote,
	title={Compressed remote sensing of sparse objects},
	author={Fannjiang, Albert C. and Strohmer, Thomas and Yan, Pengchong},
	journal={SIAM Journal on Imaging Sciences},
	volume={3},
	number={3},
	pages={595-618},
	year={2010}
	}
	
@article{fannjiang2015compressive,
  title={Compressive Sensing Theory for Optical Systems Described by a Continuous Model},
  author={Fannjiang, Albert C.},
  journal={arXiv preprint arXiv:1507.00794},
  year={2015}
}

@article{fannjiang2010compressive,
  title={Compressive inverse scattering: I. High-frequency SIMO/MISO and MIMO measurements},
  author={Fannjiang, Albert C.},
  journal={Inverse Problems},
  volume={26},
  number={3},
  pages={035008},
  year={2010},
  publisher={IOP Publishing}
}


@article{prony1795essai,
	title={Essai exp{\'e}rimentale et analytique},
	author={Prony, Gaspard Riche de},
	journal={Journal de L'Ecole Polytechnique},
	volume={1},
	number={22},
	pages={24-76},
	year={1795}
}

@article{schmidt1981signal,
	title={A signal subspace approach to multiple emitter location spectral estimation},
	author={Schmidt, Ralph Otto},
	journal={Ph. D. Thesis, Stanford University},
	year={1981}
}

@article{kailath1989esprit,
	title={{ESPRIT}-estimation of signal parameters via rotational invariance techniques},
	author={Roy, Richard and Kailath, Thomas},
	journal={IEEE Transactions on Acoustics, Speech, and Signal Processing},
	volume={37},
	number={7},
	pages={984-995},
	year={1989},
	publisher={IEEE}
}

@article{hua1990matrixpencil,
	title={Matrix pencil method for estimating parameters of exponentially damped/undamped sinusoids in noise},
	author={Hua, Yingbo and Sarkar, Tapan K.},
	journal={IEEE Transactions on Acoustics, Speech, and Signal Processing},
	volume={38},
	number={5},
	pages={814-824},
	year={1990},
	publisher={IEEE}
}

@article{moitra2015matrixpencil,
	title={Super-resolution, extremal functions and the condition number of {V}andermonde matrices},
	author={Moitra, Ankur},
	journal={Proceedings of the Forty-Seventh Annual ACM Symposium on Theory of Computing},
    year={2015},
	publisher={ACM}
}

@article{montgomery1974hilbert,
	title={Hilbert's inequality},
	author={Montgomery, Hugh L. and Vaughan, Robert C.},
	journal={Journal of the London Mathematical Society},
	volume={2},
	number={1},
	pages={73--82},
	year={1974},
	publisher={Wiley Online Library}
}

@article{krim1996array,
  title={Two decades of array signal processing research: the parametric approach},
  author={Krim, Hamid and Viberg Mats},
  journal={IEEE Signal Processing Magazine},
  volume={13},
  number={4},
  pages={67-94},
  year={1996}
}

@book{stoica1997introduction,
	title={Introduction to Spectral Analysis},
	author={Stoica, Petre and Moses, Randolph L.},
	volume={1},
	year={1997},
	publisher={Prentice Hall}
}

@article{adamczak2010few,
	title={A few remarks on the operator norm of random Toeplitz matrices},
	author={Adamczak, Rados{\l}aw},
	journal={Journal of Theoretical Probability},
	volume={23},
	number={1},
	pages={85--108},
	year={2010},
	publisher={Springer}
}

@article{tropp2012user,
	title={User-friendly tail bounds for sums of random matrices},
	author={Tropp, Joel A.},
	journal={Foundations of Computational Mathematics},
	volume={12},
	number={4},
	pages={389--434},
	year={2012},
	publisher={Springer}
}

@article{gautschi1962inverses,
	title={On inverses of {V}andermonde and confluent {V}andermonde matrices},
	author={Gautschi, Walter},
	journal={Numerische Mathematik},
	volume={4},
	number={1},
	pages={117--123},
	year={1962},
	publisher={Springer}
}

@article{azais2015spike,
	title={Spike detection from inaccurate samplings},
	author={Aza{\"i}s, Jean-Marc and De Castro, Yohann and Gamboa, Fabrice},
	journal={Applied and Computational Harmonic Analysis},
	volume={38},
	number={2},
	pages={177--195},
	year={2015},
	publisher={Elsevier}
}

@article{tang2015near,
	title={Near minimax line spectral estimation},
	author={Tang, Gongguo and Bhaskar, Badri Narayan and Recht, Benjamin},
	journal={IEEE Transactions on Information Theory},
	volume={61},
	number={1},
	pages={499--512},
	year={2015},
	publisher={IEEE}
}

@article{li2017elementary,
	title={Elementary ${L}^\infty$ error estimates for super-resolution de-noising},
	author={Li, Weilin},
	journal={arXiv preprint arXiv:1702.03021},
	year={2017}
}

@article{wedin1972perturbation,
	title={Perturbation bounds in connection with singular value decomposition},
	author={Wedin, Per-{\AA}ke},
	journal={BIT Numerical Mathematics},
	volume={12},
	number={1},
	pages={99--111},
	year={1972},
	publisher={Springer}
}

@article{li1998relative,
  title={Relative perturbation theory: {II}. {E}igenspace and singular subspace variations},
  author={Li, Ren-Cang},
  journal={SIAM Journal on Matrix Analysis and Applications},
  volume={20},
  number={2},
  pages={471--492},
  year={1998},
  publisher={SIAM}
}

@article{rudelson2008sparse,
	title={On sparse reconstruction from {F}ourier and {G}aussian measurements},
	author={Rudelson, Mark and Vershynin, Roman},
	journal={Communications on Pure and Applied Mathematics},
	volume={61},
	number={8},
	pages={1025--1045},
	year={2008},
	publisher={Wiley Online Library}
}


@article{hansen1987truncatedsvd,
  title={The truncatedsvd as a method for regularization},
  author={Hansen, Per Christian},
  journal={BIT Numerical Mathematics},
  volume={27},
  number={4},
  pages={534--553},
  year={1987},
  publisher={Springer}
}

@article{golub2003separable,
  title={Separable nonlinear least squares: the variable projection method and its applications},
  author={Golub, Gene and Pereyra, Victor},
  journal={Inverse problems},
  volume={19},
  number={2},
  pages={R1},
  year={2003},
  publisher={IOP Publishing}
}


@article{beylkin2005approximation,
  title={On approximation of functions by exponential sums},
  author={Beylkin, Gregory and Monz{\'o}n, Lucas},
  journal={Applied and Computational Harmonic Analysis},
  volume={19},
  number={1},
  pages={17--48},
  year={2005},
  publisher={Elsevier}
}

@article{potts2010parameter,
  title={Parameter estimation for exponential sums by approximate Prony method},
  author={Potts, Daniel and Tasche, Manfred},
  journal={Signal Processing},
  volume={90},
  number={5},
  pages={1631--1642},
  year={2010},
  publisher={Elsevier}
}
