% Use this file for citations not found in the ACL Anthology (contained in "anthology.bib").

@String(PAMI = {IEEE Trans. Pattern Anal. Mach. Intell.})
@String(IJCV = {Int. J. Comput. Vis.})
@String(CVPR= {IEEE Conf. Comput. Vis. Pattern Recog.})
@String(ICCV= {Int. Conf. Comput. Vis.})
@String(ECCV= {Eur. Conf. Comput. Vis.})
@String(NIPS= {Adv. Neural Inform. Process. Syst.})
@String(ICPR = {Int. Conf. Pattern Recog.})
@String(BMVC= {Brit. Mach. Vis. Conf.})
@String(TOG= {ACM Trans. Graph.})
@String(TIP  = {IEEE Trans. Image Process.})
@String(TVCG  = {IEEE Trans. Vis. Comput. Graph.})
@String(TMM  = {IEEE Trans. Multimedia})
@String(ACMMM= {ACM Int. Conf. Multimedia})
@String(ICME = {Int. Conf. Multimedia and Expo})
@String(ICASSP=	{ICASSP})
@String(ICIP = {IEEE Int. Conf. Image Process.})
@String(ACCV  = {ACCV})
@String(ICLR = {Int. Conf. Learn. Represent.})
@String(IJCAI = {IJCAI})
@String(PR   = {Pattern Recognition})
@String(AAAI = {AAAI})
@String(CVPRW= {IEEE Conf. Comput. Vis. Pattern Recog. Worksh.})
@String(CSVT = {IEEE Trans. Circuit Syst. Video Technol.})

@String(SPL	= {IEEE Sign. Process. Letters})
@String(VR   = {Vis. Res.})
@String(JOV	 = {J. Vis.})
@String(TVC  = {The Vis. Comput.})
@String(JCST  = {J. Comput. Sci. Tech.})
@String(CGF  = {Comput. Graph. Forum})
@String(CVM = {Computational Visual Media})


@String(PAMI  = {IEEE TPAMI})
@String(IJCV  = {IJCV})
@String(CVPR  = {CVPR})
@String(ICCV  = {ICCV})
@String(ECCV  = {ECCV})
@String(NIPS  = {NeurIPS})
@String(ICPR  = {ICPR})
@String(BMVC  =	{BMVC})
@String(TOG   = {ACM TOG})
@String(TIP   = {IEEE TIP})
@String(TVCG  = {IEEE TVCG})
@String(TCSVT = {IEEE TCSVT})
@String(TMM   =	{IEEE TMM})
@String(ACMMM = {ACM MM})
@String(ICME  =	{ICME})
@String(ICASSP=	{ICASSP})
@String(ICIP  = {ICIP})
@String(ACCV  = {ACCV})
@String(ICLR  = {ICLR})
@String(IJCAI = {IJCAI})
@String(PR = {PR})
@String(AAAI = {AAAI})
@String(CVPRW= {CVPRW})
@String(CSVT = {IEEE TCSVT})


@inproceedings{azuma2022scanqa,
  title={Scanqa: 3d question answering for spatial scene understanding},
  author={Azuma, Daichi and Miyanishi, Taiki and Kurita, Shuhei and Kawanabe, Motoaki},
  booktitle={proceedings of the IEEE/CVF conference on computer vision and pattern recognition},
  pages={19129--19139},
  year={2022}
}

@inproceedings{masqa3d,
  title={SQA3D: Situated Question Answering in 3D Scenes},
  author={Ma, Xiaojian and Yong, Silong and Zheng, Zilong and Li, Qing and Liang, Yitao and Zhu, Song-Chun and Huang, Siyuan},
  booktitle={The Eleventh International Conference on Learning Representations},
year={2023}
}

@inproceedings{majumdar2024openeqa,
  title={Openeqa: Embodied question answering in the era of foundation models},
  author={Majumdar, Arjun and Ajay, Anurag and Zhang, Xiaohan and Putta, Pranav and Yenamandra, Sriram and Henaff, Mikael and Silwal, Sneha and Mcvay, Paul and Maksymets, Oleksandr and Arnaud, Sergio and others},
  booktitle={Proceedings of the IEEE/CVF Conference on Computer Vision and Pattern Recognition},
  pages={16488--16498},
  year={2024}
}


@article{chaplot2020object,
  title={Object goal navigation using goal-oriented semantic exploration},
  author={Chaplot, Devendra Singh and Gandhi, Dhiraj Prakashchand and Gupta, Abhinav and Salakhutdinov, Russ R},
  journal={Advances in Neural Information Processing Systems},
  volume={33},
  pages={4247--4258},
  year={2020}
}

@article{majumdar2022zson,
  title={Zson: Zero-shot object-goal navigation using multimodal goal embeddings},
  author={Majumdar, Arjun and Aggarwal, Gunjan and Devnani, Bhavika and Hoffman, Judy and Batra, Dhruv},
  journal={Advances in Neural Information Processing Systems},
  volume={35},
  pages={32340--32352},
  year={2022}
}

@inproceedings{yokoyama2024vlfm,
  title={Vlfm: Vision-language frontier maps for zero-shot semantic navigation},
  author={Yokoyama, Naoki and Ha, Sehoon and Batra, Dhruv and Wang, Jiuguang and Bucher, Bernadette},
  booktitle={2024 IEEE International Conference on Robotics and Automation (ICRA)},
  pages={42--48},
  year={2024},
  organization={IEEE}
}


@inproceedings{anderson2018vision,
  title={Vision-and-language navigation: Interpreting visually-grounded navigation instructions in real environments},
  author={Anderson, Peter and Wu, Qi and Teney, Damien and Bruce, Jake and Johnson, Mark and S{\"u}nderhauf, Niko and Reid, Ian and Gould, Stephen and Van Den Hengel, Anton},
  booktitle={Proceedings of the IEEE conference on computer vision and pattern recognition},
  pages={3674--3683},
  year={2018}
}

@inproceedings{krantz2020beyond,
  title={Beyond the nav-graph: Vision-and-language navigation in continuous environments},
  author={Krantz, Jacob and Wijmans, Erik and Majumdar, Arjun and Batra, Dhruv and Lee, Stefan},
  booktitle={Computer Vision--ECCV 2020: 16th European Conference, Glasgow, UK, August 23--28, 2020, Proceedings, Part XXVIII 16},
  pages={104--120},
  year={2020},
  organization={Springer}
}


@article{mees2022calvin,
  title={Calvin: A benchmark for language-conditioned policy learning for long-horizon robot manipulation tasks},
  author={Mees, Oier and Hermann, Lukas and Rosete-Beas, Erick and Burgard, Wolfram},
  journal={IEEE Robotics and Automation Letters},
  volume={7},
  number={3},
  pages={7327--7334},
  year={2022},
  publisher={IEEE}
}

@article{kroemer2021review,
  title={A review of robot learning for manipulation: Challenges, representations, and algorithms},
  author={Kroemer, Oliver and Niekum, Scott and Konidaris, George},
  journal={Journal of machine learning research},
  volume={22},
  number={30},
  pages={1--82},
  year={2021}
}


@article{chi2023diffusion,
  title={Diffusion policy: Visuomotor policy learning via action diffusion},
  author={Chi, Cheng and Xu, Zhenjia and Feng, Siyuan and Cousineau, Eric and Du, Yilun and Burchfiel, Benjamin and Tedrake, Russ and Song, Shuran},
  journal={The International Journal of Robotics Research},
  pages={02783649241273668},
  year={2023},
  publisher={SAGE Publications Sage UK: London, England}
}

@inproceedings{zhu20233d,
  title={3d-vista: Pre-trained transformer for 3d vision and text alignment},
  author={Zhu, Ziyu and Ma, Xiaojian and Chen, Yixin and Deng, Zhidong and Huang, Siyuan and Li, Qing},
  booktitle={Proceedings of the IEEE/CVF International Conference on Computer Vision},
  pages={2911--2921},
  year={2023}
}

@article{chen2024grounded,
      title={Grounded 3D-LLM with Referent Tokens}, 
      author={Chen, Yilun and Yang, Shuai and Huang, Haifeng and Wang, Tai and Lyu, Ruiyuan and Xu, Runsen and Lin, Dahua and Pang, Jiangmiao},
      journal={arXiv preprint arXiv:2405.10370},
      year={2024},
}

@inproceedings{huang2023embodied,
  title={An Embodied Generalist Agent in 3D World},
  author={Huang, Jiangyong and Yong, Silong and Ma, Xiaojian and Linghu, Xiongkun and Li, Puhao and Wang, Yan and Li, Qing and Zhu, Song-Chun and Jia, Baoxiong and Huang, Siyuan},
  booktitle={Proceedings of the International Conference on Machine Learning (ICML)},
  year={2024}
}


@inproceedings{liu2024volumetric,
  title={Volumetric Environment Representation for Vision-Language Navigation},
  author={Liu, Rui and Wang, Wenguan and Yang, Yi},
  booktitle={Proceedings of the IEEE/CVF Conference on Computer Vision and Pattern Recognition},
  pages={16317--16328},
  year={2024}
}


@article{fu2024scene,
  title={Scene-llm: Extending language model for 3d visual understanding and reasoning},
  author={Fu, Rao and Liu, Jingyu and Chen, Xilun and Nie, Yixin and Xiong, Wenhan},
  journal={arXiv preprint arXiv:2403.11401},
  year={2024}
}


@inproceedings{wang2024lookahead,
  title={Lookahead Exploration with Neural Radiance Representation for Continuous Vision-Language Navigation},
  author={Wang, Zihan and Li, Xiangyang and Yang, Jiahao and Liu, Yeqi and Hu, Junjie and Jiang, Ming and Jiang, Shuqiang},
  booktitle={Proceedings of the IEEE/CVF Conference on Computer Vision and Pattern Recognition},
  pages={13753--13762},
  year={2024}
}


@inproceedings{shen23Distilled,
  title = 	 {Distilled Feature Fields Enable Few-Shot Language-Guided Manipulation},
  author =       {Shen, William and Yang, Ge and Yu, Alan and Wong, Jansen and Kaelbling, Leslie Pack and Isola, Phillip},
  booktitle = 	 {Proceedings of The 7th Conference on Robot Learning},
  pages = 	 {405--424},
  year = 	 {2023},
  editor = 	 {Tan, Jie and Toussaint, Marc and Darvish, Kourosh},
  volume = 	 {229},
  month = 	 {06--09 Nov},
  publisher =    {PMLR}
}


@inproceedings{ze2023gnfactor,
  title={Gnfactor: Multi-task real robot learning with generalizable neural feature fields},
  author={Ze, Yanjie and Yan, Ge and Wu, Yueh-Hua and Macaluso, Annabella and Ge, Yuying and Ye, Jianglong and Hansen, Nicklas and Li, Li Erran and Wang, Xiaolong},
  booktitle={Conference on Robot Learning},
  pages={284--301},
  year={2023},
  organization={PMLR}
}



@article{qiu2024learning,
  title={Learning generalizable feature fields for mobile manipulation},
  author={Qiu, Ri-Zhao and Hu, Yafei and Yang, Ge and Song, Yuchen and Fu, Yang and Ye, Jianglong and Mu, Jiteng and Yang, Ruihan and Atanasov, Nikolay and Scherer, Sebastian and others},
  journal={arXiv preprint arXiv:2403.07563},
  year={2024}
}

@inproceedings{
   wang2024simtoreal,
   title={Sim-to-Real Transfer via 3D Feature Fields for Vision-and-Language Navigation},
   author={Zihan Wang and Xiangyang Li and Jiahao Yang and Yeqi Liu and Shuqiang Jiang},
   booktitle={8th Annual Conference on Robot Learning},
   year={2024}
}

@inproceedings{radford2021learning,
  title={Learning transferable visual models from natural language supervision},
  author={Radford, Alec and Kim, Jong Wook and Hallacy, Chris and Ramesh, Aditya and Goh, Gabriel and Agarwal, Sandhini and Sastry, Girish and Askell, Amanda and Mishkin, Pamela and Clark, Jack and others},
  booktitle={International conference on machine learning},
  pages={8748--8763},
  year={2021},
  organization={PMLR}
}

@article{oquab2024dinov2,
  title={DINOv2: Learning Robust Visual Features without Supervision},
  author={Oquab, Maxime and Darcet, Timoth{\'e}e and Moutakanni, Th{\'e}o and Vo, Huy and Szafraniec, Marc and Khalidov, Vasil and Fernandez, Pierre and Haziza, Daniel and Massa, Francisco and El-Nouby, Alaaeldin and others},
  journal={Transactions on Machine Learning Research Journal},
  pages={1--31},
  year={2024}
}

@inproceedings{jia2024sceneverse,
  title={Sceneverse: Scaling 3d vision-language learning for grounded scene understanding},
  author={Jia, Baoxiong and Chen, Yixin and Yu, Huangyue and Wang, Yan and Niu, Xuesong and Liu, Tengyu and Li, Qing and Huang, Siyuan},
  booktitle={European Conference on Computer Vision (ECCV)},
  year={2024}
}



@inproceedings{chen2020scanrefer,
  title={Scanrefer: 3d object localization in rgb-d scans using natural language},
  author={Chen, Dave Zhenyu and Chang, Angel X and Nie{\ss}ner, Matthias},
  booktitle={European conference on computer vision},
  pages={202--221},
  year={2020},
  organization={Springer}
}

@inproceedings{ramakrishnan2habitat,
  title={Habitat-Matterport 3D Dataset (HM3D): 1000 Large-scale 3D Environments for Embodied AI},
  author={Ramakrishnan, Santhosh Kumar and Gokaslan, Aaron and Wijmans, Erik and Maksymets, Oleksandr and Clegg, Alexander and Turner, John M and Undersander, Eric and Galuba, Wojciech and Westbury, Andrew and Chang, Angel X and others},
  booktitle={Thirty-fifth Conference on Neural Information Processing Systems Datasets and Benchmarks Track (Round 2)}
}

@inproceedings{zheng2020structured3d,
  title={Structured3D: A Large Photo-realistic Dataset for Structured 3D Modeling},
  author={Zheng, Jia and Zhang, Junfei and Li, Jing and Tang, Rui and Gao, Shenghua and Zhou, Zihan},
  booktitle={2020 European Conference on Computer Vision},
  year={2020}
}

@inproceedings{dai2017scannet,
  title={Scannet: Richly-annotated 3d reconstructions of indoor scenes},
  author={Dai, Angela and Chang, Angel X and Savva, Manolis and Halber, Maciej and Funkhouser, Thomas and Nie{\ss}ner, Matthias},
  booktitle={Proceedings of the IEEE conference on computer vision and pattern recognition},
  pages={5828--5839},
  year={2017}
}


@article{mildenhall2021nerf,
  title={Nerf: Representing scenes as neural radiance fields for view synthesis},
  author={Mildenhall, Ben and Srinivasan, Pratul P and Tancik, Matthew and Barron, Jonathan T and Ramamoorthi, Ravi and Ng, Ren},
  journal={Communications of the ACM},
  volume={65},
  number={1},
  pages={99--106},
  year={2021},
  publisher={ACM New York, NY, USA}
}

@article{voranesf,
  title={NeSF: Neural Semantic Fields for Generalizable Semantic Segmentation of 3D Scenes},
  author={Vora, Suhani and Radwan, Noha and Greff, Klaus and Meyer, Henning and Genova, Kyle and Sajjadi, Mehdi SM and Pot, Etienne and Tagliasacchi, Andrea and Duckworth, Daniel},
  journal={Transactions on Machine Learning Research}
}

@inproceedings{kerr2023lerf,
  title={Lerf: Language embedded radiance fields},
  author={Kerr, Justin and Kim, Chung Min and Goldberg, Ken and Kanazawa, Angjoo and Tancik, Matthew},
  booktitle={Proceedings of the IEEE/CVF International Conference on Computer Vision},
  pages={19729--19739},
  year={2023}
}

@inproceedings{savva2019habitat,
  title={Habitat: A platform for embodied ai research},
  author={Savva, Manolis and Kadian, Abhishek and Maksymets, Oleksandr and Zhao, Yili and Wijmans, Erik and Jain, Bhavana and Straub, Julian and Liu, Jia and Koltun, Vladlen and Malik, Jitendra and others},
  booktitle={Proceedings of the IEEE/CVF international conference on computer vision},
  pages={9339--9347},
  year={2019}
}



@inproceedings{krantz2022sim2sim,
  author={Krantz, Jacob and Lee, Stefan},
  title={Sim-2-Sim Transfer for Vision-and-Language Navigation in Continuous Environments},
  booktitle={European Conference on Computer Vision (ECCV)},
  year={2022}
}

@InProceedings{Hong2022bridging,
    author    = {Hong, Yicong and Wang, Zun and Wu, Qi and Gould, Stephen},
    title     = {Bridging the Gap Between Learning in Discrete and Continuous Environments for Vision-and-Language Navigation},
    booktitle = {Proceedings of the IEEE/CVF Conference on Computer Vision and Pattern Recognition (CVPR)},
    month     = {June},
    year      = {2022}
}

@inproceedings{chen2022think,
  title={Think global, act local: Dual-scale graph transformer for vision-and-language navigation},
  author={Chen, Shizhe and Guhur, Pierre-Louis and Tapaswi, Makarand and Schmid, Cordelia and Laptev, Ivan},
  booktitle={Proceedings of the IEEE/CVF Conference on Computer Vision and Pattern Recognition},
  pages={16537--16547},
  year={2022}
}

@article{an2024etpnav,
  title={Etpnav: Evolving topological planning for vision-language navigation in continuous environments},
  author={An, Dong and Wang, Hanqing and Wang, Wenguan and Wang, Zun and Huang, Yan and He, Keji and Wang, Liang},
  journal={IEEE Transactions on Pattern Analysis and Machine Intelligence},
  year={2024},
  publisher={IEEE}
}

@inproceedings{wang2023gridmm,
  title={Gridmm: Grid memory map for vision-and-language navigation},
  author={Wang, Zihan and Li, Xiangyang and Yang, Jiahao and Liu, Yeqi and Jiang, Shuqiang},
  booktitle={Proceedings of the IEEE/CVF International Conference on Computer Vision},
  pages={15625--15636},
  year={2023}
}

@inproceedings{an2023bevbert,
  title={Bevbert: Multimodal map pre-training for language-guided navigation},
  author={An, Dong and Qi, Yuankai and Li, Yangguang and Huang, Yan and Wang, Liang and Tan, Tieniu and Shao, Jing},
  booktitle={Proceedings of the IEEE/CVF International Conference on Computer Vision},
  pages={2737--2748},
  year={2023}
}


@inproceedings{ramakrishnan2022poni,
  title={Poni: Potential functions for objectgoal navigation with interaction-free learning},
  author={Ramakrishnan, Santhosh Kumar and Chaplot, Devendra Singh and Al-Halah, Ziad and Malik, Jitendra and Grauman, Kristen},
  booktitle={Proceedings of the IEEE/CVF Conference on Computer Vision and Pattern Recognition},
  pages={18890--18900},
  year={2022}
}

@inproceedings{zhang2021hierarchical,
  title={Hierarchical object-to-zone graph for object navigation},
  author={Zhang, Sixian and Song, Xinhang and Bai, Yubing and Li, Weijie and Chu, Yakui and Jiang, Shuqiang},
  booktitle={Proceedings of the IEEE/CVF international conference on computer vision},
  pages={15130--15140},
  year={2021}
}

@inproceedings{zhu2017target,
  title={Target-driven visual navigation in indoor scenes using deep reinforcement learning},
  author={Zhu, Yuke and Mottaghi, Roozbeh and Kolve, Eric and Lim, Joseph J and Gupta, Abhinav and Fei-Fei, Li and Farhadi, Ali},
  booktitle={2017 IEEE international conference on robotics and automation (ICRA)},
  pages={3357--3364},
  year={2017},
  organization={IEEE}
}

@article{gervet2023navigating,
  title={Navigating to objects in the real world},
  author={Gervet, Theophile and Chintala, Soumith and Batra, Dhruv and Malik, Jitendra and Chaplot, Devendra Singh},
  journal={Science Robotics},
  volume={8},
  number={79},
  pages={eadf6991},
  year={2023},
  publisher={American Association for the Advancement of Science}
}



@inproceedings{zhou2023esc,
  title={Esc: Exploration with soft commonsense constraints for zero-shot object navigation},
  author={Zhou, Kaiwen and Zheng, Kaizhi and Pryor, Connor and Shen, Yilin and Jin, Hongxia and Getoor, Lise and Wang, Xin Eric},
  booktitle={International Conference on Machine Learning},
  pages={42829--42842},
  year={2023},
  organization={PMLR}
}

@inproceedings{gadre2023cows,
  title={Cows on pasture: Baselines and benchmarks for language-driven zero-shot object navigation},
  author={Gadre, Samir Yitzhak and Wortsman, Mitchell and Ilharco, Gabriel and Schmidt, Ludwig and Song, Shuran},
  booktitle={Proceedings of the IEEE/CVF Conference on Computer Vision and Pattern Recognition},
  pages={23171--23181},
  year={2023}
}

@inproceedings{li2022grounded,
  title={Grounded language-image pre-training},
  author={Li, Liunian Harold and Zhang, Pengchuan and Zhang, Haotian and Yang, Jianwei and Li, Chunyuan and Zhong, Yiwu and Wang, Lijuan and Yuan, Lu and Zhang, Lei and Hwang, Jenq-Neng and others},
  booktitle={Proceedings of the IEEE/CVF Conference on Computer Vision and Pattern Recognition},
  pages={10965--10975},
  year={2022}
}


@inproceedings{li2023blip,
  title={Blip-2: Bootstrapping language-image pre-training with frozen image encoders and large language models},
  author={Li, Junnan and Li, Dongxu and Savarese, Silvio and Hoi, Steven},
  booktitle={International conference on machine learning},
  pages={19730--19742},
  year={2023},
  organization={PMLR}
}


@article{wijmans2019dd,
  title={Dd-ppo: Learning near-perfect pointgoal navigators from 2.5 billion frames},
  author={Wijmans, Erik and Kadian, Abhishek and Morcos, Ari and Lee, Stefan and Essa, Irfan and Parikh, Devi and Savva, Manolis and Batra, Dhruv},
  journal={arXiv preprint arXiv:1911.00357},
  year={2019}
}

@inproceedings{yadav2023habitat,
  title={Habitat-matterport 3d semantics dataset},
  author={Yadav, Karmesh and Ramrakhya, Ram and Ramakrishnan, Santhosh Kumar and Gervet, Theo and Turner, John and Gokaslan, Aaron and Maestre, Noah and Chang, Angel Xuan and Batra, Dhruv and Savva, Manolis and others},
  booktitle={Proceedings of the IEEE/CVF Conference on Computer Vision and Pattern Recognition},
  pages={4927--4936},
  year={2023}
}


@inproceedings{Structured3D,
  title     = {Structured3D: A Large Photo-realistic Dataset for Structured 3D Modeling},
  author    = {Jia Zheng and Junfei Zhang and Jing Li and Rui Tang and Shenghua Gao and Zihan Zhou},
  booktitle = {Proceedings of The European Conference on Computer Vision (ECCV)},
  year      = {2020}
}

@inproceedings{chang2017matterport3d,
  title={Matterport3D: Learning from RGB-D Data in Indoor Environments},
  author={Chang, Angel and Dai, Angela and Funkhouser, Thomas and Halber, Maciej and Niebner, Matthias and Savva, Manolis and Song, Shuran and Zeng, Andy and Zhang, Yinda},
  booktitle={International Conference on 3D Vision (3DV)},
  year={2017}
}

@inproceedings{georgakis2022cross,
  title={Cross-modal map learning for vision and language navigation},
  author={Georgakis, Georgios and Schmeckpeper, Karl and Wanchoo, Karan and Dan, Soham and Miltsakaki, Eleni and Roth, Dan and Daniilidis, Kostas},
  booktitle={Proceedings of the IEEE/CVF Conference on Computer Vision and Pattern Recognition},
  pages={15460--15470},
  year={2022}
}



@InProceedings{zhang2024navid,
        title={NaVid: Video-based VLM Plans the Next Step for Vision-and-Language Navigation},
        author={Zhang, Jiazhao and Wang, Kunyu and Xu, Rongtao and Zhou, Gengze and Hong, Yicong and Fang, Xiaomeng and Wu, Qi and Zhang, Zhizheng and Wang, He},
        booktitle={Proceedings of Robotics: Science and Systems (RSS)},
        year={2024}
      }

@article{chen2022weakly,
  title={Weakly-supervised multi-granularity map learning for vision-and-language navigation},
  author={Chen, Peihao and Ji, Dongyu and Lin, Kunyang and Zeng, Runhao and Li, Thomas and Tan, Mingkui and Gan, Chuang},
  journal={Advances in Neural Information Processing Systems},
  volume={35},
  pages={38149--38161},
  year={2022}
}

@inproceedings{
long2024instructnav,
title={InstructNav: Zero-shot System for Generic Instruction Navigation in Unexplored Environment},
author={Yuxing Long and Wenzhe Cai and Hongcheng Wang and Guanqi Zhan and Hao Dong},
booktitle={8th Annual Conference on Robot Learning},
year={2024},
url={https://openreview.net/forum?id=fCDOfpTCzZ}
}

@inproceedings{hong2023learning,
  title={Learning navigational visual representations with semantic map supervision},
  author={Hong, Yicong and Zhou, Yang and Zhang, Ruiyi and Dernoncourt, Franck and Bui, Trung and Gould, Stephen and Tan, Hao},
  booktitle={Proceedings of the IEEE/CVF International Conference on Computer Vision},
  pages={3055--3067},
  year={2023}
}

@inproceedings{wang2023dreamwalker,
  title={Dreamwalker: Mental planning for continuous vision-language navigation},
  author={Wang, Hanqing and Liang, Wei and Van Gool, Luc and Wang, Wenguan},
  booktitle={Proceedings of the IEEE/CVF International Conference on Computer Vision},
  pages={10873--10883},
  year={2023}
}


@inproceedings{liu2024vision,
  title={Vision-Language Navigation with Energy-Based Policy},
  author={Liu, Rui and Wang, Wenguan and Yang, Yi},
  booktitle={Advances in Neural Information Processing Systems},
  year={2024}
}


@inproceedings{yuan2024gamapzeroshotobjectgoal,
      title={GAMap: Zero-Shot Object Goal Navigation with Multi-Scale Geometric-Affordance Guidance}, 
      author={Shuaihang Yuan and Hao Huang and Yu Hao and Congcong Wen and Anthony Tzes and Yi Fang},
      booktitle={Advances in Neural Information Processing Systems},
    year={2024}
}


@inproceedings{yin2024sgnavonline3dscene,
      title={SG-Nav: Online 3D Scene Graph Prompting for LLM-based Zero-shot Object Navigation}, 
      author={Hang Yin and Xiuwei Xu and Zhenyu Wu and Jie Zhou and Jiwen Lu},
      booktitle={Advances in Neural Information Processing Systems},
    year={2024}
}

@inproceedings{lei2021less,
  title={Less is more: Clipbert for video-and-language learning via sparse sampling},
  author={Lei, Jie and Li, Linjie and Zhou, Luowei and Gan, Zhe and Berg, Tamara L and Bansal, Mohit and Liu, Jingjing},
  booktitle={Proceedings of the IEEE/CVF conference on computer vision and pattern recognition},
  pages={7331--7341},
  year={2021}
}

@inproceedings{wang2023yolov7,
  title={YOLOv7: Trainable bag-of-freebies sets new state-of-the-art for real-time object detectors},
  author={Wang, Chien-Yao and Bochkovskiy, Alexey and Liao, Hong-Yuan Mark},
  booktitle={Proceedings of the IEEE/CVF conference on computer vision and pattern recognition},
  pages={7464--7475},
  year={2023}
}

@article{liu2023grounding,
  title={Grounding dino: Marrying dino with grounded pre-training for open-set object detection},
  author={Liu, Shilong and Zeng, Zhaoyang and Ren, Tianhe and Li, Feng and Zhang, Hao and Yang, Jie and Jiang, Qing and Li, Chunyuan and Yang, Jianwei and Su, Hang and others},
  journal={arXiv preprint arXiv:2303.05499},
  year={2023}
}


@inproceedings{kirillov2023segment,
  title={Segment anything},
  author={Kirillov, Alexander and Mintun, Eric and Ravi, Nikhila and Mao, Hanzi and Rolland, Chloe and Gustafson, Laura and Xiao, Tete and Whitehead, Spencer and Berg, Alexander C and Lo, Wan-Yen and others},
  booktitle={Proceedings of the IEEE/CVF International Conference on Computer Vision},
  pages={4015--4026},
  year={2023}
}

@article{zhang2023faster,
  title={Faster segment anything: Towards lightweight sam for mobile applications},
  author={Zhang, Chaoning and Han, Dongshen and Qiao, Yu and Kim, Jung Uk and Bae, Sung-Ho and Lee, Seungkyu and Hong, Choong Seon},
  journal={arXiv preprint arXiv:2306.14289},
  year={2023}
}

@inproceedings{he2017mask,
  title={Mask r-cnn},
  author={He, Kaiming and Gkioxari, Georgia and Doll{\'a}r, Piotr and Girshick, Ross},
  booktitle={Proceedings of the IEEE international conference on computer vision},
  pages={2961--2969},
  year={2017}
}

@article{zhang2024vla3ddataset3dsemantic,
      title={VLA-3D: A Dataset for 3D Semantic Scene Understanding and Navigation}, 
      author={Haochen Zhang and Nader Zantout and Pujith Kachana and Zongyuan Wu and Ji Zhang and Wenshan Wang},
      journal={arXiv preprint arXiv:2411.03540},
    year={2024},
}


@inproceedings{yenamandrahomerobot,
  title={HomeRobot: Open-Vocabulary Mobile Manipulation},
  author={Yenamandra, Sriram and Ramachandran, Arun and Yadav, Karmesh and Wang, Austin S and Khanna, Mukul and Gervet, Theophile and Yang, Tsung-Yen and Jain, Vidhi and Clegg, Alexander and Turner, John M and others},
  booktitle={7th Annual Conference on Robot Learning},
year={2023}
}

@article{zhang2024vision,
  title={Vision-and-language navigation today and tomorrow: A survey in the era of foundation models},
  author={Zhang, Yue and Ma, Ziqiao and Li, Jialu and Qiao, Yanyuan and Wang, Zun and Chai, Joyce and Wu, Qi and Bansal, Mohit and Kordjamshidi, Parisa},
  journal={arXiv preprint arXiv:2407.07035},
  year={2024}
}

@article{qiao2023hop+,
  title={Hop+: History-enhanced and order-aware pre-training for vision-and-language navigation},
  author={Qiao, Yanyuan and Qi, Yuankai and Hong, Yicong and Yu, Zheng and Wang, Peng and Wu, Qi},
  journal={IEEE Transactions on Pattern Analysis and Machine Intelligence},
  volume={45},
  number={7},
  pages={8524--8537},
  year={2023},
  publisher={IEEE}
}

@inproceedings{kwon2023renderable,
  title={Renderable neural radiance map for visual navigation},
  author={Kwon, Obin and Park, Jeongho and Oh, Songhwai},
  booktitle={Proceedings of the IEEE/CVF Conference on Computer Vision and Pattern Recognition},
  pages={9099--9108},
  year={2023}
}

@inproceedings{taioli2023language,
  title={Language-enhanced rnr-map: Querying renderable neural radiance field maps with natural language},
  author={Taioli, Francesco and Cunico, Federico and Girella, Federico and Bologna, Riccardo and Farinelli, Alessandro and Cristani, Marco},
  booktitle={Proceedings of the IEEE/CVF International Conference on Computer Vision},
  pages={4669--4674},
  year={2023}
}


@inproceedings{liu2023bird,
  title={Bird's-Eye-View Scene Graph for Vision-Language Navigation},
  author={Liu, Rui and Wang, Xiaohan and Wang, Wenguan and Yang, Yi},
  booktitle={Proceedings of the IEEE/CVF International Conference on Computer Vision},
  pages={10968--10980},
  year={2023}
}

@inproceedings{wang2023scaling,
  title={Scaling data generation in vision-and-language navigation},
  author={Wang, Zun and Li, Jialu and Hong, Yicong and Wang, Yi and Wu, Qi and Bansal, Mohit and Gould, Stephen and Tan, Hao and Qiao, Yu},
  booktitle={Proceedings of the IEEE/CVF International Conference on Computer Vision},
  pages={12009--12020},
  year={2023}
}


@inproceedings{wang2024vision,
  title={Vision-and-Language Navigation via Causal Learning},
  author={Wang, Liuyi and He, Zongtao and Dang, Ronghao and Shen, Mengjiao and Liu, Chengju and Chen, Qijun},
  booktitle={Proceedings of the IEEE/CVF Conference on Computer Vision and Pattern Recognition},
  pages={13139--13150},
  year={2024}
}

@article{chen2021history,
  title={History aware multimodal transformer for vision-and-language navigation},
  author={Chen, Shizhe and Guhur, Pierre-Louis and Schmid, Cordelia and Laptev, Ivan},
  journal={Advances in neural information processing systems},
  volume={34},
  pages={5834--5847},
  year={2021}
}

@inproceedings{hong2021vln,
  title={Vln bert: A recurrent vision-and-language bert for navigation},
  author={Hong, Yicong and Wu, Qi and Qi, Yuankai and Rodriguez-Opazo, Cristian and Gould, Stephen},
  booktitle={Proceedings of the IEEE/CVF conference on Computer Vision and Pattern Recognition},
  pages={1643--1653},
  year={2021}
}

@inproceedings{das2018embodied,
  title={Embodied question answering},
  author={Das, Abhishek and Datta, Samyak and Gkioxari, Georgia and Lee, Stefan and Parikh, Devi and Batra, Dhruv},
  booktitle={Proceedings of the IEEE conference on computer vision and pattern recognition},
  pages={1--10},
  year={2018}
}


@inproceedings{maas2013rectifier,
  title={Rectifier nonlinearities improve neural network acoustic models},
  author={Maas, Andrew L and Hannun, Awni Y and Ng, Andrew Y and others},
  booktitle={Proc. icml},
  volume={30},
  number={1},
  pages={3},
  year={2013},
  organization={Atlanta, GA}
}

@inproceedings{qi2020reverie,
  title={Reverie: Remote embodied visual referring expression in real indoor environments},
  author={Qi, Yuankai and Wu, Qi and Anderson, Peter and Wang, Xin and Wang, William Yang and Shen, Chunhua and Hengel, Anton van den},
  booktitle={Proceedings of the IEEE/CVF Conference on Computer Vision and Pattern Recognition},
  pages={9982--9991},
  year={2020}
}

@inproceedings{zhu2021soon,
  title={Soon: Scenario oriented object navigation with graph-based exploration},
  author={Zhu, Fengda and Liang, Xiwen and Zhu, Yi and Yu, Qizhi and Chang, Xiaojun and Liang, Xiaodan},
  booktitle={Proceedings of the IEEE/CVF Conference on Computer Vision and Pattern Recognition},
  pages={12689--12699},
  year={2021}
}


@inproceedings{ku2020room,
  title={Room-Across-Room: Multilingual Vision-and-Language Navigation with Dense Spatiotemporal Grounding},
  author={Ku, Alexander and Anderson, Peter and Patel, Roma and Ie, Eugene and Baldridge, Jason},
  booktitle={Proceedings of the 2020 Conference on Empirical Methods in Natural Language Processing (EMNLP)},
  pages={4392--4412},
  year={2020}
}

@article{fried2018speaker,
  title={Speaker-follower models for vision-and-language navigation},
  author={Fried, Daniel and Hu, Ronghang and Cirik, Volkan and Rohrbach, Anna and Andreas, Jacob and Morency, Louis-Philippe and Berg-Kirkpatrick, Taylor and Saenko, Kate and Klein, Dan and Darrell, Trevor},
  journal={Advances in neural information processing systems},
  volume={31},
  year={2018}
}

@article{tan2019learning,
  title={Learning to navigate unseen environments: Back translation with environmental dropout},
  author={Tan, Hao and Yu, Licheng and Bansal, Mohit},
  journal={arXiv preprint arXiv:1904.04195},
  year={2019}
}

@article{zhang2023vln,
  title={Vln-trans: Translator for the vision and language navigation agent},
  author={Zhang, Yue and Kordjamshidi, Parisa},
  journal={arXiv preprint arXiv:2302.09230},
  year={2023}
}

@inproceedings{chen2022learning,
  title={Learning from unlabeled 3d environments for vision-and-language navigation},
  author={Chen, Shizhe and Guhur, Pierre-Louis and Tapaswi, Makarand and Schmid, Cordelia and Laptev, Ivan},
  booktitle={European Conference on Computer Vision},
  pages={638--655},
  year={2022},
  organization={Springer}
}

@inproceedings{kamath2023new,
  title={A new path: Scaling vision-and-language navigation with synthetic instructions and imitation learning},
  author={Kamath, Aishwarya and Anderson, Peter and Wang, Su and Koh, Jing Yu and Ku, Alexander and Waters, Austin and Yang, Yinfei and Baldridge, Jason and Parekh, Zarana},
  booktitle={Proceedings of the IEEE/CVF Conference on Computer Vision and Pattern Recognition},
  pages={10813--10823},
  year={2023}
}




@inproceedings{cheng2022masked,
  title={Masked-attention mask transformer for universal image segmentation},
  author={Cheng, Bowen and Misra, Ishan and Schwing, Alexander G and Kirillov, Alexander and Girdhar, Rohit},
  booktitle={Proceedings of the IEEE/CVF conference on computer vision and pattern recognition},
  pages={1290--1299},
  year={2022}
}


@article{radford2019language,
  title={Language models are unsupervised multitask learners},
  author={Radford, Alec and Wu, Jeffrey and Child, Rewon and Luan, David and Amodei, Dario and Sutskever, Ilya and others},
  journal={OpenAI blog},
  volume={1},
  number={8},
  pages={9},
  year={2019}
}

@inproceedings{xia2018gibson,
  title={Gibson env: Real-world perception for embodied agents},
  author={Xia, Fei and Zamir, Amir R and He, Zhiyang and Sax, Alexander and Malik, Jitendra and Savarese, Silvio},
  booktitle={Proceedings of the IEEE conference on computer vision and pattern recognition},
  pages={9068--9079},
  year={2018}
}

@inproceedings{zhaolarge,
  title={Large Scale Image Completion via Co-Modulated Generative Adversarial Networks},
  author={Zhao, Shengyu and Cui, Jonathan and Sheng, Yilun and Dong, Yue and Liang, Xiao and Eric, I and Chang, Chao and Xu, Yan},
  booktitle={International Conference on Learning Representations}
}
@inproceedings{koh2023simple,
  title={Simple and effective synthesis of indoor 3d scenes},
  author={Koh, Jing Yu and Agrawal, Harsh and Batra, Dhruv and Tucker, Richard and Waters, Austin and Lee, Honglak and Yang, Yinfei and Baldridge, Jason and Anderson, Peter},
  booktitle={Proceedings of the AAAI Conference on Artificial Intelligence},
  volume={37},
  number={1},
  pages={1169--1178},
  year={2023}
}


@inproceedings{wang2023lana,
  title={Lana: A language-capable navigator for instruction following and generation},
  author={Wang, Xiaohan and Wang, Wenguan and Shao, Jiayi and Yang, Yi},
  booktitle={Proceedings of the IEEE/CVF Conference on Computer Vision and Pattern Recognition},
  pages={19048--19058},
  year={2023}
}

@article{zeng2023kefa,
  title={Kefa: A Knowledge Enhanced and Fine-grained Aligned Speaker for Navigation Instruction Generation},
  author={Zeng, Haitian and Wang, Xiaohan and Wang, Wenguan and Yang, Yi},
  journal={arXiv preprint arXiv:2307.13368},
  year={2023}
}

@inproceedings{kong2025controllable,
  title={Controllable navigation instruction generation with chain of thought prompting},
  author={Kong, Xianghao and Chen, Jinyu and Wang, Wenguan and Su, Hang and Hu, Xiaolin and Yang, Yi and Liu, Si},
  booktitle={European Conference on Computer Vision},
  pages={37--54},
  year={2025},
  organization={Springer}
}

@inproceedings{fan2025navigation,
  title={Navigation instruction generation with bev perception and large language models},
  author={Fan, Sheng and Liu, Rui and Wang, Wenguan and Yang, Yi},
  booktitle={European Conference on Computer Vision},
  pages={368--387},
  year={2025},
  organization={Springer}
}

@article{lewis2020retrieval,
  title={Retrieval-augmented generation for knowledge-intensive nlp tasks},
  author={Lewis, Patrick and Perez, Ethan and Piktus, Aleksandra and Petroni, Fabio and Karpukhin, Vladimir and Goyal, Naman and K{\"u}ttler, Heinrich and Lewis, Mike and Yih, Wen-tau and Rockt{\"a}schel, Tim and others},
  journal={Advances in Neural Information Processing Systems},
  volume={33},
  pages={9459--9474},
  year={2020}
}

@inproceedings{shao2023enhancing,
  title={Enhancing Retrieval-Augmented Large Language Models with Iterative Retrieval-Generation Synergy},
  author={Shao, Zhihong and Gong, Yeyun and Shen, Yelong and Huang, Minlie and Duan, Nan and Chen, Weizhu},
  booktitle={Findings of the Association for Computational Linguistics: EMNLP 2023},
  pages={9248--9274},
  year={2023}
}

@article{edge2024local,
  title={From local to global: A graph rag approach to query-focused summarization},
  author={Edge, Darren and Trinh, Ha and Cheng, Newman and Bradley, Joshua and Chao, Alex and Mody, Apurva and Truitt, Steven and Larson, Jonathan},
  journal={arXiv preprint arXiv:2404.16130},
  year={2024}
}

@article{booker2024embodiedrag,
  title={EmbodiedRAG: Dynamic 3D Scene Graph Retrieval for Efficient and Scalable Robot Task Planning},
  author={Booker, Meghan and Byrd, Grayson and Kemp, Bethany and Schmidt, Aurora and Rivera, Corban},
  journal={arXiv preprint arXiv:2410.23968},
  year={2024}
}

@article{xie2024embodied,
  title={Embodied-RAG: General Non-parametric Embodied Memory for Retrieval and Generation},
  author={Xie, Quanting and Min, So Yeon and Zhang, Tianyi and Xu, Kedi and Bajaj, Aarav and Salakhutdinov, Ruslan and Johnson-Roberson, Matthew and Bisk, Yonatan},
  journal={arXiv preprint arXiv:2409.18313},
  year={2024}
}



@inproceedings{zhou2024navgpt,
  title={Navgpt: Explicit reasoning in vision-and-language navigation with large language models},
  author={Zhou, Gengze and Hong, Yicong and Wu, Qi},
  booktitle={Proceedings of the AAAI Conference on Artificial Intelligence},
  volume={38},
  number={7},
  pages={7641--7649},
  year={2024}
}


@article{chen2024mapgpt,
  title={Mapgpt: Map-guided prompting for unified vision-and-language navigation},
  author={Chen, Jiaqi and Lin, Bingqian and Xu, Ran and Chai, Zhenhua and Liang, Xiaodan and Wong, Kwan-Yee K},
  journal={arXiv preprint arXiv:2401.07314},
  year={2024}
}


@inproceedings{hao2020towards,
  title={Towards learning a generic agent for vision-and-language navigation via pre-training},
  author={Hao, Weituo and Li, Chunyuan and Li, Xiujun and Carin, Lawrence and Gao, Jianfeng},
  booktitle={Proceedings of the IEEE/CVF conference on computer vision and pattern recognition},
  pages={13137--13146},
  year={2020}
}

@inproceedings{wang2022less,
  title={Less is more: Generating grounded navigation instructions from landmarks},
  author={Wang, Su and Montgomery, Ceslee and Orbay, Jordi and Birodkar, Vighnesh and Faust, Aleksandra and Gur, Izzeddin and Jaques, Natasha and Waters, Austin and Baldridge, Jason and Anderson, Peter},
  booktitle={Proceedings of the IEEE/CVF Conference on Computer Vision and Pattern Recognition},
  pages={15428--15438},
  year={2022}
}

@article{hurst2024gpt,
  title={Gpt-4o system card},
  author={Hurst, Aaron and Lerer, Adam and Goucher, Adam P and Perelman, Adam and Ramesh, Aditya and Clark, Aidan and Ostrow, AJ and Welihinda, Akila and Hayes, Alan and Radford, Alec and others},
  journal={arXiv preprint arXiv:2410.21276},
  year={2024}
}

@article{dubey2024llama,
  title={The llama 3 herd of models},
  author={Dubey, Abhimanyu and Jauhri, Abhinav and Pandey, Abhinav and Kadian, Abhishek and Al-Dahle, Ahmad and Letman, Aiesha and Mathur, Akhil and Schelten, Alan and Yang, Amy and Fan, Angela and others},
  journal={arXiv preprint arXiv:2407.21783},
  year={2024}
}

@inproceedings{lin2023learning,
  title={Learning vision-and-language navigation from youtube videos},
  author={Lin, Kunyang and Chen, Peihao and Huang, Diwei and Li, Thomas H and Tan, Mingkui and Gan, Chuang},
  booktitle={Proceedings of the IEEE/CVF International Conference on Computer Vision},
  pages={8317--8326},
  year={2023}
}


@inproceedings{li2023kerm,
  title={Kerm: Knowledge enhanced reasoning for vision-and-language navigation},
  author={Li, Xiangyang and Wang, Zihan and Yang, Jiahao and Wang, Yaowei and Jiang, Shuqiang},
  booktitle={Proceedings of the IEEE/CVF Conference on Computer Vision and Pattern Recognition},
  pages={2583--2592},
  year={2023}
}





@inproceedings{qiao2023march,
  title={March in chat: Interactive prompting for remote embodied referring expression},
  author={Qiao, Yanyuan and Qi, Yuankai and Yu, Zheng and Liu, Jing and Wu, Qi},
  booktitle={Proceedings of the IEEE/CVF International Conference on Computer Vision},
  pages={15758--15767},
  year={2023}
}

@inproceedings{qiao2024llm,
  title={LLM as Copilot for Coarse-Grained Vision-and-Language Navigation},
  author={Qiao, Yanyuan and Liu, Qianyi and Liu, Jiajun and Liu, Jing and Wu, Qi},
  booktitle={European Conference on Computer Vision},
  pages={459--476},
  year={2024},
  organization={Springer}
}

@inproceedings{zheng2024towards,
  title={Towards learning a generalist model for embodied navigation},
  author={Zheng, Duo and Huang, Shijia and Zhao, Lin and Zhong, Yiwu and Wang, Liwei},
  booktitle={Proceedings of the IEEE/CVF Conference on Computer Vision and Pattern Recognition},
  pages={13624--13634},
  year={2024}
}