@inproceedings{anderson2018vision,
  title={Vision-and-language navigation: Interpreting visually-grounded navigation instructions in real environments},
  author={Anderson, Peter and Wu, Qi and Teney, Damien and Bruce, Jake and Johnson, Mark and S{\"u}nderhauf, Niko and Reid, Ian and Gould, Stephen and Van Den Hengel, Anton},
  booktitle={Proceedings of the IEEE conference on computer vision and pattern recognition},
  pages={3674--3683},
  year={2018}
}

@article{booker2024embodiedrag,
  title={EmbodiedRAG: Dynamic 3D Scene Graph Retrieval for Efficient and Scalable Robot Task Planning},
  author={Booker, Meghan and Byrd, Grayson and Kemp, Bethany and Schmidt, Aurora and Rivera, Corban},
  journal={arXiv preprint arXiv:2410.23968},
  year={2024}
}

@inproceedings{chang2017matterport3d,
  title={Matterport3D: Learning from RGB-D Data in Indoor Environments},
  author={Chang, Angel and Dai, Angela and Funkhouser, Thomas and Halber, Maciej and Niebner, Matthias and Savva, Manolis and Song, Shuran and Zeng, Andy and Zhang, Yinda},
  booktitle={International Conference on 3D Vision (3DV)},
  year={2017}
}

@inproceedings{chen2022learning,
  title={Learning from unlabeled 3d environments for vision-and-language navigation},
  author={Chen, Shizhe and Guhur, Pierre-Louis and Tapaswi, Makarand and Schmid, Cordelia and Laptev, Ivan},
  booktitle={European Conference on Computer Vision},
  pages={638--655},
  year={2022},
  organization={Springer}
}

@inproceedings{cheng2022masked,
  title={Masked-attention mask transformer for universal image segmentation},
  author={Cheng, Bowen and Misra, Ishan and Schwing, Alexander G and Kirillov, Alexander and Girdhar, Rohit},
  booktitle={Proceedings of the IEEE/CVF conference on computer vision and pattern recognition},
  pages={1290--1299},
  year={2022}
}

@article{edge2024local,
  title={From local to global: A graph rag approach to query-focused summarization},
  author={Edge, Darren and Trinh, Ha and Cheng, Newman and Bradley, Joshua and Chao, Alex and Mody, Apurva and Truitt, Steven and Larson, Jonathan},
  journal={arXiv preprint arXiv:2404.16130},
  year={2024}
}

@inproceedings{fan2025navigation,
  title={Navigation instruction generation with bev perception and large language models},
  author={Fan, Sheng and Liu, Rui and Wang, Wenguan and Yang, Yi},
  booktitle={European Conference on Computer Vision},
  pages={368--387},
  year={2025},
  organization={Springer}
}

@article{fried2018speaker,
  title={Speaker-follower models for vision-and-language navigation},
  author={Fried, Daniel and Hu, Ronghang and Cirik, Volkan and Rohrbach, Anna and Andreas, Jacob and Morency, Louis-Philippe and Berg-Kirkpatrick, Taylor and Saenko, Kate and Klein, Dan and Darrell, Trevor},
  journal={Advances in neural information processing systems},
  volume={31},
  year={2018}
}

@inproceedings{kamath2023new,
  title={A new path: Scaling vision-and-language navigation with synthetic instructions and imitation learning},
  author={Kamath, Aishwarya and Anderson, Peter and Wang, Su and Koh, Jing Yu and Ku, Alexander and Waters, Austin and Yang, Yinfei and Baldridge, Jason and Parekh, Zarana},
  booktitle={Proceedings of the IEEE/CVF Conference on Computer Vision and Pattern Recognition},
  pages={10813--10823},
  year={2023}
}

@inproceedings{koh2023simple,
  title={Simple and effective synthesis of indoor 3d scenes},
  author={Koh, Jing Yu and Agrawal, Harsh and Batra, Dhruv and Tucker, Richard and Waters, Austin and Lee, Honglak and Yang, Yinfei and Baldridge, Jason and Anderson, Peter},
  booktitle={Proceedings of the AAAI Conference on Artificial Intelligence},
  volume={37},
  number={1},
  pages={1169--1178},
  year={2023}
}

@inproceedings{kong2025controllable,
  title={Controllable navigation instruction generation with chain of thought prompting},
  author={Kong, Xianghao and Chen, Jinyu and Wang, Wenguan and Su, Hang and Hu, Xiaolin and Yang, Yi and Liu, Si},
  booktitle={European Conference on Computer Vision},
  pages={37--54},
  year={2025},
  organization={Springer}
}

@inproceedings{krantz2020beyond,
  title={Beyond the nav-graph: Vision-and-language navigation in continuous environments},
  author={Krantz, Jacob and Wijmans, Erik and Majumdar, Arjun and Batra, Dhruv and Lee, Stefan},
  booktitle={Computer Vision--ECCV 2020: 16th European Conference, Glasgow, UK, August 23--28, 2020, Proceedings, Part XXVIII 16},
  pages={104--120},
  year={2020},
  organization={Springer}
}

@inproceedings{ku2020room,
  title={Room-Across-Room: Multilingual Vision-and-Language Navigation with Dense Spatiotemporal Grounding},
  author={Ku, Alexander and Anderson, Peter and Patel, Roma and Ie, Eugene and Baldridge, Jason},
  booktitle={Proceedings of the 2020 Conference on Empirical Methods in Natural Language Processing (EMNLP)},
  pages={4392--4412},
  year={2020}
}

@article{lewis2020retrieval,
  title={Retrieval-augmented generation for knowledge-intensive nlp tasks},
  author={Lewis, Patrick and Perez, Ethan and Piktus, Aleksandra and Petroni, Fabio and Karpukhin, Vladimir and Goyal, Naman and K{\"u}ttler, Heinrich and Lewis, Mike and Yih, Wen-tau and Rockt{\"a}schel, Tim and others},
  journal={Advances in Neural Information Processing Systems},
  volume={33},
  pages={9459--9474},
  year={2020}
}

@inproceedings{qi2020reverie,
  title={Reverie: Remote embodied visual referring expression in real indoor environments},
  author={Qi, Yuankai and Wu, Qi and Anderson, Peter and Wang, Xin and Wang, William Yang and Shen, Chunhua and Hengel, Anton van den},
  booktitle={Proceedings of the IEEE/CVF Conference on Computer Vision and Pattern Recognition},
  pages={9982--9991},
  year={2020}
}

@article{radford2019language,
  title={Language models are unsupervised multitask learners},
  author={Radford, Alec and Wu, Jeffrey and Child, Rewon and Luan, David and Amodei, Dario and Sutskever, Ilya and others},
  journal={OpenAI blog},
  volume={1},
  number={8},
  pages={9},
  year={2019}
}

@inproceedings{ramakrishnan2habitat,
  title={Habitat-Matterport 3D Dataset (HM3D): 1000 Large-scale 3D Environments for Embodied AI},
  author={Ramakrishnan, Santhosh Kumar and Gokaslan, Aaron and Wijmans, Erik and Maksymets, Oleksandr and Clegg, Alexander and Turner, John M and Undersander, Eric and Galuba, Wojciech and Westbury, Andrew and Chang, Angel X and others},
  booktitle={Thirty-fifth Conference on Neural Information Processing Systems Datasets and Benchmarks Track (Round 2)}
}

@inproceedings{savva2019habitat,
  title={Habitat: A platform for embodied ai research},
  author={Savva, Manolis and Kadian, Abhishek and Maksymets, Oleksandr and Zhao, Yili and Wijmans, Erik and Jain, Bhavana and Straub, Julian and Liu, Jia and Koltun, Vladlen and Malik, Jitendra and others},
  booktitle={Proceedings of the IEEE/CVF international conference on computer vision},
  pages={9339--9347},
  year={2019}
}

@inproceedings{shao2023enhancing,
  title={Enhancing Retrieval-Augmented Large Language Models with Iterative Retrieval-Generation Synergy},
  author={Shao, Zhihong and Gong, Yeyun and Shen, Yelong and Huang, Minlie and Duan, Nan and Chen, Weizhu},
  booktitle={Findings of the Association for Computational Linguistics: EMNLP 2023},
  pages={9248--9274},
  year={2023}
}

@article{tan2019learning,
  title={Learning to navigate unseen environments: Back translation with environmental dropout},
  author={Tan, Hao and Yu, Licheng and Bansal, Mohit},
  journal={arXiv preprint arXiv:1904.04195},
  year={2019}
}

@inproceedings{wang2023lana,
  title={Lana: A language-capable navigator for instruction following and generation},
  author={Wang, Xiaohan and Wang, Wenguan and Shao, Jiayi and Yang, Yi},
  booktitle={Proceedings of the IEEE/CVF Conference on Computer Vision and Pattern Recognition},
  pages={19048--19058},
  year={2023}
}

@inproceedings{wang2023scaling,
  title={Scaling data generation in vision-and-language navigation},
  author={Wang, Zun and Li, Jialu and Hong, Yicong and Wang, Yi and Wu, Qi and Bansal, Mohit and Gould, Stephen and Tan, Hao and Qiao, Yu},
  booktitle={Proceedings of the IEEE/CVF International Conference on Computer Vision},
  pages={12009--12020},
  year={2023}
}

@inproceedings{xia2018gibson,
  title={Gibson env: Real-world perception for embodied agents},
  author={Xia, Fei and Zamir, Amir R and He, Zhiyang and Sax, Alexander and Malik, Jitendra and Savarese, Silvio},
  booktitle={Proceedings of the IEEE conference on computer vision and pattern recognition},
  pages={9068--9079},
  year={2018}
}

@article{xie2024embodied,
  title={Embodied-RAG: General Non-parametric Embodied Memory for Retrieval and Generation},
  author={Xie, Quanting and Min, So Yeon and Zhang, Tianyi and Xu, Kedi and Bajaj, Aarav and Salakhutdinov, Ruslan and Johnson-Roberson, Matthew and Bisk, Yonatan},
  journal={arXiv preprint arXiv:2409.18313},
  year={2024}
}

@article{zeng2023kefa,
  title={Kefa: A Knowledge Enhanced and Fine-grained Aligned Speaker for Navigation Instruction Generation},
  author={Zeng, Haitian and Wang, Xiaohan and Wang, Wenguan and Yang, Yi},
  journal={arXiv preprint arXiv:2307.13368},
  year={2023}
}

@article{zhang2023vln,
  title={Vln-trans: Translator for the vision and language navigation agent},
  author={Zhang, Yue and Kordjamshidi, Parisa},
  journal={arXiv preprint arXiv:2302.09230},
  year={2023}
}

@inproceedings{zhaolarge,
  title={Large Scale Image Completion via Co-Modulated Generative Adversarial Networks},
  author={Zhao, Shengyu and Cui, Jonathan and Sheng, Yilun and Dong, Yue and Liang, Xiao and Eric, I and Chang, Chao and Xu, Yan},
  booktitle={International Conference on Learning Representations}
}

@inproceedings{zhu2021soon,
  title={Soon: Scenario oriented object navigation with graph-based exploration},
  author={Zhu, Fengda and Liang, Xiwen and Zhu, Yi and Yu, Qizhi and Chang, Xiaojun and Liang, Xiaodan},
  booktitle={Proceedings of the IEEE/CVF Conference on Computer Vision and Pattern Recognition},
  pages={12689--12699},
  year={2021}
}

