@Article{Asafuddoula2015b,
  Title                    = {A Decomposition Based Evolutionary Algorithm for Many Objective Optimization},
  Author                   = {Asafuddoula, M. and Ray, T. and Sarker, R.},
  Journal                  = {IEEE Transactions on Evolutionary Computation},
  Year                     = {2015},
  Number                   = {3},
  Pages                    = {445-460},
  Volume                   = {19},

  Publisher                = {IEEE}
}

@article{Asafuddoula2017,
	title={An enhanced decomposition-based evolutionary algorithm with adaptive reference vectors},
	author={Asafuddoula, Md and Singh, Hemant Kumar and Ray, Tapabrata},
	journal={IEEE transactions on cybernetics},
	volume={48},
	number={8},
	pages={2321--2334},
	year={2017},
	publisher={IEEE}
}

@Article{Cheng2016,
  Title                    = {A reference vector guided evolutionary algorithm for many-objective optimization},
  Author                   = {Cheng, Ran and Jin, Yaochu and Olhofer, Markus and Sendhoff, Bernhard},
  Journal                  = {IEEE Transactions on Evolutionary Computation},
  Year                     = {2016},
  Number                   = {5},
  Pages                    = {773-791},
  Volume                   = {20},

  Publisher                = {IEEE}
}

@Article{Das1998,
	title={Normal-boundary intersection: A new method for generating the {P}areto surface in nonlinear multicriteria optimization problems},
	author={Das, Indraneel and Dennis, John E},
	journal={SIAM journal on optimization},
	volume={8},
	number={3},
	pages={631--657},
	year={1998},
	publisher={SIAM}
}

@Article{Deb2002,
  Title                    = {{A fast and elitist multiobjective genetic algorithm: NSGA-II}},
  Author                   = {Deb, K. and Pratap, A. and Agarwal, S. and Meyarivan, T.},
  Journal                  = {IEEE Transactions on Evolutionary Computation},
  Year                     = {2002},
  Number                   = {2},
  Pages                    = {182--197},
  Volume                   = {6},

  Owner                    = {Administrator},
  Timestamp                = {2011.11.30}
}

@InCollection{Deb2005a,
  Title                    = {Scalable Test Problems for Evolutionary Multiobjective Optimization},
  Author                   = {Deb, K. and Thiele, L. and Laumanns, M. and Zitzler, E.},
  Booktitle                = {Evolutionary Multiobjective Optimization. Theoretical Advances and Applications},
  Publisher                = {Berlin, Germany: Springer},
  Year                     = {2005},
  Editor                   = {Abraham, A. and Jain, L. and Goldberg, R.},
  Pages                    = {105-145},

  ISBN                     = {978-1-84628-137-2},
  Keyword                  = {Computer Science},
  Owner                    = {Administrator},
  Timestamp                = {2011.12.01}
}

@Article{Deb2014,
  Title                    = {An Evolutionary Many-Objective Optimization Algorithm Using Reference-Point-Based Nondominated Sorting Approach, Part {I}: Solving Problems With Box Constraints},
  Author                   = {Deb, K. and Jain, H.},
  Journal                  = {IEEE Transactions on Evolutionary Computation},
  Year                     = {2014},
  Number                   = {4},
  Pages                    = {577--601},
  Volume                   = {18}
}

@inproceedings{Giagkiozis2013,
	title={Towards understanding the cost of adaptation in decomposition-based optimization algorithms},
	author={Giagkiozis, Ioannis and Purshouse, Robin C and Fleming, Peter J},
	booktitle={2013 IEEE International Conference on Systems, Man, and Cybernetics},
	pages={615--620},
	year={2013},
	organization={IEEE}
}

@Article{He2023,
  title={Effects of corner weight vectors on the performance of decomposition-based multiobjective algorithms},
  author={He, Linjun and Camacho, Auraham and Nan, Yang and Trivedi, Anupam and Ishibuchi, Hisao and Srinivasan, Dipti},
  journal={Swarm and Evolutionary Computation},
  volume={79},
  pages={101305},
  year={2023},
  publisher={Elsevier}
}

@article{Hua2021,
  title={A survey of Evolutionary Algorithms for Multi-objective Optimization Problems with Irregular {P}areto Fronts},
  author={Hua, Yicun and Liu, Qiqi and Hao, Kuangrong and Jin, Yaochu},
  journal={IEEE/CAA Journal of Automatica Sinica},
  volume={8},
  number={2},
  pages={303--318},
  year={2021},
  publisher={IEEE}
}

@InCollection{Ishibuchi2009,
  Title                    = {{Adaptation of scalarizing functions in MOEA/D: An adaptive scalarizing function-based multiobjective evolutionary algorithm}},
  Author                   = {Ishibuchi, H. and Sakane, Y. and Tsukamoto, N. and Nojima, Y.},
  Booktitle                = {Evolutionary Multi-Criterion Optimization (EMO)},
  Year                     = {2009},
  Pages                    = {438--452},

  Affiliation              = {Osaka Prefecture University Department of Computer Science and Intelligent Systems, Graduate School of Engineering 1-1 Gakuen-cho, Naka-ku, Sakai Osaka 599-8531 Japan},
  ISBN                     = {978-3-642-01019-4},
  Keyword                  = {Computer Science},
  Owner                    = {Administrator},
  Timestamp                = {2011.11.30}
}

@article{Ishibuchi2016,
	title={Performance of decomposition-based many-objective algorithms strongly depends on {P}areto front shapes},
	author={Ishibuchi, Hisao and Setoguchi, Yu and Masuda, Hiroyuki and Nojima, Yusuke},
	journal={IEEE Transactions on Evolutionary Computation},
	volume={21},
	number={2},
	pages={169--190},
	year={2016},
	publisher={IEEE}
}

@article{Jiang2017,
	title={A strength Pareto evolutionary algorithm based on reference direction for multiobjective and many-objective optimization},
	author={Jiang, Shouyong and Yang, Shengxiang},
	journal={IEEE Transactions on Evolutionary Computation},
	volume={21},
	number={3},
	pages={329--346},
	year={2017},
	publisher={IEEE}
}

@Article{Li2009a,
  Title                    = {{Multiobjective optimization problems with complicated Pareto sets, MOEA/D and NSGA-II}},
  Author                   = {Li, H. and Zhang, Q.},
  Journal                  = {IEEE Transactions on Evolutionary Computation},
  Year                     = {2009},
  Number                   = {2},
  Pages                    = {284--302},
  Volume                   = {13},

  Owner                    = {Administrator},
  Timestamp                = {2011.11.30}
}

@Article{Li2016,
  Title                    = {{Pareto or non-Pareto: Bi-criterion evolution in multi-objective optimization}},
  Author                   = {Li, M. and Yang, S. and Liu, X.},
  Journal                  = {IEEE Transactions on Evolutionary Computation},
  Year                     = {2016},
  Number                   = {5},
  Pages                    = {645--665},
  Volume                   = {20},
  Publisher                = {IEEE}
}

@article{Li2019,
	title={Quality evaluation of solution sets in multiobjective optimisation: A survey},
	author={Li, Miqing and Yao, Xin},
	journal={ACM Computing Surveys (CSUR)},
	volume={52},
	number={2},
	pages={1--38},
	year={2019},
	publisher={ACM New York, NY, USA}
}

@article{Li2020,
	title={What Weights Work for You? {A}dapting Weights for Any {P}areto Front Shape in Decomposition-Based Evolutionary Multi-objective Optimisation},
	author={Li, Miqing and Yao, Xin},
	journal={Evolutionary Computation},
	volume={28},
	number={2},
	pages={227--253},
	year={2020},
	publisher={MIT Press}
}

@Article{LiB2015,
  Title                    = {Many-Objective Evolutionary Algorithms: A Survey},
  Author                   = {Li, B. and Li, J. and Tang, K. and Yao, X.},
  Journal                  = {ACM Computing Surveys},
  Year                     = {2015},
  Number                   = {1},
  Pages                    = {1-35},
  Volume                   = {48}
}

@Article{LiK2014,
  Title                    = {Stable Matching Based Selection in Evolutionary Multiobjective Optimization},
  Author                   = {Li, K. and Zhang, Q. and Kwong, S. and Li, M. and Wang, R.},
  Journal                  = {IEEE Transactions on Evolutionary Computation},
  Year                     = {2014},
  Number                   = {6},
  Pages                    = {909--923},
  Volume                   = {18},

  Publisher                = {IEEE}
}

@Article{LiK2015,
  Title                    = {An Evolutionary Many-Objective Optimization Algorithm Based on Dominance and Decomposition},
  Author                   = {Li, K. and Deb, K. and Zhang, Q. and Kwong, S.},
  Journal                  = {IEEE Transactions on Evolutionary Computation},
  Year                     = {2015},
  Number                   = {5},
  Pages                    = {694-716},
  Volume                   = {19}
}

@Article{Liu2013,
  title={Decomposition of a multi-objective optimization problem into a number of simple multi-objective sub-problems},
  author={Liu, Hai-Lin and Gu, Fangqing and Zhang, Qingfu},
  journal={IEEE transactions on Evolutionary Computation},
  volume={18},
  number={3},
  pages={450--455},
  year={2013},
  publisher={IEEE}
}

@article{Liu2017,
	title={Adaptively allocating search effort in challenging many-objective optimization problems},
	author={Liu, Hailin and Chen, Lei and Zhang, Qingfu and Deb, Kalyanmoy},
	journal={IEEE Transactions on Evolutionary Computation},
	volume={22},
	number={3},
	pages={433--448},
	year={2017},
	publisher={IEEE}
}

@article{Liu2019,
	title={{Adapting reference vectors and scalarizing functions by growing neural gas to handle irregular Pareto fronts}},
	author={Liu, Yiping and Ishibuchi, Hisao and Masuyama, Naoki and Nojima, Yusuke},
	journal={IEEE Transactions on Evolutionary Computation},
	volume={24},
	number={3},
	pages={439--453},
	year={2019},
	publisher={IEEE}
}

@inproceedings{Liu2019b,
	title={{Adaptation of reference vectors for evolutionary many-objective optimization of problems with irregular Pareto fronts}},
	author={Liu, Qiqi and Jin, Yaochu and Heiderich, Martin and Rodemann, Tobias},
	booktitle={2019 IEEE Congress on Evolutionary Computation (CEC)},
	pages={1726--1733},
	year={2019},
	organization={IEEE}
}

@article{Liu2020,
	title={An Adaptive Reference Vector-Guided Evolutionary Algorithm Using Growing Neural Gas for Many-Objective Optimization of Irregular Problems},
	author={Liu, Qiqi and Jin, Yaochu and Heiderich, Martin and Rodemann, Tobias and Yu, Guo},
	journal={IEEE Transactions on Cybernetics},
	year={2020},
	publisher={IEEE}
}

@article{Ma2014,
	title={{MOEA/D} with uniform decomposition measurement for many-objective problems},
	author={Ma, Xiaoliang and Qi, Yutao and Li, Lingling and Liu, Fang and Jiao, Licheng and Wu, Jianshe},
	journal={Soft Computing},
	volume={18},
	number={12},
	pages={2541--2564},
	year={2014},
	publisher={Springer}
}

@article{Ma2020,
	title={A survey of weight vector adjustment methods for decomposition-based multiobjective evolutionary algorithms},
	author={Ma, Xiaoliang and Yu, Yanan and Li, Xiaodong and Qi, Yutao and Zhu, Zexuan},
	journal={IEEE Transactions on Evolutionary Computation},
	volume={24},
	number={4},
	pages={634--649},
	year={2020},
	publisher={IEEE}
}

@Article{Pang2022,
  title={Use of two penalty values in multiobjective evolutionary algorithm based on decomposition},
  author={Pang, Lie Meng and Ishibuchi, Hisao and Shang, Ke},
  journal={IEEE Transactions on Cybernetics},
  year={2022},
  Number= {11},
  Volume= {53},
  Pages= {7174--7186},
  publisher={IEEE}

}

@Article{Qi2014,
  Title                    = {{MOEA/D with adaptive weight adjustment}},
  Author                   = {Qi, Y. and Ma, X. and Liu, F. and Jiao, L. and Sun, J. and Wu, J.},
  Journal                  = {Evolutionary Computation},
  Year                     = {2014},
  Number                   = {2},
  Pages                    = {231--264},
  Volume                   = {22},

  Publisher                = {MIT Press}
}

@Article{Tan2013,
  Title                    = {{MOEA/D + uniform design: A new version of MOEA/D for optimization problems with many objectives}},
  Author                   = {Tan, Y. and Jiao, Y. and Li, H. and Wang, X.},
  Journal                  = {Computers \& Operations Research},
  Year                     = {2013},
  Number                   = {6},
  Pages                    = {1648--1660},
  Volume                   = {40},

  Publisher                = {Elsevier}
}

@article{Tian2017,
	title={An indicator-based multiobjective evolutionary algorithm with reference point adaptation for better versatility},
	author={Tian, Ye and Cheng, Ran and Zhang, Xingyi and Cheng, Fan and Jin, Yaochu},
	journal={IEEE Transactions on Evolutionary Computation},
	volume={22},
	number={4},
	pages={609--622},
	year={2017},
	publisher={IEEE}
}

@article{Wang2016,
  title={Decomposition-based algorithms using Pareto adaptive scalarizing methods},
  author={Wang, Rui and Zhang, Qingfu and Zhang, Tao},
  journal={IEEE Transactions on Evolutionary Computation},
  volume={20},
  number={6},
  pages={821--837},
  year={2016},
  publisher={IEEE}
}

@article{Wu2018,
	title={Learning to decompose: A paradigm for decomposition-based multiobjective optimization},
	author={Wu, Mengyuan and Li, Ke and Kwong, Sam and Zhang, Qingfu and Zhang, Jun},
	journal={IEEE Transactions on Evolutionary Computation},
	volume={23},
	number={3},
	pages={376--390},
	year={2018},
	publisher={IEEE}
}

@article{Xiang2016,
	title={A vector angle-based evolutionary algorithm for unconstrained many-objective optimization},
	author={Xiang, Yi and Zhou, Yuren and Li, Miqing and Chen, Zefeng},
	journal={IEEE Transactions on Evolutionary Computation},
	volume={21},
	number={1},
	pages={131--152},
	year={2016},
	publisher={IEEE}
}

@Article{Yuan2015b,
  Title                    = {Balancing Convergence and Diversity in Decomposition-Based Many-Objective Optimizers},
  Author                   = {Yuan, Y. and Xu, H. and Wang, B. and Zhang, B. and Yao, X.},
  Journal                  = {IEEE Transactions on Evolutionary Computation},
  Year                     = {2015, in press},

  Publisher                = {IEEE}
}

@Article{Zhang2007,
  Title                    = {{MOEA/D: A multiobjective evolutionary algorithm based on decomposition}},
  Author                   = {Zhang, Q. and Li, H.},
  Journal                  = {IEEE Transactions on Evolutionary Computation},
  Year                     = {2007},
  Number                   = {6},
  Pages                    = {712--731},
  Volume                   = {11},

  Owner                    = {Administrator},
  Timestamp                = {2011.11.30}
}

@Article{Zhou2011,
  Title                    = {Multiobjective evolutionary algorithms: A survey of the state of the art},
  Author                   = {Zhou, A. and Qu, B. Y. and Li, H. and Zhao, S. Z. and Suganthan, P. N. and Zhang, Q.},
  Journal                  = {Swarm and Evolutionary Computation},
  Year                     = {2011},
  Number                   = {1},
  Pages                    = {32--49},
  Volume                   = {1},

  Publisher                = {Elsevier}
}

@InCollection{Zitzler2004,
  Title                    = {Indicator-Based Selection in Multiobjective Search},
  Author                   = {Zitzler, E. and K\"{u}nzli, S.},
  Booktitle                = {Proceedings of the International Conference on Parallel Problem Solving from Nature (PPSN)},
  Year                     = {2004},
  Pages                    = {832-842},

  Affiliation              = {Computer Engineering and Networks Laboratory (TIK), Swiss Federal Institute of Technology Zurich, Gloriastrasse 35, CH–8092 Zürich, Switzerland},
  ISBN                     = {978-3-540-23092-2},
  Keyword                  = {Computer Science},
  Owner                    = {Administrator},
  Timestamp                = {2011.11.30}
}

@article{elarbi2019,
  title={Approximating complex {Pareto} fronts with predefined normal-boundary intersection directions},
  author={Elarbi, Maha and Bechikh, Slim and Coello, Carlos A Coello and Makhlouf, Mohamed and Said, Lamjed Ben},
  journal={IEEE Transactions on Evolutionary Computation},
  volume={24},
  number={5},
  pages={809--823},
  year={2019},
  publisher={IEEE}
}

