@inproceedings{Are_explanations,
author = {Wang, Xinru and Yin, Ming},
title = {Are Explanations Helpful? A Comparative Study of the Effects of Explanations in AI-Assisted Decision-Making},
year = {2021},
booktitle = {Proceedings of the 26th International Conference on Intelligent User Interfaces},
pages = {318–328},
numpages = {11},
keywords = {explainable AI, human-subject experiments, interpretable machine learning, trust, trust calibration},
location = {College Station, TX, USA},
series = {IUI '21}
}

@inproceedings{are_you_really,
author = {Ma, Shuai and Wang, Xinru and Lei, Ying and Shi, Chuhan and Yin, Ming and Ma, Xiaojuan},
title = {“Are You Really Sure?” Understanding the Effects of Human Self-Confidence Calibration in AI-Assisted Decision Making},
year = {2024},
booktitle = {Proceedings of the 2024 CHI Conference on Human Factors in Computing Systems},
articleno = {840},
numpages = {20},
keywords = {AI-Assisted Decision-making, Appropriate Reliance, Human-AI Collaboration, Reliance on AI systems, Trust Calibration},
location = {Honolulu, HI, USA},
series = {CHI '24}
}

@article{barber2001boys,
  title={Boys will be boys: Gender, overconfidence, and common stock investment},
  author={Barber, Brad M and Odean, Terrance},
  journal={The quarterly journal of economics},
  volume={116},
  number={1},
  pages={261--292},
  year={2001},
  publisher={MIT Press}
}

@inproceedings{biran2017human,
  title={Human-Centric Justification of Machine Learning Predictions.},
  author={Biran, Or and McKeown, Kathleen R},
  booktitle={IJCAI},
  volume={2017},
  pages={1461--1467},
  year={2017}
}

@article{buccinca2021trust,
  title={To trust or to think: cognitive forcing functions can reduce overreliance on AI in AI-assisted decision-making},
  author={Bu{\c{c}}inca, Zana and Malaya, Maja Barbara and Gajos, Krzysztof Z},
  journal={Proceedings of the ACM on Human-computer Interaction},
  volume={5},
  number={CSCW1},
  pages={1--21},
  year={2021},
  publisher={ACM New York, NY, USA}
}

@article{chong2022human,
  title={Human confidence in artificial intelligence and in themselves: The evolution and impact of confidence on adoption of AI advice},
  author={Chong, Leah and Zhang, Guanglu and Goucher-Lambert, Kosa and Kotovsky, Kenneth and Cagan, Jonathan},
  journal={Computers in Human Behavior},
  volume={127},
  pages={107018},
  year={2022},
  publisher={Elsevier}
}

@inproceedings{does_the,
author = {Bansal, Gagan and Wu, Tongshuang and Zhou, Joyce and Fok, Raymond and Nushi, Besmira and Kamar, Ece and Ribeiro, Marco Tulio and Weld, Daniel},
title = {Does the Whole Exceed its Parts? The Effect of AI Explanations on Complementary Team Performance},
year = {2021},
isbn = {9781450380966},
publisher = {Association for Computing Machinery},
booktitle = {Proceedings of the 2021 CHI Conference on Human Factors in Computing Systems},
articleno = {81},
numpages = {16},
keywords = {Human-AI teams, Explainable AI, Augmented intelligence},
location = {Yokohama, Japan},
series = {CHI '21}
}

@inproceedings{effect_of_confidence,
author = {Zhang, Yunfeng and Liao, Q. Vera and Bellamy, Rachel K. E.},
title = {Effect of confidence and explanation on accuracy and trust calibration in AI-assisted decision making},
year = {2020},
isbn = {9781450369367},
publisher = {Association for Computing Machinery},
booktitle = {Proceedings of the 2020 Conference on Fairness, Accountability, and Transparency},
pages = {295–305},
numpages = {11},
keywords = {confidence, decision support, explainable AI, trust},
location = {Barcelona, Spain},
series = {FAT* '20}
}

@article{grevzo2021overconfidence,
  title={Overconfidence and financial decision-making: a meta-analysis},
  author={Gre{\v{z}}o, Mat{\'u}{\v{s}}},
  journal={Review of Behavioral Finance},
  volume={13},
  number={3},
  pages={276--296},
  year={2021},
  publisher={Emerald Publishing Limited}
}

@inproceedings{hase-bansal-2020-evaluating,
    title = "Evaluating Explainable {AI}: Which Algorithmic Explanations Help Users Predict Model Behavior?",
    author = "Hase, Peter  and
      Bansal, Mohit",
    editor = "Jurafsky, Dan  and
      Chai, Joyce  and
      Schluter, Natalie  and
      Tetreault, Joel",
    booktitle = "Proceedings of the 58th Annual Meeting of the Association for Computational Linguistics",
    month = jul,
    year = "2020",
    address = "Online",
    publisher = "Association for Computational Linguistics",
    pages = "5540--5552",
}

@inproceedings{mahmood2024designing,
  title={Designing Behavior-Aware AI to Improve the Human-AI Team Performance in AI-Assisted Decision Making},
  author={Mahmood, Syed Hasan Amin and Lu, Zhuoran and Yin, Ming},
  booktitle={Proceedings of the Thirty-Third International Joint Conference on Artificial Intelligence},
  year={2024}
}

@inproceedings{schemmer2023appropriate,
  title={Appropriate reliance on AI advice: Conceptualization and the effect of explanations},
  author={Schemmer, Max and Kuehl, Niklas and Benz, Carina and Bartos, Andrea and Satzger, Gerhard},
  booktitle={Proceedings of the 28th International Conference on Intelligent User Interfaces},
  pages={410--422},
  year={2023}
}

@inproceedings{takayanagi_naacl,
    title = "Can GPT-4 Sway Experts' Investment Decisions?",
    author = "Takehiro Takayanagi  and
      Hiroya Takamura  and
      Kiyoshi Izumi  and
      Chung-Chi Chen  ",
    booktitle = "Proceedings of the 2025 Annual Conference of the Nations of the Americas Chapter of the Association for Computational Linguistics",
    year = "2025",
}

@inproceedings{towards_science,
author = {Lai, Vivian and Chen, Chacha and Smith-Renner, Alison and Liao, Q. Vera and Tan, Chenhao},
title = {Towards a Science of Human-AI Decision Making: An Overview of Design Space in Empirical Human-Subject Studies},
year = {2023},
booktitle = {Proceedings of the 2023 ACM Conference on Fairness, Accountability, and Transparency},
pages = {1369–1385},
numpages = {17},
location = {Chicago, IL, USA},
series = {FAccT '23}
}

@article{visual_uncertainty,
  author={Zhao, Jieqiong and Wang, Yixuan and Mancenido, Michelle V. and Chiou, Erin K. and Maciejewski, Ross},
  journal={IEEE Transactions on Visualization and Computer Graphics}, 
  title={Evaluating the Impact of Uncertainty Visualization on Model Reliance}, 
  year={2024},
  volume={30},
  number={7},
  pages={4093-4107},
  keywords={Uncertainty;Predictive models;Task analysis;Data visualization;Data models;Computational modeling;Prediction algorithms;Human-machine collaborations;model reliance;trust;uncertainty},
  doi={10.1109/TVCG.2023.3251950}}

@inproceedings{vodrahalli2022humans,
  title={Do humans trust advice more if it comes from ai? an analysis of human-ai interactions},
  author={Vodrahalli, Kailas and Daneshjou, Roxana and Gerstenberg, Tobias and Zou, James},
  booktitle={Proceedings of the 2022 AAAI/ACM Conference on AI, Ethics, and Society},
  pages={763--777},
  year={2022}
}

@article{vodrahalli2022uncalibrated,
  title={Uncalibrated models can improve human-ai collaboration},
  author={Vodrahalli, Kailas and Gerstenberg, Tobias and Zou, James Y},
  journal={Advances in Neural Information Processing Systems},
  volume={35},
  pages={4004--4016},
  year={2022}
}

@inproceedings{who_should,
author = {Ma, Shuai and Lei, Ying and Wang, Xinru and Zheng, Chengbo and Shi, Chuhan and Yin, Ming and Ma, Xiaojuan},
title = {Who Should I Trust: AI or Myself? Leveraging Human and AI Correctness Likelihood to Promote Appropriate Trust in AI-Assisted Decision-Making},
year = {2023},
booktitle = {Proceedings of the 2023 CHI Conference on Human Factors in Computing Systems},
articleno = {759},
numpages = {19},
keywords = {AI-Assisted Decision-making, Human-AI Collaboration, Trust Calibration, Trust in AI},
location = {Hamburg, Germany},
series = {CHI '23}
}

