@inproceedings{learning_complement,
author = {Wilder, Bryan and Horvitz, Eric and Kamar, Ece},
title = {Learning to complement humans},
year = {2021},
articleno = {212},
numpages = {8},
location = {Yokohama, Yokohama, Japan},
series = {IJCAI'20}
}

@inproceedings{lai2019human,
  title={On human predictions with explanations and predictions of machine learning models: A case study on deception detection},
  author={Lai, Vivian and Tan, Chenhao},
  booktitle={Proceedings of the conference on fairness, accountability, and transparency},
  pages={29--38},
  year={2019}
}

@inproceedings{towards_science,
author = {Lai, Vivian and Chen, Chacha and Smith-Renner, Alison and Liao, Q. Vera and Tan, Chenhao},
title = {Towards a Science of Human-AI Decision Making: An Overview of Design Space in Empirical Human-Subject Studies},
year = {2023},
booktitle = {Proceedings of the 2023 ACM Conference on Fairness, Accountability, and Transparency},
pages = {1369–1385},
numpages = {17},
location = {Chicago, IL, USA},
series = {FAccT '23}
}

@inproceedings{vodrahalli2022humans,
  title={Do humans trust advice more if it comes from ai? an analysis of human-ai interactions},
  author={Vodrahalli, Kailas and Daneshjou, Roxana and Gerstenberg, Tobias and Zou, James},
  booktitle={Proceedings of the 2022 AAAI/ACM Conference on AI, Ethics, and Society},
  pages={763--777},
  year={2022}
}

@article{vodrahalli2022uncalibrated,
  title={Uncalibrated models can improve human-ai collaboration},
  author={Vodrahalli, Kailas and Gerstenberg, Tobias and Zou, James Y},
  journal={Advances in Neural Information Processing Systems},
  volume={35},
  pages={4004--4016},
  year={2022}
}

@article{wang2018does,
  title={Why does advice discounting occur? The combined roles of confidence and trust},
  author={Wang, Xiuxin and Du, Xiufang},
  journal={Frontiers in psychology},
  volume={9},
  pages={2381},
  year={2018},
  publisher={Frontiers Media SA}
}


@inproceedings{
li2024utilizing,
title={Utilizing Human Behavior Modeling to Manipulate Explanations in {AI}-Assisted Decision Making: The Good, the Bad, and the Scary},
author={Zhuoyan Li and Ming Yin},
booktitle={The Thirty-eighth Annual Conference on Neural Information Processing Systems},
year={2024},
url={https://openreview.net/forum?id=7XkwzaPMvX}
}

@inproceedings{schemmer2023appropriate,
  title={Appropriate reliance on AI advice: Conceptualization and the effect of explanations},
  author={Schemmer, Max and Kuehl, Niklas and Benz, Carina and Bartos, Andrea and Satzger, Gerhard},
  booktitle={Proceedings of the 28th International Conference on Intelligent User Interfaces},
  pages={410--422},
  year={2023}
}

@inproceedings{gemalmaz2022understanding,
  title={Understanding Decision Subjects' Fairness Perceptions and Retention in Repeated Interactions with AI-Based Decision Systems},
  author={Gemalmaz, Meric Altug and Yin, Ming},
  booktitle={Proceedings of the 2022 AAAI/ACM Conference on AI, Ethics, and Society},
  pages={295--306},
  year={2022}
}

@inproceedings{effect_of_confidence,
author = {Zhang, Yunfeng and Liao, Q. Vera and Bellamy, Rachel K. E.},
title = {Effect of confidence and explanation on accuracy and trust calibration in AI-assisted decision making},
year = {2020},
isbn = {9781450369367},
publisher = {Association for Computing Machinery},
booktitle = {Proceedings of the 2020 Conference on Fairness, Accountability, and Transparency},
pages = {295–305},
numpages = {11},
keywords = {confidence, decision support, explainable AI, trust},
location = {Barcelona, Spain},
series = {FAT* '20}
}

@inproceedings{yin2019understanding,
  title={Understanding the effect of accuracy on trust in machine learning models},
  author={Yin, Ming and Wortman Vaughan, Jennifer and Wallach, Hanna},
  booktitle={Proceedings of the 2019 chi conference on human factors in computing systems},
  pages={1--12},
  year={2019}
}

@inproceedings{mahmood2024designing,
  title={Designing Behavior-Aware AI to Improve the Human-AI Team Performance in AI-Assisted Decision Making},
  author={Mahmood, Syed Hasan Amin and Lu, Zhuoran and Yin, Ming},
  booktitle={Proceedings of the Thirty-Third International Joint Conference on Artificial Intelligence},
  year={2024}
}

@article{griffin1992weighing,
  title={The weighing of evidence and the determinants of confidence},
  author={Griffin, Dale and Tversky, Amos},
  journal={Cognitive psychology},
  volume={24},
  number={3},
  pages={411--435},
  year={1992},
  publisher={Elsevier}
}

@article{ecc_influence,
author = {Elaine Henry},
title ={Are Investors Influenced By How Earnings Press Releases Are Written?},

journal = {The Journal of Business Communication (1973)},
volume = {45},
number = {4},
pages = {363-407},
year = {2008},
doi = {10.1177/0021943608319388},}

@inproceedings{mukherjee-etal-2022-ectsum,
    title = "{ECTS}um: A New Benchmark Dataset For Bullet Point Summarization of Long Earnings Call Transcripts",
    author = "Mukherjee, Rajdeep  and
      Bohra, Abhinav  and
      Banerjee, Akash  and
      Sharma, Soumya  and
      Hegde, Manjunath  and
      Shaikh, Afreen  and
      Shrivastava, Shivani  and
      Dasgupta, Koustuv  and
      Ganguly, Niloy  and
      Ghosh, Saptarshi  and
      Goyal, Pawan",
    editor = "Goldberg, Yoav  and
      Kozareva, Zornitsa  and
      Zhang, Yue",
    booktitle = "Proceedings of the 2022 Conference on Empirical Methods in Natural Language Processing",
    month = dec,
    year = "2022",
    address = "Abu Dhabi, United Arab Emirates",
    publisher = "Association for Computational Linguistics",
    url = "https://aclanthology.org/2022.emnlp-main.748",
    doi = "10.18653/v1/2022.emnlp-main.748",
    pages = "10893--10906",
}

@article{loughran2011liability,
  title={When is a liability not a liability? Textual analysis, dictionaries, and 10-Ks},
  author={Loughran, Tim and McDonald, Bill},
  journal={The Journal of finance},
  volume={66},
  number={1},
  pages={35--65},
  year={2011},
  publisher={Wiley Online Library}
}

@inproceedings{biran2017human,
  title={Human-Centric Justification of Machine Learning Predictions.},
  author={Biran, Or and McKeown, Kathleen R},
  booktitle={IJCAI},
  volume={2017},
  pages={1461--1467},
  year={2017}
}

@inproceedings{bansal2019beyond,
  title={Beyond accuracy: The role of mental models in human-AI team performance},
  author={Bansal, Gagan and Nushi, Besmira and Kamar, Ece and Lasecki, Walter S and Weld, Daniel S and Horvitz, Eric},
  booktitle={Proceedings of the AAAI conference on human computation and crowdsourcing},
  volume={7},
  pages={2--11},
  year={2019}
}

@incollection{kahneman2013prospect,
  title={Prospect theory: An analysis of decision under risk},
  author={Kahneman, Daniel and Tversky, Amos},
  booktitle={Handbook of the fundamentals of financial decision making: Part I},
  pages={99--127},
  year={2013},
  publisher={World Scientific}
}

@inproceedings{takayanagi2024beyond,
    title = "Can GPT-4 Sway Experts' Investment Decisions?",
    author = "Takehiro Takayanagi  and
      Hiroya Takamura  and
      Kiyoshi Izumi  and
      Chung-Chi Chen  ",
    booktitle = "Proceedings of the 2025 Annual Conference of the Nations of the Americas Chapter of the Association for Computational Linguistics",
    year = "2025",
}

@article{sniezek1995cueing,
  title={Cueing and cognitive conflict in judge-advisor decision making},
  author={Sniezek, Janet A and Buckley, Timothy},
  journal={Organizational behavior and human decision processes},
  volume={62},
  number={2},
  pages={159--174},
  year={1995},
  publisher={Elsevier}
}

@article{chong2022human,
  title={Human confidence in artificial intelligence and in themselves: The evolution and impact of confidence on adoption of AI advice},
  author={Chong, Leah and Zhang, Guanglu and Goucher-Lambert, Kosa and Kotovsky, Kenneth and Cagan, Jonathan},
  journal={Computers in Human Behavior},
  volume={127},
  pages={107018},
  year={2022},
  publisher={Elsevier}
}

@article{lu2024does,
  title={Does more advice help? the effects of second opinions in AI-assisted decision making},
  author={Lu, Zhuoran and Wang, Dakuo and Yin, Ming},
  journal={Proceedings of the ACM on Human-Computer Interaction},
  volume={8},
  number={CSCW1},
  pages={1--31},
  year={2024},
  publisher={ACM New York, NY, USA}
}


@inproceedings{ijcai2024p868,
  title     = {Data Ownership and Privacy in Personalized AI Models in Assistive Healthcare},
  author    = {Debic, Boris and Medvidovic, Luka},
  booktitle = {Proceedings of the Thirty-Third International Joint Conference on
               Artificial Intelligence, {IJCAI-24}},
  publisher = {International Joint Conferences on Artificial Intelligence Organization},
  editor    = {Kate Larson},
  pages     = {7842--7849},
  year      = {2024},
  month     = {8},
  note      = {Human-Centred AI},
  doi       = {10.24963/ijcai.2024/868},
  url       = {https://doi.org/10.24963/ijcai.2024/868},
}

@inproceedings{does_the,
author = {Bansal, Gagan and Wu, Tongshuang and Zhou, Joyce and Fok, Raymond and Nushi, Besmira and Kamar, Ece and Ribeiro, Marco Tulio and Weld, Daniel},
title = {Does the Whole Exceed its Parts? The Effect of AI Explanations on Complementary Team Performance},
year = {2021},
isbn = {9781450380966},
publisher = {Association for Computing Machinery},
booktitle = {Proceedings of the 2021 CHI Conference on Human Factors in Computing Systems},
articleno = {81},
numpages = {16},
keywords = {Human-AI teams, Explainable AI, Augmented intelligence},
location = {Yokohama, Japan},
series = {CHI '21}
}

@article{buccinca2021trust,
  title={To trust or to think: cognitive forcing functions can reduce overreliance on AI in AI-assisted decision-making},
  author={Bu{\c{c}}inca, Zana and Malaya, Maja Barbara and Gajos, Krzysztof Z},
  journal={Proceedings of the ACM on Human-computer Interaction},
  volume={5},
  number={CSCW1},
  pages={1--21},
  year={2021},
  publisher={ACM New York, NY, USA}
}

@article{visual_uncertainty,
  author={Zhao, Jieqiong and Wang, Yixuan and Mancenido, Michelle V. and Chiou, Erin K. and Maciejewski, Ross},
  journal={IEEE Transactions on Visualization and Computer Graphics}, 
  title={Evaluating the Impact of Uncertainty Visualization on Model Reliance}, 
  year={2024},
  volume={30},
  number={7},
  pages={4093-4107},
  keywords={Uncertainty;Predictive models;Task analysis;Data visualization;Data models;Computational modeling;Prediction algorithms;Human-machine collaborations;model reliance;trust;uncertainty},
  doi={10.1109/TVCG.2023.3251950}}

@inproceedings{who_should,
author = {Ma, Shuai and Lei, Ying and Wang, Xinru and Zheng, Chengbo and Shi, Chuhan and Yin, Ming and Ma, Xiaojuan},
title = {Who Should I Trust: AI or Myself? Leveraging Human and AI Correctness Likelihood to Promote Appropriate Trust in AI-Assisted Decision-Making},
year = {2023},
booktitle = {Proceedings of the 2023 CHI Conference on Human Factors in Computing Systems},
articleno = {759},
numpages = {19},
keywords = {AI-Assisted Decision-making, Human-AI Collaboration, Trust Calibration, Trust in AI},
location = {Hamburg, Germany},
series = {CHI '23}
}

@inproceedings{Are_explanations,
author = {Wang, Xinru and Yin, Ming},
title = {Are Explanations Helpful? A Comparative Study of the Effects of Explanations in AI-Assisted Decision-Making},
year = {2021},
booktitle = {Proceedings of the 26th International Conference on Intelligent User Interfaces},
pages = {318–328},
numpages = {11},
keywords = {explainable AI, human-subject experiments, interpretable machine learning, trust, trust calibration},
location = {College Station, TX, USA},
series = {IUI '21}
}

@inproceedings{are_you_really,
author = {Ma, Shuai and Wang, Xinru and Lei, Ying and Shi, Chuhan and Yin, Ming and Ma, Xiaojuan},
title = {“Are You Really Sure?” Understanding the Effects of Human Self-Confidence Calibration in AI-Assisted Decision Making},
year = {2024},
booktitle = {Proceedings of the 2024 CHI Conference on Human Factors in Computing Systems},
articleno = {840},
numpages = {20},
keywords = {AI-Assisted Decision-making, Appropriate Reliance, Human-AI Collaboration, Reliance on AI systems, Trust Calibration},
location = {Honolulu, HI, USA},
series = {CHI '24}
}

@inproceedings{hase-bansal-2020-evaluating,
    title = "Evaluating Explainable {AI}: Which Algorithmic Explanations Help Users Predict Model Behavior?",
    author = "Hase, Peter  and
      Bansal, Mohit",
    editor = "Jurafsky, Dan  and
      Chai, Joyce  and
      Schluter, Natalie  and
      Tetreault, Joel",
    booktitle = "Proceedings of the 58th Annual Meeting of the Association for Computational Linguistics",
    month = jul,
    year = "2020",
    address = "Online",
    publisher = "Association for Computational Linguistics",
    pages = "5540--5552",
}

@article{grevzo2021overconfidence,
  title={Overconfidence and financial decision-making: a meta-analysis},
  author={Gre{\v{z}}o, Mat{\'u}{\v{s}}},
  journal={Review of Behavioral Finance},
  volume={13},
  number={3},
  pages={276--296},
  year={2021},
  publisher={Emerald Publishing Limited}
}

@article{barber2001boys,
  title={Boys will be boys: Gender, overconfidence, and common stock investment},
  author={Barber, Brad M and Odean, Terrance},
  journal={The quarterly journal of economics},
  volume={116},
  number={1},
  pages={261--292},
  year={2001},
  publisher={MIT Press}
}


@inproceedings{keith-stent-2019-modeling,
    title = "Modeling Financial Analysts{'} Decision Making via the Pragmatics and Semantics of Earnings Calls",
    author = "Keith, Katherine  and
      Stent, Amanda",
    editor = "Korhonen, Anna  and
      Traum, David  and
      M{\`a}rquez, Llu{\'\i}s",
    booktitle = "Proceedings of the 57th Annual Meeting of the Association for Computational Linguistics",
    month = jul,
    year = "2019",
    address = "Florence, Italy",
    publisher = "Association for Computational Linguistics",
    url = "https://aclanthology.org/P19-1047",
    doi = "10.18653/v1/P19-1047",
    pages = "493--503",
}


@inproceedings{devlin-etal-2019-bert,
    title = "{BERT}: Pre-training of Deep Bidirectional Transformers for Language Understanding",
    author = "Devlin, Jacob  and
      Chang, Ming-Wei  and
      Lee, Kenton  and
      Toutanova, Kristina",
    editor = "Burstein, Jill  and
      Doran, Christy  and
      Solorio, Thamar",
    booktitle = "Proceedings of the 2019 Conference of the North {A}merican Chapter of the Association for Computational Linguistics: Human Language Technologies, Volume 1 (Long and Short Papers)",
    month = "jun",
    year = "2019",
    pages = "4171--4186",
}

@book{moore2020perfectly,
  title={Perfectly confident: How to calibrate your decisions wisely},
  author={Moore, Don A},
  year={2020},
  publisher={HarperCollins}
}

@article{van2011financial,
  title={Financial literacy and stock market participation},
  author={Van Rooij, Maarten and Lusardi, Annamaria and Alessie, Rob},
  journal={Journal of Financial economics},
  volume={101},
  number={2},
  pages={449--472},
  year={2011},
  publisher={Elsevier}
}

@article{Frederick,
author  = "Frederick, Shane",
title   = "Cognitive Reflection and Decision Making",
journal = "Journal of Economic Perspectives",
volume  = "19",
number  = "4",
year    = "2005",
pages   = "25-42",
}

@inproceedings{takayanagi_naacl,
    title = "Can GPT-4 Sway Experts' Investment Decisions?",
    author = "Takehiro Takayanagi  and
      Hiroya Takamura  and
      Kiyoshi Izumi  and
      Chung-Chi Chen  ",
    booktitle = "Proceedings of the 2025 Annual Conference of the Nations of the Americas Chapter of the Association for Computational Linguistics",
    year = "2025",
}
