
% Journals

% First the Full Name is given, then the abbreviation used in the AMS Math
% Reviews, with an indication if it could not be found there.
% Note the 2nd overwrites the 1st, so swap them if you want the full name.

 %{AMS}
 @String{AMSTrans = "American Mathematical Society Translations" }
 @String{AMSTrans = "Amer. Math. Soc. Transl." }
 @String{BullAMS = "Bulletin of the American Mathematical Society" }
 @String{BullAMS = "Bull. Amer. Math. Soc." }
 @String{ProcAMS = "Proceedings of the American Mathematical Society" }
 @String{ProcAMS = "Proc. Amer. Math. Soc." }
 @String{TransAMS = "Transactions of the American Mathematical Society" }
 @String{TransAMS = "Trans. Amer. Math. Soc." }

 %ACM
 @String{CACM = "Communications of the {ACM}" }
 @String{CACM = "Commun. {ACM}" }
 @String{CompServ = "Comput. Surveys" }
 @String{JACM = "J. ACM" }
 @String{ACMMathSoft = "{ACM} Transactions on Mathematical Software" }
 @String{ACMMathSoft = "{ACM} Trans. Math. Software" }
 @String{SIGNUM = "{ACM} {SIGNUM} Newsletter" }
 @String{SIGNUM = "{ACM} {SIGNUM} Newslett." }

 @String{AmerSocio = "American Journal of Sociology" }
 @String{AmerStatAssoc = "Journal of the American Statistical Association" }
 @String{AmerStatAssoc = "J. Amer. Statist. Assoc." }
 @String{ApplMathComp = "Applied Mathematics and Computation" }
 @String{ApplMathComp = "Appl. Math. Comput." }
 @String{AmerMathMonthly = "American Mathematical Monthly" }
 @String{AmerMathMonthly = "Amer. Math. Monthly" }
 @String{BIT = "{BIT}" }
 @String{BritStatPsych = "British Journal of Mathematical and Statistical
          Psychology" }
 @String{BritStatPsych = "Brit. J. Math. Statist. Psych." }
 @String{CanMathBull = "Canadian Mathematical Bulletin" }
 @String{CanMathBull = "Canad. Math. Bull." }
 @String{CompApplMath = "Journal of Computational and Applied Mathematics" }
 @String{CompApplMath = "J. Comput. Appl. Math." }
 @String{CompPhys = "Journal of Computational Physics" }
 @String{CompPhys = "J. Comput. Phys." }
 @String{CompStruct = "Computers and Structures" }
 @String{CompStruct = "Comput. \& Structures" }
 @String{CompJour = "The Computer Journal" }
 @String{CompJour = "Comput. J." }
 @String{CompSysSci = "Journal of Computer and System Sciences" }
 @String{CompSysSci = "J. Comput. System Sci." }
 @String{Computing = "Computing" }
 @String{ContempMath = "Contemporary Mathematics" }
 @String{ContempMath = "Contemp. Math." }
 @String{Crelle = "Crelle's Journal" }
 @String{GiornaleMath = "Giornale di Mathematiche" }
 @String{GiornaleMath = "Giorn. Mat." } % didn't find in AMS MR., ibid.

 %IEEE
 @String{Computer = "{IEEE} Computer" }
 @String{IEEETransComp = "{IEEE} Transactions on Computers" }
 @String{IEEETransComp = "{IEEE} Trans. Comput." }
 @String{IEEETransAC = "{IEEE} Transactions on Automatic Control" }
 @String{IEEETransAC = "{IEEE} Trans. Automat. Control" }
 @String{IEEESpec = "{IEEE} Spectrum" } % didn't find in AMS MR
 @String{ProcIEEE = "Proceedings of the {IEEE}" }
 @String{ProcIEEE = "Proc. {IEEE}" } % didn't find in AMS MR
 @String{IEEETransAeroElec = "{IEEE} Transactions on Aerospace and Electronic
     Systems" }
 @String{IEEETransAeroElec = "{IEEE} Trans. Aerospace Electron. Systems" }

 @String{IMANumerAna = "{IMA} Journal of Numerical Analysis" }
 @String{IMANumerAna = "{IMA} J. Numer. Anal." }
 @String{InfProcLet = "Information Processing Letters" }
 @String{InfProcLet = "Inform. Process. Lett." }
 @String{InstMathApp = "Journal of the Institute of Mathematics and
     its Applications" }
 @String{InstMathApp = "J. Inst. Math. Appl." }
 @String{IntControl = "International Journal of Control" }
 @String{IntControl = "Internat. J. Control" }
 @String{IntNumerEng = "International Journal for Numerical Methods in
     Engineering" }
 @String{IntNumerEng = "Internat. J. Numer. Methods Engrg." }
 @String{IntSuper = "International Journal of Supercomputing Applications" }
 @String{IntSuper = "Internat. J. Supercomputing Applic." } % didn't find
%% in AMS MR
 @String{Kibernetika = "Kibernetika" }
 @String{JResNatBurStand = "Journal of Research of the National Bureau
     of Standards" }
 @String{JResNatBurStand = "J. Res. Nat. Bur. Standards" }
 @String{LinAlgApp = "Linear Algebra and its Applications" }
 @String{LinAlgApp = "Linear Algebra Appl." }
 @String{MathAnaAppl = "Journal of Mathematical Analysis and Applications" }
 @String{MathAnaAppl = "J. Math. Anal. Appl." }
 @String{MathAnnalen = "Mathematische Annalen" }
 @String{MathAnnalen = "Math. Ann." }
 @String{MathPhys = "Journal of Mathematical Physics" }
 @String{MathPhys = "J. Math. Phys." }
 @String{MathComp = "Mathematics of Computation" }
 @String{MathComp = "Math. Comp." }
 @String{MathScand = "Mathematica Scandinavica" }
 @String{MathScand = "Math. Scand." }
 @String{TablesAidsComp = "Mathematical Tables and Other Aids to Computation" }
 @String{TablesAidsComp = "Math. Tables Aids Comput." }
 @String{NumerMath = "Numerische Mathematik" }
 @String{NumerMath = "Numer. Math." }
 @String{PacificMath = "Pacific Journal of Mathematics" }
 @String{PacificMath = "Pacific J. Math." }
 @String{ParDistComp = "Journal of Parallel and Distributed Computing" }
 @String{ParDistComp = "J. Parallel and Distrib. Comput." } % didn't find
%% in AMS MR
 @String{ParComputing = "Parallel Computing" }
 @String{ParComputing = "Parallel Comput." }
 @String{PhilMag = "Philosophical Magazine" }
 @String{PhilMag = "Philos. Mag." }
 @String{ProcNAS = "Proceedings of the National Academy of Sciences
                    of the USA" }
 @String{ProcNAS = "Proc. Nat. Acad. Sci. U. S. A." }
 @String{Psychometrika = "Psychometrika" }
 @String{QuartMath = "Quarterly Journal of Mathematics, Oxford, Series (2)" }
 @String{QuartMath = "Quart. J. Math. Oxford Ser. (2)" }
 @String{QuartApplMath = "Quarterly of Applied Mathematics" }
 @String{QuartApplMath = "Quart. Appl. Math." }
 @String{RevueInstStat = "Review of the International Statisical Institute" }
 @String{RevueInstStat = "Rev. Inst. Internat. Statist." }

 %SIAM
 @String{JSIAM = "Journal of the Society for Industrial and Applied
     Mathematics" }
 @String{JSIAM = "J. Soc. Indust. Appl. Math." }
 @String{JSIAMB = "Journal of the Society for Industrial and Applied
     Mathematics, Series B, Numerical Analysis" }
 @String{JSIAMB = "J. Soc. Indust. Appl. Math. Ser. B Numer. Anal." }
 @String{SIAMAlgMeth = "{SIAM} Journal on Algebraic and Discrete Methods" }
 @String{SIAMAlgMeth = "{SIAM} J. Algebraic Discrete Methods" }
 @String{SIAMAppMath = "{SIAM} Journal on Applied Mathematics" }
 @String{SIAMAppMath = "{SIAM} J. Appl. Math." }
 @String{SIAMComp = "{SIAM} Journal on Computing" }
 @String{SIAMComp = "{SIAM} J. Comput." }
 @String{SIAMMatrix = "{SIAM} Journal on Matrix Analysis and Applications" }
 @String{SIAMMatrix = "{SIAM} J. Matrix Anal. Appl." }
 @String{SIAMNumAnal = "{SIAM} Journal on Numerical Analysis" }
 @String{SIAMNumAnal = "{SIAM} J. Numer. Anal." }
 @String{SIAMReview = "{SIAM} Review" }
 @String{SIAMReview = "{SIAM} Rev." }
 @String{SIAMSciStat = "{SIAM} Journal on Scientific and Statistical
     Computing" }
 @String{SIAMSciStat = "{SIAM} J. Sci. Statist. Comput." }

 @String{SoftPracExp = "Software Practice and Experience" }
 @String{SoftPracExp = "Software Prac. Experience" } % didn't find in AMS MR
 @String{StatScience = "Statistical Science" }
 @String{StatScience = "Statist. Sci." }
 @String{Techno = "Technometrics" }
 @String{USSRCompMathPhys = "{USSR} Computational Mathematics and Mathematical
     Physics" }
 @String{USSRCompMathPhys = "{U. S. S. R.} Comput. Math. and Math. Phys." }
 @String{VLSICompSys = "Journal of {VLSI} and Computer Systems" }
 @String{VLSICompSys = "J. {VLSI} Comput. Syst." }
 @String{ZAngewMathMech = "Zeitschrift fur Angewandte Mathematik und
     Mechanik" }
 @String{ZAngewMathMech = "Z. Angew. Math. Mech." }
 @String{ZAngewMathPhys = "Zeitschrift fur Angewandte Mathematik und Physik" }
 @String{ZAngewMathPhys = "Z. Angew. Math. Phys." }

% Publishers % ================================================= |

 @String{Academic = "Academic Press" }
 @String{ACMPress = "{ACM} Press" }
 @String{AdamHilger = "Adam Hilger" }
 @String{AddisonWesley = "Addison-Wesley" }
 @String{AllynBacon = "Allyn and Bacon" }
 @String{AMS = "American Mathematical Society" }
 @String{Birkhauser = "Birkha{\"u}ser" }
 @String{CambridgePress = "Cambridge University Press" }
 @String{Chelsea = "Chelsea" }
 @String{ClaredonPress = "Claredon Press" }
 @String{DoverPub = "Dover Publications" }
 @String{Eyolles = "Eyolles" }
 @String{HoltRinehartWinston = "Holt, Rinehart and Winston" }
 @String{Interscience = "Interscience" }
 @String{JohnsHopkinsPress = "The Johns Hopkins University Press" }
 @String{JohnWileySons = "John Wiley and Sons" }
 @String{Macmillan = "Macmillan" }
 @String{MathWorks = "The Math Works Inc." }
 @String{McGrawHill = "McGraw-Hill" }
 @String{NatBurStd = "National Bureau of Standards" }
 @String{NorthHolland = "North-Holland" }
 @String{OxfordPress = "Oxford University Press" }  %address Oxford or London?
 @String{PergamonPress = "Pergamon Press" }
 @String{PlenumPress = "Plenum Press" }
 @String{PrenticeHall = "Prentice-Hall" }
 @String{SIAMPub = "{SIAM} Publications" }
 @String{Springer = "Springer-Verlag" }
 @String{TexasPress = "University of Texas Press" }
 @String{VanNostrand = "Van Nostrand" }
 @String{WHFreeman = "W. H. Freeman and Co." }

%Entries

@article{cong2019quantum,
  title={Quantum convolutional neural networks},
  author={Cong, Iris and Choi, Soonwon and Lukin, Mikhail D},
  journal={Nature Physics},
  volume={15},
  number={12},
  pages={1273--1278},
  year={2019},
  publisher={Nature Publishing Group UK London}
}

@article{cao2018potential,
  title={Potential of quantum computing for drug discovery},
  author={Cao, Yudong and Romero, Jhonathan and Aspuru-Guzik, Al{\'a}n},
  journal={IBM Journal of Research and Development},
  volume={62},
  number={6},
  pages={6--1},
  year={2018},
  publisher={IBM}
}

@article{farhi2014quantum,
  title={A quantum approximate optimization algorithm},
  author={Farhi, Edward and Goldstone, Jeffrey and Gutmann, Sam},
  journal={arXiv preprint arXiv:1411.4028},
  year={2014}
}

@article{ghosh2023primer,
  title={A primer on security of quantum computing},
  author={Ghosh, Swaroop and Upadhyay, Suryansh and Saki, Abdullah Ash},
  journal={arXiv preprint arXiv:2305.02505},
  year={2023}
}

@inproceedings{upadhyay2022robust,
  title={Robust and secure hybrid quantum-classical computation on untrusted cloud-based quantum hardware},
  author={Upadhyay, Suryansh and Ghosh, Swaroop},
  booktitle={Proceedings of the 11th International Workshop on Hardware and Architectural Support for Security and Privacy},
  pages={45--52},
  year={2022}
}

@article{bauer2020quantum,
  title={Quantum algorithms for quantum chemistry and quantum materials science},
  author={Bauer, Bela and Bravyi, Sergey and Motta, Mario and Chan, Garnet Kin-Lic},
  journal={Chemical Reviews},
  volume={120},
  number={22},
  pages={12685--12717},
  year={2020},
  publisher={ACS Publications}
}

@article{gupta2023quantum,
  title={Quantum computing led innovation for achieving a more sustainable Covid-19 healthcare industry},
  author={Gupta, Shivam and Modgil, Sachin and Bhatt, Priyanka C and Jabbour, Charbel Jose Chiappetta and Kamble, Sachin},
  journal={Technovation},
  volume={120},
  pages={102544},
  year={2023},
  publisher={Elsevier}
}

@article{biamonte2017quantum,
  title={Quantum machine learning},
  author={Biamonte, Jacob and Wittek, Peter and Pancotti, Nicola and Rebentrost, Patrick and Wiebe, Nathan and Lloyd, Seth},
  journal={Nature},
  volume={549},
  number={7671},
  pages={195--202},
  year={2017},
  publisher={Nature Publishing Group UK London}
}

@article{garg2020advances,
  title={Advances in quantum deep learning: An overview},
  author={Garg, Siddhant and Ramakrishnan, Goutham},
  journal={arXiv preprint arXiv:2005.04316},
  year={2020}
}

@article{tilly2022variational,
  title={The variational quantum eigensolver: a review of methods and best practices},
  author={Tilly, Jules and Chen, Hongxiang and Cao, Shuxiang and Picozzi, Dario and Setia, Kanav and Li, Ying and Grant, Edward and Wossnig, Leonard and Rungger, Ivan and Booth, George H and others},
  journal={Physics Reports},
  volume={986},
  pages={1--128},
  year={2022},
  publisher={Elsevier}
}

@article{orus2019quantum,
  title={Quantum computing for finance: Overview and prospects},
  author={Or{\'u}s, Rom{\'a}n and Mugel, Samuel and Lizaso, Enrique},
  journal={Reviews in Physics},
  volume={4},
  pages={100028},
  year={2019},
  publisher={Elsevier}
}

@article{rebentrost2014quantum,
  title={Quantum support vector machine for big data classification},
  author={Rebentrost, Patrick and Mohseni, Masoud and Lloyd, Seth},
  journal={Physical review letters},
  volume={113},
  number={13},
  pages={130503},
  year={2014},
  publisher={APS}
}

@article{lloyd2018quantum,
  title={Quantum generative adversarial learning},
  author={Lloyd, Seth and Weedbrook, Christian},
  journal={Physical review letters},
  volume={121},
  number={4},
  pages={040502},
  year={2018},
  publisher={APS}
}

@article{abbas2021power,
  title={The power of quantum neural networks},
  author={Abbas, Amira and Sutter, David and Zoufal, Christa and Lucchi, Aur{\'e}lien and Figalli, Alessio and Woerner, Stefan},
  journal={Nature Computational Science},
  volume={1},
  number={6},
  pages={403--409},
  year={2021},
  publisher={Nature Publishing Group US New York}
}

@inproceedings{saki2021split,
  title={Split compilation for security of quantum circuits},
  author={Saki, Abdullah Ash and Suresh, Aakarshitha and Topaloglu, Rasit Onur and Ghosh, Swaroop},
  booktitle={2021 IEEE/ACM International Conference On Computer Aided Design (ICCAD)},
  pages={1--7},
  year={2021},
  organization={IEEE}
}

@inproceedings{suresh2021short,
  title={Short paper: A quantum circuit obfuscation methodology for security and privacy},
  author={Suresh, Aakarshitha and Saki, Abdullah Ash and Alam, Mahababul and Onur Topaloglu, Rasit and Ghosh, Swaroop},
  booktitle={Proceedings of the 10th International Workshop on Hardware and Architectural Support for Security and Privacy},
  pages={1--5},
  year={2021}
}

@misc{Orquestra,
  author = "{Z. Computing}",
  title = "{Orquestra}",
  year = "{May 2021}",
  url = "https://www.zapatacomputing.com/orquestra/",
}

@misc{pytket,
  author = "{C. Q. Computing}",
  title = "{pytket}",
  year = "{May 2021}",
  url = "https://cqcl.github.io/pytket/build/html/index.html",
}

@misc{baidu,
  author = "{baidu}",
  title = "{Quantum}",
  year = "{2024}",
  url = "https://www.insidequantumtechnology.com/news-archive/chinas-baidu-rolls-beijing-based-quantum-
computer-and-access-platform/",
}

@article{iverson2020coherence,
  title={Coherence in logical quantum channels},
  author={Iverson, Joseph K and Preskill, John},
  journal={New Journal of Physics},
  volume={22},
  number={7},
  pages={073066},
  year={2020},
  publisher={IOP Publishing}
}

@article{magesan2012efficient,
  title={Efficient measurement of quantum gate error by interleaved randomized benchmarking},
  author={Magesan, Easwar and Gambetta, Jay M and Johnson, Blake R and Ryan, Colm A and Chow, Jerry M and Merkel, Seth T and Da Silva, Marcus P and Keefe, George A and Rothwell, Mary B and Ohki, Thomas A and others},
  journal={Physical review letters},
  volume={109},
  number={8},
  pages={080505},
  year={2012},
  publisher={APS}
}

@article{busch2014colloquium,
  title={Colloquium: Quantum root-mean-square error and measurement uncertainty relations},
  author={Busch, Paul and Lahti, Pekka and Werner, Reinhard F},
  journal={Reviews of Modern Physics},
  volume={86},
  number={4},
  pages={1261--1281},
  year={2014},
  publisher={APS}
}

@inproceedings{ash2020analysis,
  title={Analysis of crosstalk in nisq devices and security implications in multi-programming regime},
  author={Ash-Saki, Abdullah and Alam, Mahabubul and Ghosh, Swaroop},
  booktitle={Proceedings of the ACM/IEEE International Symposium on Low Power Electronics and Design},
  pages={25--30},
  year={2020}
}

@misc{IBMQuantum,
  author = "{IBM}",
  title = "{IBM Quantum}",
  year = "{2024}",
  url = "https://www.ibm.com/quantum",
}

@misc{GoogleQuantumComputer,
author = "{Google Quantum AI}",
title = "{Google Quantum Computer}",
year = "{2024}",
url = "https://quantumai.google/quantumcomputer"
}

@misc{AmazonBraket,
    author = "{Amazon}" ,
    title = "{Amazon Braket}",
    year = "{2024}",
    url = "https://aws.amazon.com/braket/"
}

@misc{MLaaS,
    author = "{Amazon}" ,
    title = "{Saiwa}",
    year = "{2023}",
    url = "Saiwa. [a. n. d.]. Machine Learning as a Service (MLaaS) | Everything you need to know about that. https://saiwa.ai/blog/mlaas-1/"
}

@article{bergholm2018pennylane,
  author="{Bergholm, Ville and Izaac, Josh and Schuld, Maria and Gogolin, Christian and Ahmed, Shahnawaz and Ajith, Vishnu and Alam, M Sohaib and Alonso-Linaje, Guillermo and AkashNarayanan, B and Asadi, Ali and others}",
  title="{Pennylane: Automatic differentiation of hybrid quantum-classical computations}",
  year="{2018}",
  journal="{arXiv preprint arXiv:1811.04968}"

}

@inproceedings{wang2022qoc,
  title={Qoc: quantum on-chip training with parameter shift and gradient pruning},
  author={Wang, Hanrui and Li, Zirui and Gu, Jiaqi and Ding, Yongshan and Pan, David Z and Han, Song},
  booktitle={Proceedings of the 59th ACM/IEEE Design Automation Conference},
  pages={655--660},
  year={2022}
}

@inproceedings{alam2021quantum,
  title={Quantum-classical hybrid machine learning for image classification (iccad special session paper)},
  author={Alam, Mahabubul and Kundu, Satwik and Topaloglu, Rasit Onur and Ghosh, Swaroop},
  booktitle={2021 IEEE/ACM International Conference On Computer Aided Design (ICCAD)},
  pages={1--7},
  year={2021},
  organization={IEEE}
}

@article{schuld2020circuit,
  title={Circuit-centric quantum classifiers},
  author={Schuld, Maria and Bocharov, Alex and Svore, Krysta M and Wiebe, Nathan},
  journal={Physical Review A},
  volume={101},
  number={3},
  pages={032308},
  year={2020},
  publisher={APS}
}
@article{cai2015entanglement,
  title={Entanglement-based machine learning on a quantum computer},
  author={Cai, X-D and Wu, Dian and Su, Z-E and Chen, M-C and Wang, X-L and Li, Li and Liu, N-L and Lu, C-Y and Pan, J-W},
  journal={Physical review letters},
  volume={114},
  number={11},
  pages={110504},
  year={2015},
  publisher={APS}
}

@article{upadhyay2023trustworthy,
  title={Trustworthy computing using untrusted cloud-based quantum hardware},
  author={Upadhyay, Suryansh and Topaloglu, Rasit Onur and Ghosh, Swaroop},
  journal={arXiv preprint arXiv:2305.01826},
  year={2023}
}

@inproceedings{gilad2016cryptonets,
  title={Cryptonets: Applying neural networks to encrypted data with high throughput and accuracy},
  author={Gilad-Bachrach, Ran and Dowlin, Nathan and Laine, Kim and Lauter, Kristin and Naehrig, Michael and Wernsing, John},
  booktitle={International conference on machine learning},
  pages={201--210},
  year={2016},
  organization={PMLR}
}

@article{peng2023rrnet,
  title={Rrnet: Towards relu-reduced neural network for two-party computation based private inference},
  author={Peng, Hongwu and Zhou, Shanglin and Luo, Yukui and Xu, Nuo and Duan, Shijin and Ran, Ran and Zhao, Jiahui and Huang, Shaoyi and Xie, Xi and Wang, Chenghong and others},
  journal={arXiv preprint arXiv:2302.02292},
  year={2023}
}

@article{fisher2014quantum,
  title={Quantum computing on encrypted data},
  author={Fisher, Kent AG and Broadbent, Anne and Shalm, LK and Yan, Z and Lavoie, Jonathan and Prevedel, Robert and Jennewein, Thomas and Resch, Kevin J},
  journal={Nature communications},
  volume={5},
  number={1},
  pages={3074},
  year={2014},
  publisher={Nature Publishing Group UK London}
}

@inproceedings{wang2023qumos,
  title={Qumos: A framework for preserving security of quantum machine learning model},
  author={Wang, Zhepeng and Li, Jinyang and Hu, Zhirui and Gage, Blake and Iwasawa, Elizabeth and Jiang, Weiwen},
  booktitle={2023 IEEE International Conference on Quantum Computing and Engineering (QCE)},
  volume={1},
  pages={1089--1097},
  year={2023},
  organization={IEEE}
}

@article{kundu2024stiq,
  title={STIQ: Safeguarding Training and Inferencing of Quantum Neural Networks from Untrusted Cloud},
  author={Kundu, Satwik and Ghosh, Swaroop},
  journal={arXiv preprint arXiv:2405.18746},
  year={2024}
}

@inproceedings{anguita2012k,
  title={The'K'in K-fold Cross Validation.},
  author={Anguita, Davide and Ghelardoni, Luca and Ghio, Alessandro and Oneto, Luca and Ridella, Sandro and others},
  booktitle={ESANN},
  volume={102},
  pages={441--446},
  year={2012}
}

@inproceedings{hua2018reverse,
  title={Reverse engineering convolutional neural networks through side-channel information leaks},
  author={Hua, Weizhe and Zhang, Zhiru and Suh, G Edward},
  booktitle={Proceedings of the 55th Annual Design Automation Conference},
  pages={1--6},
  year={2018}
}

@article{oh2019towards,
  title={Towards reverse-engineering black-box neural networks},
  author={Oh, Seong Joon and Schiele, Bernt and Fritz, Mario},
  journal={Explainable AI: interpreting, explaining and visualizing deep learning},
  pages={121--144},
  year={2019},
  publisher={Springer}
}

@inproceedings{ghosh2024quantum,
  title={The Quantum Imitation Game: Reverse Engineering of Quantum Machine Learning Models},
  author={Ghosh, Archisman and Ghosh, Swaroop},
  booktitle={Proceedings of the 2024 Workshop on Attacks and Solutions in Hardware Security},
  pages={48--57},
  year={2024}
}

@misc{upadhyay2024quantumdatabreachreusing,
      title={Quantum Data Breach: Reusing Training Dataset by Untrusted Quantum Clouds}, 
      author={Suryansh Upadhyay and Swaroop Ghosh},
      year={2024},
      eprint={2407.14687},
      archivePrefix={arXiv},
      primaryClass={quant-ph},
      url={https://arxiv.org/abs/2407.14687}, 
}

@misc{roy2024forensicstranspiledquantumcircuits,
      title={Forensics of Transpiled Quantum Circuits}, 
      author={Rupshali Roy and Archisman Ghosh and Swaroop Ghosh},
      year={2024},
      eprint={2412.18939},
      archivePrefix={arXiv},
      primaryClass={cs.CR},
      url={https://arxiv.org/abs/2412.18939}, 
}