@article{fisher2014quantum,
  title={Quantum computing on encrypted data},
  author={Fisher, Kent AG and Broadbent, Anne and Shalm, LK and Yan, Z and Lavoie, Jonathan and Prevedel, Robert and Jennewein, Thomas and Resch, Kevin J},
  journal={Nature communications},
  volume={5},
  number={1},
  pages={3074},
  year={2014},
  publisher={Nature Publishing Group UK London}
}

@inproceedings{ghosh2024quantum,
  title={The Quantum Imitation Game: Reverse Engineering of Quantum Machine Learning Models},
  author={Ghosh, Archisman and Ghosh, Swaroop},
  booktitle={Proceedings of the 2024 Workshop on Attacks and Solutions in Hardware Security},
  pages={48--57},
  year={2024}
}

@inproceedings{hua2018reverse,
  title={Reverse engineering convolutional neural networks through side-channel information leaks},
  author={Hua, Weizhe and Zhang, Zhiru and Suh, G Edward},
  booktitle={Proceedings of the 55th Annual Design Automation Conference},
  pages={1--6},
  year={2018}
}

@article{kundu2024stiq,
  title={STIQ: Safeguarding Training and Inferencing of Quantum Neural Networks from Untrusted Cloud},
  author={Kundu, Satwik and Ghosh, Swaroop},
  journal={arXiv preprint arXiv:2405.18746},
  year={2024}
}

@article{oh2019towards,
  title={Towards reverse-engineering black-box neural networks},
  author={Oh, Seong Joon and Schiele, Bernt and Fritz, Mario},
  journal={Explainable AI: interpreting, explaining and visualizing deep learning},
  pages={121--144},
  year={2019},
  publisher={Springer}
}

@inproceedings{upadhyay2022robust,
  title={Robust and secure hybrid quantum-classical computation on untrusted cloud-based quantum hardware},
  author={Upadhyay, Suryansh and Ghosh, Swaroop},
  booktitle={Proceedings of the 11th International Workshop on Hardware and Architectural Support for Security and Privacy},
  pages={45--52},
  year={2022}
}

@article{upadhyay2023trustworthy,
  title={Trustworthy computing using untrusted cloud-based quantum hardware},
  author={Upadhyay, Suryansh and Topaloglu, Rasit Onur and Ghosh, Swaroop},
  journal={arXiv preprint arXiv:2305.01826},
  year={2023}
}

@misc{upadhyay2024quantumdatabreachreusing,
      title={Quantum Data Breach: Reusing Training Dataset by Untrusted Quantum Clouds}, 
      author={Suryansh Upadhyay and Swaroop Ghosh},
      year={2024},
      eprint={2407.14687},
      archivePrefix={arXiv},
      primaryClass={quant-ph},
      url={https://arxiv.org/abs/2407.14687}, 
}

@inproceedings{wang2023qumos,
  title={Qumos: A framework for preserving security of quantum machine learning model},
  author={Wang, Zhepeng and Li, Jinyang and Hu, Zhirui and Gage, Blake and Iwasawa, Elizabeth and Jiang, Weiwen},
  booktitle={2023 IEEE International Conference on Quantum Computing and Engineering (QCE)},
  volume={1},
  pages={1089--1097},
  year={2023},
  organization={IEEE}
}

