@book{ abelson-et-al:scheme,
  author = "Harold Abelson and Gerald~Jay Sussman and Julie Sussman",
  title = "Structure and Interpretation of Computer Programs",
  publisher = "MIT Press",
  address = "Cambridge, Massachusetts",
  year = "1985"
}

@inproceedings{ bgf:Lixto,
  author = "Robert Baumgartner and Georg Gottlob and Sergio Flesca",
  title = "Visual Information Extraction with {Lixto}",
  booktitle = "Proceedings of the 27th International Conference on Very Large Databases",
  pages = "119--128",
  publisher = "Morgan Kaufmann",
  address = "Rome, Italy",
  month = "September",
  year = "2001"
}

@article{ brachman-schmolze:kl-one,
  author = "Ronald~J. Brachman and James~G. Schmolze",
  title = "An overview of the {KL-ONE} knowledge representation system",
  journal = "Cognitive Science",
  volume = "9",
  number = "2",
  pages = "171--216",
  month = "April--June",
  year = "1985"
}

@article{ gottlob:nonmon,
  author = "Georg Gottlob",
  title = "Complexity results for nonmonotonic logics",
  journal = "Journal of Logic and Computation",
  volume = "2",
  number = "3",
  pages = "397--425",
  month = "June",
  year = "1992"
}

@article{ gls:hypertrees,
  author = "Georg Gottlob and Nicola Leone and Francesco Scarcello",
  title = "Hypertree Decompositions and Tractable Queries",
  journal = "Journal of Computer and System Sciences",
  volume = "64",
  number = "3",
  pages = "579--627",
  month = "May",
  year = "2002"
}

@article{ levesque:functional-foundations,
  author = "Hector~J. Levesque",
  title = "Foundations of a functional approach to knowledge representation",
  journal = "Artificial Intelligence",
  volume = "23",
  number = "2",
  pages = "155--212",
  month = "July",
  year = "1984"
}

@inproceedings{ levesque:belief,
  author = "Hector~J. Levesque",
  title = "A logic of implicit and explicit belief",
  booktitle = "Proceedings of the Fourth National Conference on Artificial Intelligence",
  publisher = "American Association for Artificial Intelligence",
  pages = "198--202",
  address = "Austin, Texas",
  month = "August",
  year = "1984"
}

@article{ nebel:jair-2000,
  author = "Bernhard Nebel",
  title = "On the compilability and expressive power of propositional planning formalisms",
  journal = "Journal of Artificial Intelligence Research",
  volume = "12",
  pages = "271--315",
  year = "2000"
}

 @misc{proceedings,
  author = {{IJCAI Proceedings}},
  title = {{IJCAI} Camera Ready Submission},
  howpublished = {\url{https://proceedings.ijcai.org/info}},
}


@article{bang2024measuring,
  title={Measuring Political Bias in Large Language Models: What Is Said and How It Is Said},
  author={Bang, Yejin and Chen, Delong and Lee, Nayeon and Fung, Pascale},
  journal={arXiv preprint arXiv:2403.18932},
  year={2024}
}


@article{naous2023having,
  title={Having beer after prayer? measuring cultural bias in large language models},
  author={Naous, Tarek and Ryan, Michael J and Ritter, Alan and Xu, Wei},
  journal={arXiv preprint arXiv:2305.14456},
  year={2023}
}

@inproceedings{fang2024born,
  title={Born Differently Makes a Difference: Counterfactual Study of Bias in Biography Generation from a Data-to-Text Perspective},
  author={Fang, Biaoyan and Dinesh, Ritvik and Dai, Xiang and Karimi, Sarvnaz},
  booktitle={Proceedings of the 62nd Annual Meeting of the Association for Computational Linguistics (Volume 2: Short Papers)},
  pages={409--424},
  year={2024}
}


@article{muennighoff2022mteb,
  title={MTEB: Massive text embedding benchmark},
  author={Muennighoff, Niklas and Tazi, Nouamane and Magne, Lo{\"\i}c and Reimers, Nils},
  journal={arXiv preprint arXiv:2210.07316},
  year={2022}
}



@article{fabbri2021summeval,
  title={Summeval: Re-evaluating summarization evaluation},
  author={Fabbri, Alexander R and Kry{\'s}ci{\'n}ski, Wojciech and McCann, Bryan and Xiong, Caiming and Socher, Richard and Radev, Dragomir},
  journal={Transactions of the Association for Computational Linguistics},
  volume={9},
  pages={391--409},
  year={2021},
  publisher={MIT Press One Rogers Street, Cambridge, MA 02142-1209, USA journals-info~…}
}


@inproceedings{reimers2016task,
  title={Task-oriented intrinsic evaluation of semantic textual similarity},
  author={Reimers, Nils and Beyer, Philip and Gurevych, Iryna},
  booktitle={Proceedings of COLING 2016, the 26th International Conference on Computational Linguistics: Technical Papers},
  pages={87--96},
  year={2016}
}





@inproceedings{bamman2013learning,
  title={Learning latent personas of film characters},
  author={Bamman, David and O’Connor, Brendan and Smith, Noah A},
  booktitle={Proceedings of the 51st Annual Meeting of the Association for Computational Linguistics (Volume 1: Long Papers)},
  pages={352--361},
  year={2013}
}


@article{bamman2013new,
  title={New alignment methods for discriminative book summarization},
  author={Bamman, David and Smith, Noah A},
  journal={arXiv preprint arXiv:1305.1319},
  year={2013}
}


@article{reimers2019sentence,
  title={Sentence-BERT: Sentence Embeddings using Siamese BERT-Networks},
  author={Reimers, N},
  journal={arXiv preprint arXiv:1908.10084},
  year={2019}
}


@article{rakivnenko2024bias,
  title={Bias in Text Embedding Models},
  author={Rakivnenko, Vasyl and Maslej, Nestor and Cervi, Jessica and Zhukov, Volodymyr},
  journal={arXiv preprint arXiv:2406.12138},
  year={2024}
}


@article{manvi2024large,
  title={Large language models are geographically biased},
  author={Manvi, Rohin and Khanna, Samar and Burke, Marshall and Lobell, David and Ermon, Stefano},
  journal={arXiv preprint arXiv:2402.02680},
  year={2024}
}


@article{schwobel2023geographical,
  title={Geographical Erasure in Language Generation},
  author={Schw{\"o}bel, Pola and Golebiowski, Jacek and Donini, Michele and Archambeau, C{\'e}dric and Pruthi, Danish},
  journal={arXiv preprint arXiv:2310.14777},
  year={2023}
}


@article{kenneweg2024debiasing,
  title={Debiasing Sentence Embedders through Contrastive Word Pairs},
  author={Kenneweg, Philip and Schr{\"o}der, Sarah and Schulz, Alexander and Hammer, Barbara},
  journal={arXiv preprint arXiv:2403.18555},
  year={2024}
}


@article{cheng2021fairfil,
  title={Fairfil: Contrastive neural debiasing method for pretrained text encoders},
  author={Cheng, Pengyu and Hao, Weituo and Yuan, Siyang and Si, Shijing and Carin, Lawrence},
  journal={arXiv preprint arXiv:2103.06413},
  year={2021}
}



@article{gallegos2024bias,
  title={Bias and fairness in large language models: A survey},
  author={Gallegos, Isabel O and Rossi, Ryan A and Barrow, Joe and Tanjim, Md Mehrab and Kim, Sungchul and Dernoncourt, Franck and Yu, Tong and Zhang, Ruiyi and Ahmed, Nesreen K},
  journal={Computational Linguistics},
  pages={1--79},
  year={2024},
  publisher={MIT Press 255 Main Street, 9th Floor, Cambridge, Massachusetts 02142, USA~…}
}


@article{may2019measuring,
  title={On measuring social biases in sentence encoders},
  author={May, Chandler and Wang, Alex and Bordia, Shikha and Bowman, Samuel R and Rudinger, Rachel},
  journal={arXiv preprint arXiv:1903.10561},
  year={2019}
}


@article{nikolaev2023representation,
  title={Representation biases in sentence transformers},
  author={Nikolaev, Dmitry and Pad{\'o}, Sebastian},
  journal={arXiv preprint arXiv:2301.13039},
  year={2023}
}











@article{tan2019assessing,
  title={Assessing social and intersectional biases in contextualized word representations},
  author={Tan, Yi Chern and Celis, L Elisa},
  journal={Advances in neural information processing systems},
  volume={32},
  year={2019}
}

@article{bolukbasi2016man,
  title={Man is to computer programmer as woman is to homemaker? debiasing word embeddings},
  author={Bolukbasi, Tolga and Chang, Kai-Wei and Zou, James Y and Saligrama, Venkatesh and Kalai, Adam T},
  journal={Advances in neural information processing systems},
  volume={29},
  year={2016}
}

@article{liang2020towards,
  title={Towards debiasing sentence representations},
  author={Liang, Paul Pu and Li, Irene Mengze and Zheng, Emily and Lim, Yao Chong and Salakhutdinov, Ruslan and Morency, Louis-Philippe},
  journal={arXiv preprint arXiv:2007.08100},
  year={2020}
}


@inproceedings{guo2021detecting,
  title={Detecting emergent intersectional biases: Contextualized word embeddings contain a distribution of human-like biases},
  author={Guo, Wei and Caliskan, Aylin},
  booktitle={Proceedings of the 2021 AAAI/ACM Conference on AI, Ethics, and Society},
  pages={122--133},
  year={2021}
}



@inproceedings{kotek2023gender,
  title={Gender bias and stereotypes in large language models},
  author={Kotek, Hadas and Dockum, Rikker and Sun, David},
  booktitle={Proceedings of the ACM collective intelligence conference},
  pages={12--24},
  year={2023}
}








@article{ramezani2023knowledge,
  title={Knowledge of cultural moral norms in large language models},
  author={Ramezani, Aida and Xu, Yang},
  journal={arXiv preprint arXiv:2306.01857},
  year={2023}
}
@article{cao2023assessing,
  title={Assessing cross-cultural alignment between ChatGPT and human societies: An empirical study},
  author={Cao, Yong and Zhou, Li and Lee, Seolhwa and Cabello, Laura and Chen, Min and Hershcovich, Daniel},
  journal={arXiv preprint arXiv:2303.17466},
  year={2023}
}
@article{arora2022probing,
  title={Probing pre-trained language models for cross-cultural differences in values},
  author={Arora, Arnav and Kaffee, Lucie-Aim{\'e}e and Augenstein, Isabelle},
  journal={arXiv preprint arXiv:2203.13722},
  year={2022}
}



@article{li2023survey,
  title={A survey on fairness in large language models},
  author={Li, Yingji and Du, Mengnan and Song, Rui and Wang, Xin and Wang, Ying},
  journal={arXiv preprint arXiv:2308.10149},
  year={2023}
}


@inproceedings{brunet2019understanding,
  title={Understanding the origins of bias in word embeddings},
  author={Brunet, Marc-Etienne and Alkalay-Houlihan, Colleen and Anderson, Ashton and Zemel, Richard},
  booktitle={International conference on machine learning},
  pages={803--811},
  year={2019},
  organization={PMLR}
}

@article{ngo2021mitigating,
  title={Mitigating harm in language models with conditional-likelihood filtration.(Aug},
  author={Ngo, Helen and Cooper Raterink, Jo{\~a}o G M Ara{\'u}jo and Zhang, Ivan and Chen, Carol and Morisot, Adrien and Frosst, Nicholas},
  journal={arXiv preprint arXiv:2108.07790},
  year={2021}
}



@article{kaneko2021debiasing,
  title={Debiasing pre-trained contextualised embeddings},
  author={Kaneko, Masahiro and Bollegala, Danushka},
  journal={arXiv preprint arXiv:2101.09523},
  year={2021}
}

@inproceedings{guo2022auto,
  title={Auto-debias: Debiasing masked language models with automated biased prompts},
  author={Guo, Yue and Yang, Yi and Abbasi, Ahmed},
  booktitle={Proceedings of the 60th Annual Meeting of the Association for Computational Linguistics (Volume 1: Long Papers)},
  pages={1012--1023},
  year={2022}
}



@article{zhang2019bertscore,
  title={Bertscore: Evaluating text generation with bert},
  author={Zhang, Tianyi and Kishore, Varsha and Wu, Felix and Weinberger, Kilian Q and Artzi, Yoav},
  journal={arXiv preprint arXiv:1904.09675},
  year={2019}
}



@inproceedings{mathur2019putting,
  title={Putting evaluation in context: Contextual embeddings improve machine translation evaluation},
  author={Mathur, Nitika and Baldwin, Timothy and Cohn, Trevor},
  booktitle={Proceedings of the 57th Annual Meeting of the Association for Computational Linguistics},
  pages={2799--2808},
  year={2019}
}



@inproceedings{steck2024cosine,
  title={Is cosine-similarity of embeddings really about similarity?},
  author={Steck, Harald and Ekanadham, Chaitanya and Kallus, Nathan},
  booktitle={Companion Proceedings of the ACM on Web Conference 2024},
  pages={887--890},
  year={2024}
}


@article{jehangir2023survey,
  title={A survey on Named Entity Recognition—datasets, tools, and methodologies},
  author={Jehangir, Basra and Radhakrishnan, Saravanan and Agarwal, Rahul},
  journal={Natural Language Processing Journal},
  volume={3},
  pages={100017},
  year={2023},
  publisher={Elsevier}
}


@article{lai2024large,
  title={Large language models in law: A survey},
  author={Lai, Jinqi and Gan, Wensheng and Wu, Jiayang and Qi, Zhenlian and Philip, S Yu},
  journal={AI Open},
  year={2024},
  publisher={Elsevier}
}


@article{he2023survey,
  title={A survey of large language models for healthcare: from data, technology, and applications to accountability and ethics},
  author={He, Kai and Mao, Rui and Lin, Qika and Ruan, Yucheng and Lan, Xiang and Feng, Mengling and Cambria, Erik},
  journal={arXiv preprint arXiv:2310.05694},
  year={2023}
}


@article{singhal2023towards,
  title={Towards expert-level medical question answering with large language models},
  author={Singhal, Karan and Tu, Tao and Gottweis, Juraj and Sayres, Rory and Wulczyn, Ellery and Hou, Le and Clark, Kevin and Pfohl, Stephen and Cole-Lewis, Heather and Neal, Darlene and others},
  journal={arXiv preprint arXiv:2305.09617},
  year={2023}
}



@article{lee2020biobert,
  title={BioBERT: a pre-trained biomedical language representation model for biomedical text mining},
  author={Lee, Jinhyuk and Yoon, Wonjin and Kim, Sungdong and Kim, Donghyeon and Kim, Sunkyu and So, Chan Ho and Kang, Jaewoo},
  journal={Bioinformatics},
  volume={36},
  number={4},
  pages={1234--1240},
  year={2020},
  publisher={Oxford University Press}
}

@inproceedings{li2023large,
  title={Large language models in finance: A survey},
  author={Li, Yinheng and Wang, Shaofei and Ding, Han and Chen, Hang},
  booktitle={Proceedings of the fourth ACM international conference on AI in finance},
  pages={374--382},
  year={2023}
}

@article{wang2023fingpt,
  title={Fingpt: Instruction tuning benchmark for open-source large language models in financial datasets},
  author={Wang, Neng and Yang, Hongyang and Wang, Christina Dan},
  journal={arXiv preprint arXiv:2310.04793},
  year={2023}
}



@article{minaee2024large,
  title={Large language models: A survey},
  author={Minaee, Shervin and Mikolov, Tomas and Nikzad, Narjes and Chenaghlu, Meysam and Socher, Richard and Amatriain, Xavier and Gao, Jianfeng},
  journal={arXiv preprint arXiv:2402.06196},
  year={2024}
}


@article{pudasaini2024survey,
  title={Survey on Plagiarism Detection in Large Language Models: The Impact of ChatGPT and Gemini on Academic Integrity},
  author={Pudasaini, Shushanta and Miralles-Pechu{\'a}n, Luis and Lillis, David and Salvador, Marisa Llorens},
  journal={arXiv preprint arXiv:2407.13105},
  year={2024}
}


@inproceedings{reimers-2020-multilingual-sentence-bert,
  title = "Making Monolingual Sentence Embeddings Multilingual using Knowledge Distillation",
  author = "Reimers, Nils and Gurevych, Iryna",
  booktitle = "Proceedings of the 2020 Conference on Empirical Methods in Natural Language Processing",
  month = "11",
  year = "2020",
  publisher = "Association for Computational Linguistics",
  url = "https://arxiv.org/abs/2004.09813",
}


\cite{OpenAI2024} \cite{VoyageAI2024}

@inproceedings{OpenAI2024,
  title={Embeddings},
  author={OpenAI},
  year={2024},
  url={https://platform.openai.com/docs/guides/embeddings}
}

@inproceedings{VoyageAI2024,
  title={Embeddings},
  author={Voyage AI},
  year={2024},
  url={https://docs.voyageai.com/docs/embeddings}
}



@article{team2023gemini,
  title={Gemini: a family of highly capable multimodal models},
  author={Team, Gemini and Anil, Rohan and Borgeaud, Sebastian and Alayrac, Jean-Baptiste and Yu, Jiahui and Soricut, Radu and Schalkwyk, Johan and Dai, Andrew M and Hauth, Anja and Millican, Katie and others},
  journal={arXiv preprint arXiv:2312.11805},
  year={2023}
}


@inproceedings{chrysostomou2022flexible,
  title={Flexible instance-specific rationalization of nlp models},
  author={Chrysostomou, George and Aletras, Nikolaos},
  booktitle={Proceedings of the AAAI Conference on Artificial Intelligence},
  volume={36},
  number={10},
  pages={10545--10553},
  year={2022}
}


@article{tenney2019bert,
  title={BERT rediscovers the classical NLP pipeline},
  author={Tenney, I},
  journal={arXiv preprint arXiv:1905.05950},
  year={2019}
}


@article{nie2024text,
  title={When Text Embedding Meets Large Language Model: A Comprehensive Survey},
  author={Nie, Zhijie and Feng, Zhangchi and Li, Mingxin and Zhang, Cunwang and Zhang, Yanzhao and Long, Dingkun and Zhang, Richong},
  journal={arXiv preprint arXiv:2412.09165},
  year={2024}
}

@inproceedings{macavaney2019cedr,
  title={CEDR: Contextualized embeddings for document ranking},
  author={MacAvaney, Sean and Yates, Andrew and Cohan, Arman and Goharian, Nazli},
  booktitle={Proceedings of the 42nd international ACM SIGIR conference on research and development in information retrieval},
  pages={1101--1104},
  year={2019}
}


@inproceedings{sun2019bert4rec,
  title={BERT4Rec: Sequential recommendation with bidirectional encoder representations from transformer},
  author={Sun, Fei and Liu, Jun and Wu, Jian and Pei, Changhua and Lin, Xiao and Ou, Wenwu and Jiang, Peng},
  booktitle={Proceedings of the 28th ACM international conference on information and knowledge management},
  pages={1441--1450},
  year={2019}
}



@article{nghiem2024you,
  title={" You Gotta be a Doctor, Lin": An Investigation of Name-Based Bias of Large Language Models in Employment Recommendations},
  author={Nghiem, Huy and Prindle, John and Zhao, Jieyu and Daum{\'e} III, Hal},
  journal={arXiv preprint arXiv:2406.12232},
  year={2024}
}


@article{zhao2023survey,
  title={A survey of large language models},
  author={Zhao, Wayne Xin and Zhou, Kun and Li, Junyi and Tang, Tianyi and Wang, Xiaolei and Hou, Yupeng and Min, Yingqian and Zhang, Beichen and Zhang, Junjie and Dong, Zican and others},
  journal={arXiv preprint arXiv:2303.18223},
  year={2023}
}
