@article{arora2022probing,
  title={Probing pre-trained language models for cross-cultural differences in values},
  author={Arora, Arnav and Kaffee, Lucie-Aim{\'e}e and Augenstein, Isabelle},
  journal={arXiv preprint arXiv:2203.13722},
  year={2022}
}

@article{bolukbasi2016man,
  title={Man is to computer programmer as woman is to homemaker? debiasing word embeddings},
  author={Bolukbasi, Tolga and Chang, Kai-Wei and Zou, James Y and Saligrama, Venkatesh and Kalai, Adam T},
  journal={Advances in neural information processing systems},
  volume={29},
  year={2016}
}

@inproceedings{brunet2019understanding,
  title={Understanding the origins of bias in word embeddings},
  author={Brunet, Marc-Etienne and Alkalay-Houlihan, Colleen and Anderson, Ashton and Zemel, Richard},
  booktitle={International conference on machine learning},
  pages={803--811},
  year={2019},
  organization={PMLR}
}

@article{cao2023assessing,
  title={Assessing cross-cultural alignment between ChatGPT and human societies: An empirical study},
  author={Cao, Yong and Zhou, Li and Lee, Seolhwa and Cabello, Laura and Chen, Min and Hershcovich, Daniel},
  journal={arXiv preprint arXiv:2303.17466},
  year={2023}
}

@article{cheng2021fairfil,
  title={Fairfil: Contrastive neural debiasing method for pretrained text encoders},
  author={Cheng, Pengyu and Hao, Weituo and Yuan, Siyang and Si, Shijing and Carin, Lawrence},
  journal={arXiv preprint arXiv:2103.06413},
  year={2021}
}

@article{gallegos2024bias,
  title={Bias and fairness in large language models: A survey},
  author={Gallegos, Isabel O and Rossi, Ryan A and Barrow, Joe and Tanjim, Md Mehrab and Kim, Sungchul and Dernoncourt, Franck and Yu, Tong and Zhang, Ruiyi and Ahmed, Nesreen K},
  journal={Computational Linguistics},
  pages={1--79},
  year={2024},
  publisher={MIT Press 255 Main Street, 9th Floor, Cambridge, Massachusetts 02142, USA~â€¦}
}

@inproceedings{guo2022auto,
  title={Auto-debias: Debiasing masked language models with automated biased prompts},
  author={Guo, Yue and Yang, Yi and Abbasi, Ahmed},
  booktitle={Proceedings of the 60th Annual Meeting of the Association for Computational Linguistics (Volume 1: Long Papers)},
  pages={1012--1023},
  year={2022}
}

@article{kaneko2021debiasing,
  title={Debiasing pre-trained contextualised embeddings},
  author={Kaneko, Masahiro and Bollegala, Danushka},
  journal={arXiv preprint arXiv:2101.09523},
  year={2021}
}

@article{kenneweg2024debiasing,
  title={Debiasing Sentence Embedders through Contrastive Word Pairs},
  author={Kenneweg, Philip and Schr{\"o}der, Sarah and Schulz, Alexander and Hammer, Barbara},
  journal={arXiv preprint arXiv:2403.18555},
  year={2024}
}

@article{li2023survey,
  title={A survey on fairness in large language models},
  author={Li, Yingji and Du, Mengnan and Song, Rui and Wang, Xin and Wang, Ying},
  journal={arXiv preprint arXiv:2308.10149},
  year={2023}
}

@article{manvi2024large,
  title={Large language models are geographically biased},
  author={Manvi, Rohin and Khanna, Samar and Burke, Marshall and Lobell, David and Ermon, Stefano},
  journal={arXiv preprint arXiv:2402.02680},
  year={2024}
}

@article{may2019measuring,
  title={On measuring social biases in sentence encoders},
  author={May, Chandler and Wang, Alex and Bordia, Shikha and Bowman, Samuel R and Rudinger, Rachel},
  journal={arXiv preprint arXiv:1903.10561},
  year={2019}
}

@article{naous2023having,
  title={Having beer after prayer? measuring cultural bias in large language models},
  author={Naous, Tarek and Ryan, Michael J and Ritter, Alan and Xu, Wei},
  journal={arXiv preprint arXiv:2305.14456},
  year={2023}
}

@article{ngo2021mitigating,
  title={Mitigating harm in language models with conditional-likelihood filtration.(Aug},
  author={Ngo, Helen and Cooper Raterink, Jo{\~a}o G M Ara{\'u}jo and Zhang, Ivan and Chen, Carol and Morisot, Adrien and Frosst, Nicholas},
  journal={arXiv preprint arXiv:2108.07790},
  year={2021}
}

@article{nikolaev2023representation,
  title={Representation biases in sentence transformers},
  author={Nikolaev, Dmitry and Pad{\'o}, Sebastian},
  journal={arXiv preprint arXiv:2301.13039},
  year={2023}
}

@article{rakivnenko2024bias,
  title={Bias in Text Embedding Models},
  author={Rakivnenko, Vasyl and Maslej, Nestor and Cervi, Jessica and Zhukov, Volodymyr},
  journal={arXiv preprint arXiv:2406.12138},
  year={2024}
}

@article{ramezani2023knowledge,
  title={Knowledge of cultural moral norms in large language models},
  author={Ramezani, Aida and Xu, Yang},
  journal={arXiv preprint arXiv:2306.01857},
  year={2023}
}

@article{schwobel2023geographical,
  title={Geographical Erasure in Language Generation},
  author={Schw{\"o}bel, Pola and Golebiowski, Jacek and Donini, Michele and Archambeau, C{\'e}dric and Pruthi, Danish},
  journal={arXiv preprint arXiv:2310.14777},
  year={2023}
}

