@String(PAMI = {IEEE Trans. Pattern Anal. Mach. Intell.})
@String(IJCV = {Int. J. Comput. Vis.})
@String(CVPR= {IEEE Conf. Comput. Vis. Pattern Recog.})
@String(ICCV= {Int. Conf. Comput. Vis.})
@String(ECCV= {Eur. Conf. Comput. Vis.})
@String(NIPS= {Adv. Neural Inform. Process. Syst.})
@String(ICPR = {Int. Conf. Pattern Recog.})
@String(BMVC= {Brit. Mach. Vis. Conf.})
@String(TOG= {ACM Trans. Graph.})
@String(TIP  = {IEEE Trans. Image Process.})
@String(TVCG  = {IEEE Trans. Vis. Comput. Graph.})
@String(TMM  = {IEEE Trans. Multimedia})
@String(ACMMM= {ACM Int. Conf. Multimedia})
@String(ICME = {Int. Conf. Multimedia and Expo})
@String(ICASSP=	{ICASSP})
@String(ICIP = {IEEE Int. Conf. Image Process.})
@String(ACCV  = {ACCV})
@String(ICLR = {Int. Conf. Learn. Represent.})
@String(IJCAI = {IJCAI})
@String(PR   = {Pattern Recognition})
@String(AAAI = {AAAI})
@String(CVPRW= {IEEE Conf. Comput. Vis. Pattern Recog. Worksh.})
@String(CSVT = {IEEE Trans. Circuit Syst. Video Technol.})

@String(SPL	= {IEEE Sign. Process. Letters})
@String(VR   = {Vis. Res.})
@String(JOV	 = {J. Vis.})
@String(TVC  = {The Vis. Comput.})
@String(JCST  = {J. Comput. Sci. Tech.})
@String(CGF  = {Comput. Graph. Forum})
@String(CVM = {Computational Visual Media})


@String(PAMI  = {IEEE TPAMI})
@String(IJCV  = {IJCV})
@String(CVPR  = {CVPR})
@String(ICCV  = {ICCV})
@String(ECCV  = {ECCV})
@String(NIPS  = {NeurIPS})
@String(ICPR  = {ICPR})
@String(BMVC  =	{BMVC})
@String(TOG   = {ACM TOG})
@String(TIP   = {IEEE TIP})
@String(TVCG  = {IEEE TVCG})
@String(TCSVT = {IEEE TCSVT})
@String(TMM   =	{IEEE TMM})
@String(ACMMM = {ACM MM})
@String(ICME  =	{ICME})
@String(ICASSP=	{ICASSP})
@String(ICIP  = {ICIP})
@String(ACCV  = {ACCV})
@String(ICLR  = {ICLR})
@String(IJCAI = {IJCAI})
@String(PR = {PR})
@String(AAAI = {AAAI})
@String(CVPRW= {CVPRW})
@String(CSVT = {IEEE TCSVT})

@inproceedings{YangGANARL,
  author={Yang, Fan and Yang, Chao and Guo, Di and Liu, Huaping and Sun, Fuchun},
  booktitle={2021 IEEE 11th Annual International Conference on CYBER Technology in Automation, Control, and Intelligent Systems (CYBER)}, 
  title={Fault-Aware Robust Control via Adversarial Reinforcement Learning}, 
  year=2021,
  volume={},
  number={},
  pages={109-115},
  keywords={Robust control;Resistance;Automation;Conferences;Reinforcement learning;Control systems;Robustness},
  doi={10.1109/CYBER53097.2021.9588329}
}

@article{Cully_2015,
   title={Robots that can adapt like animals},
   volume={521},
   ISSN={1476-4687},
   url={http://dx.doi.org/10.1038/nature14422},
   DOI={10.1038/nature14422},
   number={7553},
   journal={Nature},
   publisher={Springer Science and Business Media LLC},
   author={Cully, Antoine and Clune, Jeff and Tarapore, Danesh and Mouret, Jean-Baptiste},
   year={2015},
   month=may, pages={503–507} }

@inproceedings{ChenFADM,
  author={Chen, Ci and Wang, Dongqi and Yu, Jiyu and Xiang, Pingyu and Lu, Haojian and Wang, Yue and Xiong, Rong},
  booktitle={2022 IEEE International Conference on Real-time Computing and Robotics (RCAR)}, 
  title={Fast Adaptation Dynamics Model for Robot’s Damage Recovery}, 
  year={2022},
  volume={},
  number={},
  pages={45-50},
  keywords={Legged locomotion;Training;Adaptation models;Monte Carlo methods;Dynamics;Supervised learning;Reinforcement learning},
  doi={10.1109/RCAR54675.2022.9872230}}

@article{Kaushik2010,
  author = {Kaushik, D. and High, R. and Clark, C. J. and LaGrange, C. A.},
  title = {Malfunction of the Da Vinci robotic system during robot-assisted laparoscopic prostatectomy: an international survey},
  journal = {Journal of Endourology},
  year = {2010},
  month = {April},
  volume = {24},
  number = {4},
  pages = {571--575},
  doi = {10.1089/end.2009.0489},
  pmid = {20192613}
}

@misc{kume2017mapbasedmultipolicyreinforcementlearning,
      title={Map-based Multi-Policy Reinforcement Learning: Enhancing Adaptability of Robots by Deep Reinforcement Learning}, 
      author={Ayaka Kume and Eiichi Matsumoto and Kuniyuki Takahashi and Wilson Ko and Jethro Tan},
      year={2017},
      eprint={1710.06117},
      archivePrefix={arXiv},
      primaryClass={cs.RO},
      url={https://arxiv.org/abs/1710.06117}, 
}

@misc{raileanu2020fastadaptationpolicydynamicsvalue,
      title={Fast Adaptation via Policy-Dynamics Value Functions}, 
      author={Roberta Raileanu and Max Goldstein and Arthur Szlam and Rob Fergus},
      year={2020},
      eprint={2007.02879},
      archivePrefix={arXiv},
      primaryClass={cs.LG},
      url={https://arxiv.org/abs/2007.02879}, 
}


@misc{nagabandi2019learningadaptdynamicrealworld,
      title={Learning to Adapt in Dynamic, Real-World Environments Through Meta-Reinforcement Learning}, 
      author={Anusha Nagabandi and Ignasi Clavera and Simin Liu and Ronald S. Fearing and Pieter Abbeel and Sergey Levine and Chelsea Finn},
      year={2019},
      eprint={1803.11347},
      archivePrefix={arXiv},
      primaryClass={cs.LG},
      url={https://arxiv.org/abs/1803.11347}, 
}



@misc{vaswani2023attentionneed,
      title={Attention Is All You Need}, 
      author={Ashish Vaswani and Noam Shazeer and Niki Parmar and Jakob Uszkoreit and Llion Jones and Aidan N. Gomez and Lukasz Kaiser and Illia Polosukhin},
      year={2023},
      eprint={1706.03762},
      archivePrefix={arXiv},
      primaryClass={cs.CL},
      url={https://arxiv.org/abs/1706.03762}, 
}

@misc{dosovitskiy2021imageworth16x16words,
      title={An Image is Worth 16x16 Words: Transformers for Image Recognition at Scale}, 
      author={Alexey Dosovitskiy and Lucas Beyer and Alexander Kolesnikov and Dirk Weissenborn and Xiaohua Zhai and Thomas Unterthiner and Mostafa Dehghani and Matthias Minderer and Georg Heigold and Sylvain Gelly and Jakob Uszkoreit and Neil Houlsby},
      year={2021},
      eprint={2010.11929},
      archivePrefix={arXiv},
      primaryClass={cs.CV},
      url={https://arxiv.org/abs/2010.11929}, 
}

@misc{radosavovic2024humanoidlocomotiontokenprediction,
      title={Humanoid Locomotion as Next Token Prediction}, 
      author={Ilija Radosavovic and Bike Zhang and Baifeng Shi and Jathushan Rajasegaran and Sarthak Kamat and Trevor Darrell and Koushil Sreenath and Jitendra Malik},
      year={2024},
      eprint={2402.19469},
      archivePrefix={arXiv},
      primaryClass={cs.RO},
      url={https://arxiv.org/abs/2402.19469}, 
}

@misc{chen2021decisiontransformerreinforcementlearning,
      title={Decision Transformer: Reinforcement Learning via Sequence Modeling}, 
      author={Lili Chen and Kevin Lu and Aravind Rajeswaran and Kimin Lee and Aditya Grover and Michael Laskin and Pieter Abbeel and Aravind Srinivas and Igor Mordatch},
      year={2021},
      eprint={2106.01345},
      archivePrefix={arXiv},
      primaryClass={cs.LG},
      url={https://arxiv.org/abs/2106.01345}, 
}

@misc{sferrazza2024bodytransformerleveragingrobot,
      title={Body Transformer: Leveraging Robot Embodiment for Policy Learning}, 
      author={Carmelo Sferrazza and Dun-Ming Huang and Fangchen Liu and Jongmin Lee and Pieter Abbeel},
      year={2024},
      eprint={2408.06316},
      archivePrefix={arXiv},
      primaryClass={cs.RO},
      url={https://arxiv.org/abs/2408.06316}, 
}

@misc{kurin2021bodycagerolemorphology,
      title={My Body is a Cage: the Role of Morphology in Graph-Based Incompatible Control}, 
      author={Vitaly Kurin and Maximilian Igl and Tim Rocktäschel and Wendelin Boehmer and Shimon Whiteson},
      year={2021},
      eprint={2010.01856},
      archivePrefix={arXiv},
      primaryClass={cs.LG},
      url={https://arxiv.org/abs/2010.01856}, 
}

@misc{gupta2022metamorphlearninguniversalcontrollers,
      title={MetaMorph: Learning Universal Controllers with Transformers}, 
      author={Agrim Gupta and Linxi Fan and Surya Ganguli and Li Fei-Fei},
      year={2022},
      eprint={2203.11931},
      archivePrefix={arXiv},
      primaryClass={cs.LG},
      url={https://arxiv.org/abs/2203.11931}, 
}

@inproceedings{qi2022high,
  title={High-quality entity segmentation},
  author={Qi, Lu and Kuen, Jason and Guo, Weidong and Shen, Tiancheng and Gu, Jiuxiang and Jia, Jiaya and Lin, Zhe and Yang, Ming-Hsuan},
  booktitle={ICCV},
  year={2023}
}

@inproceedings{wan2024vint,
  title={Vint-6d: A large-scale object-in-hand dataset from vision, touch and proprioception},
  author={Wan, Zhaoliang and Ling, Yonggen and Yi, Senlin and Qi, Lu and Lee, Wangwei and Lu, Minglei and Yang, Sicheng and Teng, Xiao and Lu, Peng and Yang, Xu and others},
  booktitle={ICML},
  year={2024}
}

@inproceedings{hong2022structureaware,
title={Structure-Aware Transformer Policy for Inhomogeneous Multi-Task Reinforcement Learning},
author={Sunghoon Hong and Deunsol Yoon and Kee-Eung Kim},
booktitle={International Conference on Learning Representations},
year={2022},
url={https://openreview.net/forum?id=fy_XRVHqly}
}

@misc{guo2023decentralizedmotorskilllearning,
      title={Decentralized Motor Skill Learning for Complex Robotic Systems}, 
      author={Yanjiang Guo and Zheyuan Jiang and Yen-Jen Wang and Jingyue Gao and Jianyu Chen},
      year={2023},
      eprint={2306.17411},
      archivePrefix={arXiv},
      primaryClass={cs.RO},
      url={https://arxiv.org/abs/2306.17411}, 
}

@article{A2022ReinforcementLB,
  title={Reinforcement Learning based Control of a Quadruped Robot},
  author={Ancy A and V. R. Jisha},
  journal={2022 IEEE 19th India Council International Conference (INDICON)},
  year={2022},
  pages={1-6},
  url={https://api.semanticscholar.org/CorpusID:256945713}
}

@misc{strudel2020learningcombineprimitiveskills,
      title={Learning to combine primitive skills: A step towards versatile robotic manipulation}, 
      author={Robin Strudel and Alexander Pashevich and Igor Kalevatykh and Ivan Laptev and Josef Sivic and Cordelia Schmid},
      year={2020},
      eprint={1908.00722},
      archivePrefix={arXiv},
      primaryClass={cs.LG},
      url={https://arxiv.org/abs/1908.00722}, 
}

@misc{tang2020learningagilelocomotionadversarial,
      title={Learning Agile Locomotion via Adversarial Training}, 
      author={Yujin Tang and Jie Tan and Tatsuya Harada},
      year={2020},
      eprint={2008.00603},
      archivePrefix={arXiv},
      primaryClass={cs.RO},
      url={https://arxiv.org/abs/2008.00603}, 
}

@INPROCEEDINGS{9249654,
  author={Nwaonumah, Ezebuugo and Samanta, Biswanath},
  booktitle={2020 SoutheastCon}, 
  title={Deep Reinforcement Learning For Visual Navigation of Wheeled Mobile Robots}, 
  year={2020},
  volume={},
  number={},
  pages={1-8},
  keywords={Training;Visualization;Navigation;Computational modeling;Instruction sets;Neural networks;Reinforcement learning;asynchronous advantage actor-critic (A3C);convolutional neural network (CNN);deep neural network (DNN);deep reinforcement learning (DRL);machine learning (ML);mapless navigation;reinforcement learning (RL);ResNet50;robotics;robot operating system (ROS)},
  doi={10.1109/SoutheastCon44009.2020.9249654}}


@INPROCEEDINGS{1044017,
  author={Kawabata, K. and Akamatsu, T. and Asama, H.},
  booktitle={IEEE/RSJ International Conference on Intelligent Robots and Systems}, 
  title={A study of self-diagnosis system of an autonomous mobile robot: expansion of state sensory systems}, 
  year={2002},
  volume={2},
  number={},
  pages={1802-1807 vol.2},
  keywords={Mobile robots;Robot sensing systems;Intelligent robots;Intelligent systems;Intelligent sensors;Fatigue;Mechanical engineering;Prototypes;Testing;Control systems},
  doi={10.1109/IRDS.2002.1044017}}

@ARTICLE{9015985,
  author={Grimminger, Felix and Meduri, Avadesh and Khadiv, Majid and Viereck, Julian and Wüthrich, Manuel and Naveau, Maximilien and Berenz, Vincent and Heim, Steve and Widmaier, Felix and Flayols, Thomas and Fiene, Jonathan and Badri-Spröwitz, Alexander and Righetti, Ludovic},
  journal={IEEE Robotics and Automation Letters}, 
  title={An Open Torque-Controlled Modular Robot Architecture for Legged Locomotion Research}, 
  year={2020},
  volume={5},
  number={2},
  pages={3650-3657},
  keywords={Legged locomotion;Robot sensing systems;Brushless motors;Actuators;Force control;Legged robots;compliance and impedance control;actuation and joint mechanisms;force control},
  doi={10.1109/LRA.2020.2976639}}


@article{Guan2015FaultSF,
  title={Fault Self-Diagnosis for Modular Robotic Systems Using M-Lattice Modules},
  author={Enguang Guan and Jian Fei and Gen Pan and Zhuang Fu and Weixin Yan and Yanzheng Zhao},
  journal={International Journal of Advanced Robotic Systems},
  year={2015},
  volume={12},
  url={https://api.semanticscholar.org/CorpusID:43325716}
}

@misc{hou2024multitasklearningactivefaulttolerant,
      title={Multi-Task Learning of Active Fault-Tolerant Controller for Leg Failures in Quadruped robots}, 
      author={Taixian Hou and Jiaxin Tu and Xiaofei Gao and Zhiyan Dong and Peng Zhai and Lihua Zhang},
      year={2024},
      eprint={2402.08996},
      archivePrefix={arXiv},
      primaryClass={cs.RO},
      url={https://arxiv.org/abs/2402.08996}, 
}

@ARTICLE{10598356,
  author={Chen, Ci and Li, Chao and Lu, Haojian and Wang, Yue and Xiong, Rong},
  journal={IEEE Transactions on Automation Science and Engineering}, 
  title={Meta Reinforcement Learning of Locomotion Policy for Quadruped Robots With Motor Stuck}, 
  year={2024},
  volume={},
  number={},
  pages={1-15},
  keywords={Robots;Task analysis;Quadrupedal robots;Fault tolerant systems;Fault tolerance;Legged locomotion;Training;Meta reinforcement learning;quadruped robots;fault tolerance},
  doi={10.1109/TASE.2024.3424328}}


@misc{quamar2024reviewfaultdiagnosisfaulttolerant,
      title={Review on Fault Diagnosis and Fault-Tolerant Control Scheme for Robotic Manipulators: Recent Advances in AI, Machine Learning, and Digital Twin}, 
      author={Md Muzakkir Quamar and Ali Nasir},
      year={2024},
      eprint={2402.02980},
      archivePrefix={arXiv},
      primaryClass={cs.RO},
      url={https://arxiv.org/abs/2402.02980}, 
}


@article{signalfault,
author = {Dai, Juying and Tang, Jian and Huang, Shuzhan and Wang, Yangyang},
year = {2019},
month = {12},
pages = {},
title = {Signal-Based Intelligent Hydraulic Fault Diagnosis Methods: Review and Prospects},
volume = {32},
journal = {Chinese Journal of Mechanical Engineering},
doi = {10.1186/s10033-019-0388-9}
}

@misc{makoviychuk2021isaacgymhighperformance,
      title={Isaac Gym: High Performance GPU-Based Physics Simulation For Robot Learning}, 
      author={Viktor Makoviychuk and Lukasz Wawrzyniak and Yunrong Guo and Michelle Lu and Kier Storey and Miles Macklin and David Hoeller and Nikita Rudin and Arthur Allshire and Ankur Handa and Gavriel State},
      year={2021},
      eprint={2108.10470},
      archivePrefix={arXiv},
      primaryClass={cs.RO},
      url={https://arxiv.org/abs/2108.10470}, 
}

@inproceedings{zhuang2023robot,
  author    = {Zhuang, Ziwen and Fu, Zipeng and Wang, Jianren and Atkeson, Christopher and Schwertfeger, Sören and Finn, Chelsea and Zhao, Hang},
  title     = {Robot Parkour Learning},
  booktitle = {Conference on Robot Learning ({CoRL})},
  year      = {2023},
}

@misc{rudin2022learningwalkminutesusing,
      title={Learning to Walk in Minutes Using Massively Parallel Deep Reinforcement Learning}, 
      author={Nikita Rudin and David Hoeller and Philipp Reist and Marco Hutter},
      year={2022},
      eprint={2109.11978},
      archivePrefix={arXiv},
      primaryClass={cs.RO},
      url={https://arxiv.org/abs/2109.11978}, 
}

@misc{schulman2017proximalpolicyoptimizationalgorithms,
      title={Proximal Policy Optimization Algorithms}, 
      author={John Schulman and Filip Wolski and Prafulla Dhariwal and Alec Radford and Oleg Klimov},
      year={2017},
      eprint={1707.06347},
      archivePrefix={arXiv},
      primaryClass={cs.LG},
      url={https://arxiv.org/abs/1707.06347}, 
}

@article{Bellicoso2018AdvancesIR,
  title={Advances in real‐world applications for legged robots},
  author={Dario Bellicoso and Marko Bjelonic and Lorenz Wellhausen and Kai Holtmann and Fabian G{\"u}nther and Marco Tranzatto and P{\'e}ter Fankhauser and Marco Hutter},
  journal={Journal of Field Robotics},
  year={2018},
  volume={35},
  pages={1311 - 1326},
  url={https://api.semanticscholar.org/CorpusID:117305362}
}

@article{Hutter2017ANYmalT,
  title={ANYmal - toward legged robots for harsh environments},
  author={Marco Hutter and Christian Gehring and Andreas Lauber and Fabian G{\"u}nther and Dario Bellicoso and Vassilios Tsounis and P{\'e}ter Fankhauser and Remo Diethelm and Samuel Bachmann and Michael Bl{\"o}sch and Hendrik Kolvenbach and Marko Bjelonic and Linus Isler and Konrad Meyer},
  journal={Advanced Robotics},
  year={2017},
  volume={31},
  pages={918 - 931},
  url={https://api.semanticscholar.org/CorpusID:46863449}
}

@misc{wensing2022optimizationbasedcontroldynamiclegged,
      title={Optimization-Based Control for Dynamic Legged Robots}, 
      author={Patrick M. Wensing and Michael Posa and Yue Hu and Adrien Escande and Nicolas Mansard and Andrea Del Prete},
      year={2022},
      eprint={2211.11644},
      archivePrefix={arXiv},
      primaryClass={cs.RO},
      url={https://arxiv.org/abs/2211.11644}, 
}

@ARTICLE{6930798,
  author={Hutter, Marco and Gehring, Christian and Höpflinger, Mark A. and Blösch, Michael and Siegwart, Roland},
  journal={IEEE Transactions on Robotics}, 
  title={Toward Combining Speed, Efficiency, Versatility, and Robustness in an Autonomous Quadruped}, 
  year={2014},
  volume={30},
  number={6},
  pages={1427-1440},
  keywords={Mobile robots;Legged locomotion;Robustness;Robot sensing systems;Torque;Compliant system;dynamic locomotion;legged robots;quadruped robot;series elastic actuation;Compliant system;dynamic locomotion;legged robots;quadruped robot;series elastic actuation},
  doi={10.1109/TRO.2014.2360493}}


@article{CHAI2022100029,
title = {A survey of the development of quadruped robots: Joint configuration, dynamic locomotion control method and mobile manipulation approach},
journal = {Biomimetic Intelligence and Robotics},
volume = {2},
number = {1},
pages = {100029},
year = {2022},
issn = {2667-3797},
doi = {https://doi.org/10.1016/j.birob.2021.100029},
url = {https://www.sciencedirect.com/science/article/pii/S2667379721000292},
author = {Hui Chai and Yibin Li and Rui Song and Guoteng Zhang and Qin Zhang and Song Liu and Jinmian Hou and Yaxian Xin and Ming Yuan and Guoxuan Zhang and Zhiyuan Yang},
keywords = {Quadruped robot, Joint configuration, Dynamic locomotion control, Mobile manipulation, Hyper-bio-inspired mechanism design},
abstract = {Some quadruped robots developed recently show better dynamic performance and environmental adaptability than ever, and have been preliminarily applied in the field of emergency disposal, military reconnaissance and infrastructure construction. The development route, mechanisms design, control methods and mobile manipulating approaches of the quadruped robots are surveyed in this article. Firstly, the development route of the quadruped robot is combed, as the references of the forecast of the future work on quadruped robots. Then the bionic structure and the motion control method of the quadruped robot is summarized, the advantages and disadvantages are analyzed in aspects of gait switching, terrain adaption and disturbance resistance. Subsequently, aiming at the mobile manipulation of the quadruped robot, the representative leg-arm collaborative robots and the multi-task-oriented Whole-body Control (WBC) methods are introduced. Finally, the summary and future work of the quadruped robots is given.}
}