@INPROCEEDINGS{1044017,
  author={Kawabata, K. and Akamatsu, T. and Asama, H.},
  booktitle={IEEE/RSJ International Conference on Intelligent Robots and Systems}, 
  title={A study of self-diagnosis system of an autonomous mobile robot: expansion of state sensory systems}, 
  year={2002},
  volume={2},
  number={},
  pages={1802-1807 vol.2},
  keywords={Mobile robots;Robot sensing systems;Intelligent robots;Intelligent systems;Intelligent sensors;Fatigue;Mechanical engineering;Prototypes;Testing;Control systems},
  doi={10.1109/IRDS.2002.1044017}}

@INPROCEEDINGS{9249654,
  author={Nwaonumah, Ezebuugo and Samanta, Biswanath},
  booktitle={2020 SoutheastCon}, 
  title={Deep Reinforcement Learning For Visual Navigation of Wheeled Mobile Robots}, 
  year={2020},
  volume={},
  number={},
  pages={1-8},
  keywords={Training;Visualization;Navigation;Computational modeling;Instruction sets;Neural networks;Reinforcement learning;asynchronous advantage actor-critic (A3C);convolutional neural network (CNN);deep neural network (DNN);deep reinforcement learning (DRL);machine learning (ML);mapless navigation;reinforcement learning (RL);ResNet50;robotics;robot operating system (ROS)},
  doi={10.1109/SoutheastCon44009.2020.9249654}}

@article{A2022ReinforcementLB,
  title={Reinforcement Learning based Control of a Quadruped Robot},
  author={Ancy A and V. R. Jisha},
  journal={2022 IEEE 19th India Council International Conference (INDICON)},
  year={2022},
  pages={1-6},
  url={https://api.semanticscholar.org/CorpusID:256945713}
}

@inproceedings{ChenFADM,
  author={Chen, Ci and Wang, Dongqi and Yu, Jiyu and Xiang, Pingyu and Lu, Haojian and Wang, Yue and Xiong, Rong},
  booktitle={2022 IEEE International Conference on Real-time Computing and Robotics (RCAR)}, 
  title={Fast Adaptation Dynamics Model for Robot’s Damage Recovery}, 
  year={2022},
  volume={},
  number={},
  pages={45-50},
  keywords={Legged locomotion;Training;Adaptation models;Monte Carlo methods;Dynamics;Supervised learning;Reinforcement learning},
  doi={10.1109/RCAR54675.2022.9872230}}

@article{Guan2015FaultSF,
  title={Fault Self-Diagnosis for Modular Robotic Systems Using M-Lattice Modules},
  author={Enguang Guan and Jian Fei and Gen Pan and Zhuang Fu and Weixin Yan and Yanzheng Zhao},
  journal={International Journal of Advanced Robotic Systems},
  year={2015},
  volume={12},
  url={https://api.semanticscholar.org/CorpusID:43325716}
}

@inproceedings{YangGANARL,
  author={Yang, Fan and Yang, Chao and Guo, Di and Liu, Huaping and Sun, Fuchun},
  booktitle={2021 IEEE 11th Annual International Conference on CYBER Technology in Automation, Control, and Intelligent Systems (CYBER)}, 
  title={Fault-Aware Robust Control via Adversarial Reinforcement Learning}, 
  year=2021,
  volume={},
  number={},
  pages={109-115},
  keywords={Robust control;Resistance;Automation;Conferences;Reinforcement learning;Control systems;Robustness},
  doi={10.1109/CYBER53097.2021.9588329}
}

@misc{chen2021decisiontransformerreinforcementlearning,
      title={Decision Transformer: Reinforcement Learning via Sequence Modeling}, 
      author={Lili Chen and Kevin Lu and Aravind Rajeswaran and Kimin Lee and Aditya Grover and Michael Laskin and Pieter Abbeel and Aravind Srinivas and Igor Mordatch},
      year={2021},
      eprint={2106.01345},
      archivePrefix={arXiv},
      primaryClass={cs.LG},
      url={https://arxiv.org/abs/2106.01345}, 
}

@misc{dosovitskiy2021imageworth16x16words,
      title={An Image is Worth 16x16 Words: Transformers for Image Recognition at Scale}, 
      author={Alexey Dosovitskiy and Lucas Beyer and Alexander Kolesnikov and Dirk Weissenborn and Xiaohua Zhai and Thomas Unterthiner and Mostafa Dehghani and Matthias Minderer and Georg Heigold and Sylvain Gelly and Jakob Uszkoreit and Neil Houlsby},
      year={2021},
      eprint={2010.11929},
      archivePrefix={arXiv},
      primaryClass={cs.CV},
      url={https://arxiv.org/abs/2010.11929}, 
}

@misc{guo2023decentralizedmotorskilllearning,
      title={Decentralized Motor Skill Learning for Complex Robotic Systems}, 
      author={Yanjiang Guo and Zheyuan Jiang and Yen-Jen Wang and Jingyue Gao and Jianyu Chen},
      year={2023},
      eprint={2306.17411},
      archivePrefix={arXiv},
      primaryClass={cs.RO},
      url={https://arxiv.org/abs/2306.17411}, 
}

@misc{gupta2022metamorphlearninguniversalcontrollers,
      title={MetaMorph: Learning Universal Controllers with Transformers}, 
      author={Agrim Gupta and Linxi Fan and Surya Ganguli and Li Fei-Fei},
      year={2022},
      eprint={2203.11931},
      archivePrefix={arXiv},
      primaryClass={cs.LG},
      url={https://arxiv.org/abs/2203.11931}, 
}

@inproceedings{hong2022structureaware,
title={Structure-Aware Transformer Policy for Inhomogeneous Multi-Task Reinforcement Learning},
author={Sunghoon Hong and Deunsol Yoon and Kee-Eung Kim},
booktitle={International Conference on Learning Representations},
year={2022},
url={https://openreview.net/forum?id=fy_XRVHqly}
}

@misc{kume2017mapbasedmultipolicyreinforcementlearning,
      title={Map-based Multi-Policy Reinforcement Learning: Enhancing Adaptability of Robots by Deep Reinforcement Learning}, 
      author={Ayaka Kume and Eiichi Matsumoto and Kuniyuki Takahashi and Wilson Ko and Jethro Tan},
      year={2017},
      eprint={1710.06117},
      archivePrefix={arXiv},
      primaryClass={cs.RO},
      url={https://arxiv.org/abs/1710.06117}, 
}

@misc{kurin2021bodycagerolemorphology,
      title={My Body is a Cage: the Role of Morphology in Graph-Based Incompatible Control}, 
      author={Vitaly Kurin and Maximilian Igl and Tim Rocktäschel and Wendelin Boehmer and Shimon Whiteson},
      year={2021},
      eprint={2010.01856},
      archivePrefix={arXiv},
      primaryClass={cs.LG},
      url={https://arxiv.org/abs/2010.01856}, 
}

@misc{nagabandi2019learningadaptdynamicrealworld,
      title={Learning to Adapt in Dynamic, Real-World Environments Through Meta-Reinforcement Learning}, 
      author={Anusha Nagabandi and Ignasi Clavera and Simin Liu and Ronald S. Fearing and Pieter Abbeel and Sergey Levine and Chelsea Finn},
      year={2019},
      eprint={1803.11347},
      archivePrefix={arXiv},
      primaryClass={cs.LG},
      url={https://arxiv.org/abs/1803.11347}, 
}

@inproceedings{qi2022high,
  title={High-quality entity segmentation},
  author={Qi, Lu and Kuen, Jason and Guo, Weidong and Shen, Tiancheng and Gu, Jiuxiang and Jia, Jiaya and Lin, Zhe and Yang, Ming-Hsuan},
  booktitle={ICCV},
  year={2023}
}

@misc{radosavovic2024humanoidlocomotiontokenprediction,
      title={Humanoid Locomotion as Next Token Prediction}, 
      author={Ilija Radosavovic and Bike Zhang and Baifeng Shi and Jathushan Rajasegaran and Sarthak Kamat and Trevor Darrell and Koushil Sreenath and Jitendra Malik},
      year={2024},
      eprint={2402.19469},
      archivePrefix={arXiv},
      primaryClass={cs.RO},
      url={https://arxiv.org/abs/2402.19469}, 
}

@misc{raileanu2020fastadaptationpolicydynamicsvalue,
      title={Fast Adaptation via Policy-Dynamics Value Functions}, 
      author={Roberta Raileanu and Max Goldstein and Arthur Szlam and Rob Fergus},
      year={2020},
      eprint={2007.02879},
      archivePrefix={arXiv},
      primaryClass={cs.LG},
      url={https://arxiv.org/abs/2007.02879}, 
}

@misc{sferrazza2024bodytransformerleveragingrobot,
      title={Body Transformer: Leveraging Robot Embodiment for Policy Learning}, 
      author={Carmelo Sferrazza and Dun-Ming Huang and Fangchen Liu and Jongmin Lee and Pieter Abbeel},
      year={2024},
      eprint={2408.06316},
      archivePrefix={arXiv},
      primaryClass={cs.RO},
      url={https://arxiv.org/abs/2408.06316}, 
}

@misc{strudel2020learningcombineprimitiveskills,
      title={Learning to combine primitive skills: A step towards versatile robotic manipulation}, 
      author={Robin Strudel and Alexander Pashevich and Igor Kalevatykh and Ivan Laptev and Josef Sivic and Cordelia Schmid},
      year={2020},
      eprint={1908.00722},
      archivePrefix={arXiv},
      primaryClass={cs.LG},
      url={https://arxiv.org/abs/1908.00722}, 
}

@misc{tang2020learningagilelocomotionadversarial,
      title={Learning Agile Locomotion via Adversarial Training}, 
      author={Yujin Tang and Jie Tan and Tatsuya Harada},
      year={2020},
      eprint={2008.00603},
      archivePrefix={arXiv},
      primaryClass={cs.RO},
      url={https://arxiv.org/abs/2008.00603}, 
}

@misc{vaswani2023attentionneed,
      title={Attention Is All You Need}, 
      author={Ashish Vaswani and Noam Shazeer and Niki Parmar and Jakob Uszkoreit and Llion Jones and Aidan N. Gomez and Lukasz Kaiser and Illia Polosukhin},
      year={2023},
      eprint={1706.03762},
      archivePrefix={arXiv},
      primaryClass={cs.CL},
      url={https://arxiv.org/abs/1706.03762}, 
}

@inproceedings{wan2024vint,
  title={Vint-6d: A large-scale object-in-hand dataset from vision, touch and proprioception},
  author={Wan, Zhaoliang and Ling, Yonggen and Yi, Senlin and Qi, Lu and Lee, Wangwei and Lu, Minglei and Yang, Sicheng and Teng, Xiao and Lu, Peng and Yang, Xu and others},
  booktitle={ICML},
  year={2024}
}

