% Long form of conference & journal abbreviations -- especially for camera ready
@String(PAMI  = {IEEE Trans. Pattern Anal. Mach. Intell.})
@String(IJCV  = {Int. J. Comput. Vis.})
@String(CVPR  = {IEEE Conf. Comput. Vis. Pattern Recog.})
@String(ICCV  = {Int. Conf. Comput. Vis.})
@String(ECCV  = {Eur. Conf. Comput. Vis.})
@String(NeurIPS = {Adv. Neural Inform. Process. Syst.})
@String(ICML  = {Int. Conf. Mach. Learn.})
@String(ICLR  = {Int. Conf. Learn. Represent.})
@String(ACCV  = {Asian Conf. Comput. Vis.})
@String(BMVC  = {Brit. Mach. Vis. Conf.})
@String(CVPRW = {IEEE Conf. Comput. Vis. Pattern Recog. Worksh.})
@String(AAAI  = {AAAI})
@String(IJCAI = {IJCAI})
@String(ICIP  = {IEEE Int. Conf. Image Process.})
@String(ICPR  = {Int. Conf. Pattern Recog.})
@String(ICASSP=	{ICASSP})
@String(ICME  = {Int. Conf. Multimedia and Expo})
@String(JMLR  = {J. Mach. Learn. Res.})
@String(TMLR  = {Trans. Mach. Learn Res.})
@String(TOG   = {ACM Trans. Graph.})
@String(TIP   = {IEEE Trans. Image Process.})
@String(TVCG  = {IEEE Trans. Vis. Comput. Graph.})
@String(TCSVT = {IEEE Trans. Circuit Syst. Video Technol.})
@String(TMM   = {IEEE Trans. Multimedia})
@String(ACMMM = {ACM Int. Conf. Multimedia})
@String(PR    = {Pattern Recognition})

@String(MNI	  = {Nature Mach. Intell.})
@String(SPL	  = {IEEE Sign. Process. Letters})
@String(VR    = {Vis. Res.})
@String(JOV	  = {J. Vis.})
@String(TVC   = {The Vis. Comput.})
@String(JCST  = {J. Comput. Sci. Tech.})
@String(CGF   = {Comput. Graph. Forum})
@String(CVM   = {Computational Visual Media})


% Short form of conference & journal abbreviations -- especially for submission version
% if desired, remove these macros in favor of the above ones
@String(PAMI  = {IEEE TPAMI})
@String(IJCV  = {IJCV})
@String(CVPR  = {CVPR})
@String(ICCV  = {ICCV})
@String(ECCV  = {ECCV})
@String(NeurIPS = {NeurIPS})
@String(ICML  = {ICML})
@String(ICLR  = {ICLR})
@String(ACCV  = {ACCV})
@String(BMVC  =	{BMVC})
@String(CVPRW = {CVPRW})
@String(AAAI  = {AAAI})
@String(IJCAI = {IJCAI})
@String(ICIP  = {ICIP})
@String(ICPR  = {ICPR})
@String(ICASSP=	{ICASSP})
@String(ICME  =	{ICME})
@String(JMLR  = {JMLR})
@String(TMLR  = {TMLR})
@String(TOG   = {ACM TOG})
@String(TIP   = {IEEE TIP})
@String(TVCG  = {IEEE TVCG})
@String(TCSVT = {IEEE TCSVT})
@String(TMM   =	{IEEE TMM})
@String(ACMMM = {ACM MM})
@String(PR    = {PR})

@article{shi2021rgb,
	title={{RGB-D} semantic segmentation and label-oriented voxelgrid fusion for accurate 3{D} semantic mapping},
	author={Shi, Wenjun and Xu, Jingwei and Zhu, Dongchen and Zhang, Guanghui and Wang, Xianshun and Li, Jiamao and Zhang, Xiaolin},
	journal={IEEE Transactions on Circuits and Systems for Video Technology},
	volume={32},
	number={1},
	pages={183--197},
	year={2021},
}
@article{huang2020learning,
	title={Learning the global descriptor for 3-{D} object recognition based on multiple views decomposition},
	author={Huang, Jingjia and Yan, Wei and Li, Thomas and Liu, Shan and Li, Ge},
	journal={IEEE Transactions on Multimedia},
	volume={24},
	pages={188--201},
	year={2020},
	
}
@article{mahadevan2012biologically,
	title={Biologically inspired object tracking using center-surround saliency mechanisms},
	author={Mahadevan, Vijay and Vasconcelos, Nuno},
	journal={IEEE Transactions on Pattern Aanalysis and Machine Intelligence},
	volume={35},
	number={3},
	pages={541--554},
	year={2012},
	
}
@article{qu2017rgbd,
	title={{RGBD} salient object detection via deep fusion},
	author={Qu, Liangqiong and He, Shengfeng and Zhang, Jiawei and Tian, Jiandong and Tang, Yandong and Yang, Qingxiong},
	journal={IEEE Transactions on Image Processing},
	volume={26},
	number={5},
	pages={2274--2285},
	year={2017},
	
}
@article{wang2020three,
	title={Three-stream cross-modal feature aggregation network for light field salient object detection},
	author={Wang, Anzhi},
	journal={IEEE Signal Processing Letters},
	volume={28},
	pages={46--50},
	year={2020},
	
}
@article{liu2020dynamic,
	title={Dynamic feature integration for simultaneous detection of salient object, edge, and skeleton},
	author={Liu, Jiang-Jiang and Hou, Qibin and Cheng, Ming-Ming},
	journal={IEEE Transactions on Image Processing},
	volume={29},
	pages={8652--8667},
	year={2020},
	
}
@article{huang2020triple,
	title={Triple-complementary network for {RGB-D} salient object detection},
	author={Huang, Rui and Xing, Yan and Zou, Yaobin},
	journal={IEEE Signal Processing Letters},
	volume={27},
	pages={775--779},
	year={2020},
	
}
@inproceedings{wang2016saliency,
	title={Saliency detection with recurrent fully convolutional networks},
	author={Wang, Linzhao and Wang, Lijun and Lu, Huchuan and Zhang, Pingping and Ruan, Xiang},
	booktitle={European Conference on Computer Vision},
	pages={825--841},
	year={2016},
}
@inproceedings{liu2016dhsnet,
	title={Dhsnet: Deep hierarchical saliency network for salient object detection},
	author={Liu, Nian and Han, Junwei},
	booktitle={Proceedings of the IEEE conference on computer vision and pattern recognition},
	pages={678--686},
	year={2016}
}
@inproceedings{hou2017deeply,
	title={Deeply supervised salient object detection with short connections},
	author={Hou, Qibin and Cheng, Ming-Ming and Hu, Xiaowei and Borji, Ali and Tu, Zhuowen and Torr, Philip HS},
	booktitle={Proceedings of the IEEE conference on computer vision and pattern recognition},
	pages={3203--3212},
	year={2017}
}
@inproceedings{chen2018progressively,
	title={Progressively complementarity-aware fusion network for {RGB-D} salient object detection},
	author={Chen, Hao and Li, Youfu},
	booktitle={Proceedings of the IEEE Conference on Computer Vision and Pattern Recognition},
	pages={3051--3060},
	year={2018}
}
@inproceedings{zhang2020select,
	title={Select, supplement and focus for {RGB-D} saliency detection},
	author={Zhang, Miao and Ren, Weisong and Piao, Yongri and Rong, Zhengkun and Lu, Huchuan},
	booktitle={Proceedings of the IEEE/CVF Conference on Computer Vision and Pattern Recognition},
	pages={3472--3481},
	year={2020}
}
@article{tu2021multi,
	title={Multi-interactive dual-decoder for {RGB}-thermal salient object detection},
	author={Tu, Zhengzheng and Li, Zhun and Li, Chenglong and Lang, Yang and Tang, Jin},
	journal={IEEE Transactions on Image Processing},
	volume={30},
	pages={5678--5691},
	year={2021},
}

@inproceedings{fan2019shifting,
	title={Shifting more attention to video salient object detection},
	author={Fan, Deng-Ping and Wang, Wenguan and Cheng, Ming-Ming and Shen, Jianbing},
	booktitle={Proceedings of the IEEE/CVF Conference on Computer Vision and Pattern Recognition},
	pages={8554--8564},
	year={2019}
}

@article{liu2021learning,
	title={Learning selective mutual attention and contrast for {RGB-D} saliency detection},
	author={Liu, Nian and Zhang, Ni and Shao, Ling and Han, Junwei},
	journal={IEEE Transactions on Pattern Analysis and Machine Intelligence},
	volume={44},
	number={12},
	pages={9026--9042},
	year={2021},
}

@article{zhou2020gfnet,
	title={GFNet: Gate fusion network with Res2Net for detecting salient objects in RGB-D images},
	author={Zhou, Wujie and Chen, Yuzhen and Liu, Chang and Yu, Lu},
	journal={IEEE Signal Processing Letters},
	volume={27},
	pages={800--804},
	year={2020},
}

@article{wang2021cgfnet,
	title={{CGFN}et: Cross-guided fusion network for {RGB-T} salient object detection},
	author={Wang, Jie and Song, Kechen and Bao, Yanqi and Huang, Liming and Yan, Yunhui},
	journal={IEEE Transactions on Circuits and Systems for Video Technology},
	volume={32},
	number={5},
	pages={2949--2961},
	year={2021},
}

@inproceedings{wang2018rgb,
	title={{RGB-T} saliency detection benchmark: Dataset, baselines, analysis and a novel approach},
	author={Wang, Guizhao and Li, Chenglong and Ma, Yunpeng and Zheng, Aihua and Tang, Jin and Luo, Bin},
	booktitle={Image and Graphics Technologies and Applications: 13th Conference on Image and Graphics Technologies and Applications, IGTA 2018, Beijing, China, April 8--10, 2018, Revised Selected Papers 13},
	pages={359--369},
	year={2018},
}

@article{bronstein2017geometric,
	title={Geometric deep learning: Going beyond euclidean data},
	author={Bronstein, Michael M and Bruna, Joan and LeCun, Yann and Szlam, Arthur and Vandergheynst, Pierre},
	journal={IEEE Signal Processing Magazine},
	volume={34},
	number={4},
	pages={18--42},
	year={2017},
}
@inproceedings{wu2019squeezesegv2,
	title={Squeeze{S}egv2: Improved model structure and unsupervised domain adaptation for road-object segmentation from a lidar point cloud},
	author={Wu, Bichen and Zhou, Xuanyu and Zhao, Sicheng and Yue, Xiangyu and Keutzer, Kurt},
	booktitle={2019 International Conference on Robotics and Automation},
	year={2019},
}

@inproceedings{landrieu2017comparison,
	title={Comparison of belief propagation and graph-cut approaches for contextual classification of 3{D} lidar point cloud data},
	author={Landrieu, Loic and Mallet, Cl{\'e}ment and Weinmann, Martin},
	booktitle={2017 IEEE International Geoscience and Remote Sensing Symposium},
	year={2017},
}

@article{le2017multi,
	title={A multi-view recurrent neural network for 3{D} mesh segmentation},
	author={Le, Truc and Bui, Giang and Duan, Ye},
	journal={Computers \& Graphics},
	volume={66},
	pages={103--112},
	year={2017},
}

@inproceedings{qi2017pointnet,
	title={Point{N}et: Deep learning on point sets for 3{D} classification and segmentation},
	author={Qi, Charles R and Su, Hao and Mo, Kaichun and Guibas, Leonidas J},
	booktitle={Proceedings of the IEEE Conference on Computer Vision and Pattern Recognition},
	year={2017}
}
@inproceedings{lai2022stratified,
	title={Stratified {T}ransformer for 3{D} point cloud segmentation},
	author={Lai, Xin and Liu, Jianhui and Jiang, Li and Wang, Liwei and Zhao, Hengshuang and Liu, Shu and Qi, Xiaojuan and Jia, Jiaya},
	booktitle={Proceedings of the IEEE/CVF Conference on Computer Vision and Pattern Recognition},
	year={2022}
}

@article{qi2017pointnet++,
	title={Point{N}et++: Deep hierarchical feature learning on point sets in a metric space},
	author={Qi, Charles Ruizhongtai and Yi, Li and Su, Hao and Guibas, Leonidas J},
	journal={Advances in Neural Information Processing Systems},
	volume={30},
	year={2017}
}
@article{li2018pointcnn,
	title={Point{CNN}: Convolution on {X}-{T}ransformed points},
	author={Li, Yangyan and Bu, Rui and Sun, Mingchao and Wu, Wei and Di, Xinhan and Chen, Baoquan},
	journal={Advances in Neural Information Processing Systems},
	volume={31},
	year={2018}
}
@inproceedings{shen2018mining,
	title={Mining point cloud local structures by kernel correlation and graph pooling},
	author={Shen, Yiru and Feng, Chen and Yang, Yaoqing and Tian, Dong},
	booktitle={Proceedings of the IEEE Conference on Computer Vision and Pattern Recognition},
	year={2018}
}
@inproceedings{thomas2019kpconv,
	title={{KPC}onv: Flexible and deformable convolution for point clouds},
	author={Thomas, Hugues and Qi, Charles R and Deschaud, Jean-Emmanuel and Marcotegui, Beatriz and Goulette, Fran{\c{c}}ois and Guibas, Leonidas J},
	booktitle={Proceedings of the IEEE/CVF International Conference on Computer Vision},
	year={2019}
}
@inproceedings{fan2022salient,
	title={Salient object detection for point clouds},
	author={Fan, Songlin and Gao, Wei and Li, Ge},
	booktitle={European Conference on Computer Vision},
	year={2022},
}

@article{wei2024point,
	title={Point Transformer-based Salient Object Detection Network for 3{D} Measurement Point Clouds},
	author={Wei, Zeyong and Chen, Baian and Wang, Weiming and Chen, Honghua and Wei, Mingqiang and Li, Jonathan},
	journal={IEEE Transactions on Geoscience and Remote Sensing},
	year={2024},
}
@article{zhang2023enhanced,
	title={Enhanced point feature network for point cloud salient object detection},
	author={Zhang, Ziyan and Gao, Pan and Peng, Siyi and Duan, Chang and Zhang, Ping},
	journal={IEEE Signal Processing Letters},
	year={2023},
}
@inproceedings{yan20222dpass,
	title={2{DPASS}: 2{D} priors assisted semantic segmentation on lidar point clouds},
	author={Yan, Xu and Gao, Jiantao and Zheng, Chaoda and Zheng, Chao and Zhang, Ruimao and Cui, Shuguang and Li, Zhen},
	booktitle={European Conference on Computer Vision},
	pages={677--695},
	year={2022},
}
@article{wang2019dynamic,
	title={Dynamic graph {CNN} for learning on point clouds},
	author={Wang, Yue and Sun, Yongbin and Liu, Ziwei and Sarma, Sanjay E and Bronstein, Michael M and Solomon, Justin M},
	journal={ACM Transactions on Graphics },
	volume={38},
	number={5},
	pages={1--12},
	year={2019},
}
@inproceedings{choy20194d,
	title={4{D} {S}patio-{T}emporal {C}onvnets: Minkowski convolutional neural networks},
	author={Choy, Christopher and Gwak, JunYoung and Savarese, Silvio},
	booktitle={Proceedings of the IEEE/CVF Conference on Computer Vision and Pattern Recognition},
	year={2019}
}
@inproceedings{cheng2020cascaded,
	title={Cascaded non-local neural network for point cloud semantic segmentation},
	author={Cheng, Mingmei and Hui, Le and Xie, Jin and Yang, Jian and Kong, Hui},
	booktitle={2020 IEEE/RSJ International Conference on Intelligent Robots and Systems},
	
	year={2020},
}
@article{poux2019voxel,
	title={Voxel-based 3{D} point cloud semantic segmentation: Unsupervised geometric and relationship featuring vs deep learning methods},
	author={Poux, Florent and Billen, Roland},
	journal={ISPRS International Journal of Geo-Information},
	volume={8},
	number={5},
	pages={213},
	year={2019},
	
}
@inproceedings{cheng2021sspc,
	title={{SSPC-N}et: Semi-supervised semantic 3{D} point cloud segmentation network},
	author={Cheng, Mingmei and Hui, Le and Xie, Jin and Yang, Jian},
	booktitle={Proceedings of the AAAI Conference on Artificial Intelligence},
	volume={35},
	year={2021}
}
@inproceedings{zhao2019pointweb,
	title={Point{W}eb: Enhancing local neighborhood features for point cloud processing},
	author={Zhao, Hengshuang and Jiang, Li and Fu, Chi-Wing and Jia, Jiaya},
	booktitle={Proceedings of the IEEE/CVF Conference on Computer Vision and Pattern Recognition},
	
	year={2019}
}
@article{liu2019point,
	title={Point-{V}oxel {CNN} for efficient 3{D} deep learning},
	author={Liu, Zhijian and Tang, Haotian and Lin, Yujun and Han, Song},
	journal={Advances in Neural Information Processing Systems},
	volume={32},
	year={2019}
}
@inproceedings{hu2020randla,
	title={Randla-{N}et: Efficient semantic segmentation of large-scale point clouds},
	author={Hu, Qingyong and Yang, Bo and Xie, Linhai and Rosa, Stefano and Guo, Yulan and Wang, Zhihua and Trigoni, Niki and Markham, Andrew},
	booktitle={Proceedings of the IEEE/CVF Conference on Computer Vision and Pattern Recognition},
	year={2020}
}
@inproceedings{hu2020jsenet,
	title={Jsenet: Joint semantic segmentation and edge detection network for 3{D} point clouds},
	author={Hu, Zeyu and Zhen, Mingmin and Bai, Xuyang and Fu, Hongbo and Tai, Chiew-lan},
	booktitle={Computer Vision--ECCV 2020: 16th European Conference, Glasgow, UK, August 23--28, 2020, Proceedings, Part XX 16},
	year={2020},
	
}
@article{xu2023multi,
	title={Multi-view Fusion Driven 3{D} Point Cloud Semantic Segmentation Based on Hierarchical Transformer},
	author={Xu, Wang and Li, Xu and Ni, Peizhou and Guang, Xingxing and Luo, Hang and Zhao, Xijun},
	journal={IEEE Sensors Journal},
	year={2023},
	
}

@inproceedings{yan2020pointasnl,
	title={Point{ASNL}: Robust point clouds processing using nonlocal neural networks with adaptive sampling},
	author={Yan, Xu and Zheng, Chaoda and Li, Zhen and Wang, Sheng and Cui, Shuguang},
	booktitle={Proceedings of the IEEE/CVF conference on computer vision and pattern recognition},
	pages={5589--5598},
	year={2020}
}
@article{li2021pointvgg,
	title={Point{VGG}: Graph convolutional network with progressive aggregating features on point clouds},
	author={Li, Rongkang and Zhang, Yumeng and Niu, Dongmei and Yang, Guangchao and Zafar, Numan and Zhang, Caiming and Zhao, Xiuyang},
	journal={Neurocomputing},
	volume={429},
	pages={187--198},
	year={2021},
	
}
@article{ding2021graph,
	title={Graph sample and aggregate-attention network for hyperspectral image classification},
	author={Ding, Yao and Zhao, Xiaofeng and Zhang, Zhili and Cai, Wei and Yang, Nengjun},
	journal={IEEE Geoscience and Remote Sensing Letters},
	volume={19},
	pages={1--5},
	year={2021},
	
}
@inproceedings{lei2020seggcn,
	title={Seg{GCN}: {E}fficient 3{D} point cloud segmentation with fuzzy spherical kernel},
	author={Lei, Huan and Akhtar, Naveed and Mian, Ajmal},
	booktitle={Proceedings of the IEEE/CVF Conference on Computer Vision and Pattern Recognition},
	year={2020}
}
@inproceedings{li2020end,
	title={End-to-{E}nd learning local multi-view descriptors for 3{D} point clouds},
	author={Li, Lei and Zhu, Siyu and Fu, Hongbo and Tan, Ping and Tai, Chiew-Lan},
	booktitle={Proceedings of the IEEE/CVF Conference on Computer Vision and Pattern Recognition},
	year={2020}
}

@article{chen2020compositional,
	title={Compositional prototype network with multi-view comparision for few-shot point cloud semantic segmentation},
	author={Chen, Xiaoyu and Zhang, Chi and Lin, Guosheng and Han, Jing},
	journal={arXiv preprint arXiv:2012.14255},
	year={2020}
}
@article{malik2021handvoxnet++,
	title={Hand{V}ox{N}et++: 3{D} hand shape and pose estimation using voxel-based neural networks},
	author={Malik, Jameel and Shimada, Soshi and Elhayek, Ahmed and Ali, Sk Aziz and Theobalt, Christian and Golyanik, Vladislav and Stricker, Didier},
	journal={IEEE Transactions on Pattern Analysis and Machine Intelligence},
	volume={44},
	number={12},
	pages={8962--8974},
	year={2021},
	
}
@inproceedings{jiang2020pointgroup,
	title={Point{G}roup: Dual-set point grouping for 3{D} instance segmentation},
	author={Jiang, Li and Zhao, Hengshuang and Shi, Shaoshuai and Liu, Shu and Fu, Chi-Wing and Jia, Jiaya},
	booktitle={Proceedings of the IEEE/CVF conference on computer vision and Pattern recognition},
	pages={4867--4876},
	year={2020}
}
@inproceedings{meng2019vv,
	title={{VV}-{N}et: Voxel vae net with group convolutions for point cloud segmentation},
	author={Meng, Hsien-Yu and Gao, Lin and Lai, Yu-Kun and Manocha, Dinesh},
	booktitle={Proceedings of the IEEE/CVF International Conference on Computer Vision},
	year={2019}
}

@inproceedings{margolin2014evaluate,
	title={How to evaluate foreground maps?},
	author={Margolin, Ran and Zelnik-Manor, Lihi and Tal, Ayellet},
	booktitle={Proceedings of the IEEE/CVF Conference on Computer Vision and Pattern Recognition},
	pages={248--255},
	year={2014}
}

@article{fan2018enhanced,
	title={Enhanced-alignment measure for binary foreground map evaluation},
	author={Fan, Deng-Ping and Gong, Cheng and Cao, Yang and Ren, Bo and Cheng, Ming-Ming and Borji, Ali},
	journal={arXiv preprint arXiv:1805.10421},
	year={2018}
}

@article{lin2018toward,
	title={Toward better boundary preserved supervoxel segmentation for 3{D} point clouds},
	author={Lin, Yangbin and Wang, Cheng and Zhai, Dawei and Li, Wei and Li, Jonathan},
	journal={ISPRS Journal of Photogrammetry and Remote Sensing},
	volume={143},
	pages={39--47},
	year={2018},
	publisher={Elsevier}
}
@article{guinard2017weakly,
	title={Weakly supervised segmentation-aided classification of urban scenes from 3{D} {LiDAR} point clouds},
	author={Guinard, St{\'e}phane and Landrieu, Loic},
	journal={The International Archives of the Photogrammetry, Remote Sensing and Spatial Information Sciences},
	volume={42},
	pages={151--157},
	year={2017},
}
@inproceedings{hui2021superpoint,
	title={Superpoint network for point cloud oversegmentation},
	author={Hui, Le and Yuan, Jia and Cheng, Mingmei and Xie, Jin and Zhang, Xiaoya and Yang, Jian},
	booktitle={Proceedings of the IEEE/CVF International Conference on Computer Vision},
	pages={5510--5519},
	year={2021}
}
@inproceedings{landrieu2019point,
	title={Point cloud oversegmentation with graph-structured deep metric learning},
	author={Landrieu, Loic and Boussaha, Mohamed},
	booktitle={Proceedings of the IEEE/CVF Conference on Computer Vision and Pattern Recognition},
	pages={7440--7449},
	year={2019}
}

@inproceedings{landrieu2016cut,
	title={Cut Pursuit: fast algorithms to learn piecewise constant functions},
	author={Landrieu, Loic and Obozinski, Guillaume},
	booktitle={Artificial Intelligence and Statistics},
	pages={1384--1393},
	year={2016},
}
@article{qian2022pointnext,
	title={Pointnext: Revisiting PointNet++ with Improved Training and Scaling Strategies},
	author={Qian, Guocheng and Li, Yuchen and Peng, Houwen and Mai, Jinjie and Hammoud, Hasan and Elhoseiny, Mohamed and Ghanem, Bernard},
	journal={Advances in Neural Information Processing Systems},
	pages={23192--23204},
	year={2022}
}
@inproceedings{zhao2021point,
	title={Point Transformer},
	author={Zhao, Hengshuang and Jiang, Li and Jia, Jiaya and Torr, Philip HS and Koltun, Vladlen},
	booktitle={Proceedings of the IEEE/CVF International Conference on Computer Vision},
	pages={16259--16268},
	year={2021}
}

@inproceedings{hui2023efficient,
	title={Efficient {LiDAR} point cloud oversegmentation network},
	author={Hui, Le and Tang, Linghua and Dai, Yuchao and Xie, Jin and Yang, Jian},
	booktitle={Proceedings of the IEEE/CVF International Conference on Computer Vision},
	pages={18003--18012},
	year={2023}
}
