@article{chen2020compositional,
	title={Compositional prototype network with multi-view comparision for few-shot point cloud semantic segmentation},
	author={Chen, Xiaoyu and Zhang, Chi and Lin, Guosheng and Han, Jing},
	journal={arXiv preprint arXiv:2012.14255},
	year={2020}
}

@inproceedings{cheng2020cascaded,
	title={Cascaded non-local neural network for point cloud semantic segmentation},
	author={Cheng, Mingmei and Hui, Le and Xie, Jin and Yang, Jian and Kong, Hui},
	booktitle={2020 IEEE/RSJ International Conference on Intelligent Robots and Systems},
	
	year={2020},
}

@inproceedings{cheng2021sspc,
	title={{SSPC-N}et: Semi-supervised semantic 3{D} point cloud segmentation network},
	author={Cheng, Mingmei and Hui, Le and Xie, Jin and Yang, Jian},
	booktitle={Proceedings of the AAAI Conference on Artificial Intelligence},
	volume={35},
	year={2021}
}

@inproceedings{choy20194d,
	title={4{D} {S}patio-{T}emporal {C}onvnets: Minkowski convolutional neural networks},
	author={Choy, Christopher and Gwak, JunYoung and Savarese, Silvio},
	booktitle={Proceedings of the IEEE/CVF Conference on Computer Vision and Pattern Recognition},
	year={2019}
}

@article{ding2021graph,
	title={Graph sample and aggregate-attention network for hyperspectral image classification},
	author={Ding, Yao and Zhao, Xiaofeng and Zhang, Zhili and Cai, Wei and Yang, Nengjun},
	journal={IEEE Geoscience and Remote Sensing Letters},
	volume={19},
	pages={1--5},
	year={2021},
	
}

@inproceedings{fan2022salient,
	title={Salient object detection for point clouds},
	author={Fan, Songlin and Gao, Wei and Li, Ge},
	booktitle={European Conference on Computer Vision},
	year={2022},
}

@article{guinard2017weakly,
	title={Weakly supervised segmentation-aided classification of urban scenes from 3{D} {LiDAR} point clouds},
	author={Guinard, St{\'e}phane and Landrieu, Loic},
	journal={The International Archives of the Photogrammetry, Remote Sensing and Spatial Information Sciences},
	volume={42},
	pages={151--157},
	year={2017},
}

@inproceedings{hu2020jsenet,
	title={Jsenet: Joint semantic segmentation and edge detection network for 3{D} point clouds},
	author={Hu, Zeyu and Zhen, Mingmin and Bai, Xuyang and Fu, Hongbo and Tai, Chiew-lan},
	booktitle={Computer Vision--ECCV 2020: 16th European Conference, Glasgow, UK, August 23--28, 2020, Proceedings, Part XX 16},
	year={2020},
	
}

@inproceedings{hui2021superpoint,
	title={Superpoint network for point cloud oversegmentation},
	author={Hui, Le and Yuan, Jia and Cheng, Mingmei and Xie, Jin and Zhang, Xiaoya and Yang, Jian},
	booktitle={Proceedings of the IEEE/CVF International Conference on Computer Vision},
	pages={5510--5519},
	year={2021}
}

@inproceedings{hui2023efficient,
	title={Efficient {LiDAR} point cloud oversegmentation network},
	author={Hui, Le and Tang, Linghua and Dai, Yuchao and Xie, Jin and Yang, Jian},
	booktitle={Proceedings of the IEEE/CVF International Conference on Computer Vision},
	pages={18003--18012},
	year={2023}
}

@inproceedings{jiang2020pointgroup,
	title={Point{G}roup: Dual-set point grouping for 3{D} instance segmentation},
	author={Jiang, Li and Zhao, Hengshuang and Shi, Shaoshuai and Liu, Shu and Fu, Chi-Wing and Jia, Jiaya},
	booktitle={Proceedings of the IEEE/CVF conference on computer vision and Pattern recognition},
	pages={4867--4876},
	year={2020}
}

@inproceedings{lai2022stratified,
	title={Stratified {T}ransformer for 3{D} point cloud segmentation},
	author={Lai, Xin and Liu, Jianhui and Jiang, Li and Wang, Liwei and Zhao, Hengshuang and Liu, Shu and Qi, Xiaojuan and Jia, Jiaya},
	booktitle={Proceedings of the IEEE/CVF Conference on Computer Vision and Pattern Recognition},
	year={2022}
}

@inproceedings{landrieu2016cut,
	title={Cut Pursuit: fast algorithms to learn piecewise constant functions},
	author={Landrieu, Loic and Obozinski, Guillaume},
	booktitle={Artificial Intelligence and Statistics},
	pages={1384--1393},
	year={2016},
}

@inproceedings{landrieu2019point,
	title={Point cloud oversegmentation with graph-structured deep metric learning},
	author={Landrieu, Loic and Boussaha, Mohamed},
	booktitle={Proceedings of the IEEE/CVF Conference on Computer Vision and Pattern Recognition},
	pages={7440--7449},
	year={2019}
}

@article{le2017multi,
	title={A multi-view recurrent neural network for 3{D} mesh segmentation},
	author={Le, Truc and Bui, Giang and Duan, Ye},
	journal={Computers \& Graphics},
	volume={66},
	pages={103--112},
	year={2017},
}

@inproceedings{lei2020seggcn,
	title={Seg{GCN}: {E}fficient 3{D} point cloud segmentation with fuzzy spherical kernel},
	author={Lei, Huan and Akhtar, Naveed and Mian, Ajmal},
	booktitle={Proceedings of the IEEE/CVF Conference on Computer Vision and Pattern Recognition},
	year={2020}
}

@article{li2018pointcnn,
	title={Point{CNN}: Convolution on {X}-{T}ransformed points},
	author={Li, Yangyan and Bu, Rui and Sun, Mingchao and Wu, Wei and Di, Xinhan and Chen, Baoquan},
	journal={Advances in Neural Information Processing Systems},
	volume={31},
	year={2018}
}

@inproceedings{li2020end,
	title={End-to-{E}nd learning local multi-view descriptors for 3{D} point clouds},
	author={Li, Lei and Zhu, Siyu and Fu, Hongbo and Tan, Ping and Tai, Chiew-Lan},
	booktitle={Proceedings of the IEEE/CVF Conference on Computer Vision and Pattern Recognition},
	year={2020}
}

@article{li2021pointvgg,
	title={Point{VGG}: Graph convolutional network with progressive aggregating features on point clouds},
	author={Li, Rongkang and Zhang, Yumeng and Niu, Dongmei and Yang, Guangchao and Zafar, Numan and Zhang, Caiming and Zhao, Xiuyang},
	journal={Neurocomputing},
	volume={429},
	pages={187--198},
	year={2021},
	
}

@article{lin2018toward,
	title={Toward better boundary preserved supervoxel segmentation for 3{D} point clouds},
	author={Lin, Yangbin and Wang, Cheng and Zhai, Dawei and Li, Wei and Li, Jonathan},
	journal={ISPRS Journal of Photogrammetry and Remote Sensing},
	volume={143},
	pages={39--47},
	year={2018},
	publisher={Elsevier}
}

@article{liu2019point,
	title={Point-{V}oxel {CNN} for efficient 3{D} deep learning},
	author={Liu, Zhijian and Tang, Haotian and Lin, Yujun and Han, Song},
	journal={Advances in Neural Information Processing Systems},
	volume={32},
	year={2019}
}

@article{malik2021handvoxnet++,
	title={Hand{V}ox{N}et++: 3{D} hand shape and pose estimation using voxel-based neural networks},
	author={Malik, Jameel and Shimada, Soshi and Elhayek, Ahmed and Ali, Sk Aziz and Theobalt, Christian and Golyanik, Vladislav and Stricker, Didier},
	journal={IEEE Transactions on Pattern Analysis and Machine Intelligence},
	volume={44},
	number={12},
	pages={8962--8974},
	year={2021},
	
}

@inproceedings{meng2019vv,
	title={{VV}-{N}et: Voxel vae net with group convolutions for point cloud segmentation},
	author={Meng, Hsien-Yu and Gao, Lin and Lai, Yu-Kun and Manocha, Dinesh},
	booktitle={Proceedings of the IEEE/CVF International Conference on Computer Vision},
	year={2019}
}

@article{poux2019voxel,
	title={Voxel-based 3{D} point cloud semantic segmentation: Unsupervised geometric and relationship featuring vs deep learning methods},
	author={Poux, Florent and Billen, Roland},
	journal={ISPRS International Journal of Geo-Information},
	volume={8},
	number={5},
	pages={213},
	year={2019},
	
}

@inproceedings{qi2017pointnet,
	title={Point{N}et: Deep learning on point sets for 3{D} classification and segmentation},
	author={Qi, Charles R and Su, Hao and Mo, Kaichun and Guibas, Leonidas J},
	booktitle={Proceedings of the IEEE Conference on Computer Vision and Pattern Recognition},
	year={2017}
}

@article{qi2017pointnet++,
	title={Point{N}et++: Deep hierarchical feature learning on point sets in a metric space},
	author={Qi, Charles Ruizhongtai and Yi, Li and Su, Hao and Guibas, Leonidas J},
	journal={Advances in Neural Information Processing Systems},
	volume={30},
	year={2017}
}

@inproceedings{shen2018mining,
	title={Mining point cloud local structures by kernel correlation and graph pooling},
	author={Shen, Yiru and Feng, Chen and Yang, Yaoqing and Tian, Dong},
	booktitle={Proceedings of the IEEE Conference on Computer Vision and Pattern Recognition},
	year={2018}
}

@article{wang2019dynamic,
	title={Dynamic graph {CNN} for learning on point clouds},
	author={Wang, Yue and Sun, Yongbin and Liu, Ziwei and Sarma, Sanjay E and Bronstein, Michael M and Solomon, Justin M},
	journal={ACM Transactions on Graphics },
	volume={38},
	number={5},
	pages={1--12},
	year={2019},
}

@article{wei2024point,
	title={Point Transformer-based Salient Object Detection Network for 3{D} Measurement Point Clouds},
	author={Wei, Zeyong and Chen, Baian and Wang, Weiming and Chen, Honghua and Wei, Mingqiang and Li, Jonathan},
	journal={IEEE Transactions on Geoscience and Remote Sensing},
	year={2024},
}

@inproceedings{wu2019squeezesegv2,
	title={Squeeze{S}egv2: Improved model structure and unsupervised domain adaptation for road-object segmentation from a lidar point cloud},
	author={Wu, Bichen and Zhou, Xuanyu and Zhao, Sicheng and Yue, Xiangyu and Keutzer, Kurt},
	booktitle={2019 International Conference on Robotics and Automation},
	year={2019},
}

@article{xu2023multi,
	title={Multi-view Fusion Driven 3{D} Point Cloud Semantic Segmentation Based on Hierarchical Transformer},
	author={Xu, Wang and Li, Xu and Ni, Peizhou and Guang, Xingxing and Luo, Hang and Zhao, Xijun},
	journal={IEEE Sensors Journal},
	year={2023},
	
}

@inproceedings{yan2020pointasnl,
	title={Point{ASNL}: Robust point clouds processing using nonlocal neural networks with adaptive sampling},
	author={Yan, Xu and Zheng, Chaoda and Li, Zhen and Wang, Sheng and Cui, Shuguang},
	booktitle={Proceedings of the IEEE/CVF conference on computer vision and pattern recognition},
	pages={5589--5598},
	year={2020}
}

@article{zhang2023enhanced,
	title={Enhanced point feature network for point cloud salient object detection},
	author={Zhang, Ziyan and Gao, Pan and Peng, Siyi and Duan, Chang and Zhang, Ping},
	journal={IEEE Signal Processing Letters},
	year={2023},
}

