@article{SwinVRNN,
author = {Hu, Yuan and Chen, Lei and Wang, Zhibin and Li, Hao},
year = {2023},
month = {02},
pages = {},
title = {SwinVRNN: A Data‐Driven Ensemble Forecasting Model via Learned Distribution Perturbation},
volume = {15},
journal = {Journal of Advances in Modeling Earth Systems},
doi = {10.1029/2022MS003211}
}

@misc{andrae2024continuousensembleweatherforecasting,
      title={Continuous Ensemble Weather Forecasting with Diffusion models}, 
      author={Martin Andrae and Tomas Landelius and Joel Oskarsson and Fredrik Lindsten},
      year={2024},
      eprint={2410.05431},
      archivePrefix={arXiv},
      primaryClass={cs.LG},
      url={https://arxiv.org/abs/2410.05431}, 
}

@article{bulte2024uncertainty,
  title={Uncertainty quantification for data-driven weather models},
  author={B{\"u}lte, Christopher and Horat, Nina and Quinting, Julian and Lerch, Sebastian},
  journal={arXiv preprint arXiv:2403.13458},
  year={2024}
}

@article{chen2023fuxi,
  title={FuXi: A cascade machine learning forecasting system for 15-day global weather forecast},
  author={Chen, Lei and Zhong, Xiaohui and Zhang, Feng and Cheng, Yuan and Xu, Yinghui and Qi, Yuan and Li, Hao},
  journal={npj Climate and Atmospheric Science},
  volume={6},
  number={1},
  pages={190},
  year={2023},
  publisher={Nature Publishing Group UK London}
}

@misc{couairon2024archesweatherarchesweathergendeterministic,
      title={ArchesWeather \& ArchesWeatherGen: a deterministic and generative model for efficient ML weather forecasting}, 
      author={Guillaume Couairon and Renu Singh and Anastase Charantonis and Christian Lessig and Claire Monteleoni},
      year={2024},
      eprint={2412.12971},
      archivePrefix={arXiv},
      primaryClass={cs.LG},
      url={https://arxiv.org/abs/2412.12971}, 
}

@article{gencast,
  title={Probabilistic weather forecasting with machine learning},
  author={Price, Ilan and Sanchez-Gonzalez, Alvaro and Alet, Ferran and Andersson, Tom R and El-Kadi, Andrew and Masters, Dominic and Ewalds, Timo and Stott, Jacklynn and Mohamed, Shakir and Battaglia, Peter and others},
  journal={Nature},
  volume={637},
  number={8044},
  pages={84--90},
  year={2025},
  publisher={Nature Publishing Group}
}

@inproceedings{graubner2022calibration,
  title={Calibration of large neural weather models},
  author={Graubner, Andre and Azizzadenesheli, Kamyar Kamyar and Pathak, Jaideep and Mardani, Morteza and Pritchard, Mike and Kashinath, Karthik and Anandkumar, Anima},
  booktitle={NeurIPS 2022 Workshop on Tackling Climate Change with Machine Learning},
  year={2022}
}

@inproceedings{oskarsson2023graph-lam,
    title={Graph-based Neural Weather Prediction for Limited Area Modeling},
    author={Oskarsson, Joel and Landelius, Tomas and Lindsten, Fredrik},
    booktitle={NeurIPS 2023 Workshop on Tackling Climate Change with Machine Learning},
    year={2023}
}

@inproceedings{oskarsson2024probabilistic,
  title = {Probabilistic Weather Forecasting with Hierarchical Graph Neural Networks},
  author = {Oskarsson, Joel and Landelius, Tomas and Deisenroth, Marc Peter and Lindsten, Fredrik},
  year = {2024},
  booktitle = {Advances in Neural Information Processing Systems},
  volume = {37},
}

@article{pangu,
  title={Accurate medium-range global weather forecasting with 3D neural networks},
  author={Bi, Kaifeng and Xie, Lingxi and Zhang, Hengheng and Chen, Xin and Gu, Xiaotao and Tian, Qi},
  journal={Nature},
  volume={619},
  number={7970},
  pages={533--538},
  year={2023},
  publisher={Nature Publishing Group}
}

@article{pathak2022fourcastnet,
  title={Fourcastnet: A global data-driven high-resolution weather model using adaptive fourier neural operators},
  author={Pathak, Jaideep and Subramanian, Shashank and Harrington, Peter and Raja, Sanjeev and Chattopadhyay, Ashesh and Mardani, Morteza and Kurth, Thorsten and Hall, David and Li, Zongyi and Azizzadenesheli, Kamyar and Hassanzadeh, Pedram and Kashinath, Karthik and Anandkumar, Animashree},
  journal={arXiv preprint arXiv:2202.11214},
  year={2022}
}

@misc{shi2024codicastconditionaldiffusionmodel,
      title={CoDiCast: Conditional Diffusion Model for Weather Prediction with Uncertainty Quantification}, 
      author={Jimeng Shi and Bowen Jin and Jiawei Han and Giri Narasimhan},
      year={2024},
      eprint={2409.05975},
      archivePrefix={arXiv},
      primaryClass={cs.LG},
      url={https://arxiv.org/abs/2409.05975}, 
}

@misc{stormCast,
      title={Kilometer-Scale Convection Allowing Model Emulation using Generative Diffusion Modeling}, 
      author={Jaideep Pathak and Yair Cohen and Piyush Garg and Peter Harrington and Noah Brenowitz and Dale Durran and Morteza Mardani and Arash Vahdat and Shaoming Xu and Karthik Kashinath and Michael Pritchard},
      year={2024},
      eprint={2408.10958},
      archivePrefix={arXiv},
      primaryClass={physics.ao-ph},
      url={https://arxiv.org/abs/2408.10958}, 
}

@misc{stretch_grid_norway,
      title={Regional data-driven weather modeling with a global stretched-grid}, 
      author={Thomas Nils Nipen and Håvard Homleid Haugen and Magnus Sikora Ingstad and Even Marius Nordhagen and Aram Farhad Shafiq Salihi and Paulina Tedesco and Ivar Ambjørn Seierstad and Jørn Kristiansen and Simon Lang and Mihai Alexe and Jesper Dramsch and Baudouin Raoult and Gert Mertes and Matthew Chantry},
      year={2024},
      eprint={2409.02891},
      archivePrefix={arXiv},
      primaryClass={physics.ao-ph},
      url={https://arxiv.org/abs/2409.02891}, 
}

@misc{xu2024yinglongskillfulhighresolution,
      title={YingLong: Skillful High Resolution Regional Short Term Forecasting with Boundary Smoothing}, 
      author={Pengbo Xu and Tianyan Gao and Yu Wang and Junping Yin and Juan Zhang and Xiaogu Zheng and Zhimin Zhang and Xiaoguang Hu and Xiaoxu Chen},
      year={2024},
      eprint={2401.16254},
      archivePrefix={arXiv},
      primaryClass={physics.ao-ph},
      url={https://arxiv.org/abs/2401.16254}, 
}

