@article{ali2020mel,
  title={Mel frequency cepstral coefficient: a review},
  author={Ali, Shalbbya and Tanweer, Safdar and Khalid, Syed Sibtain and Rao, Naseem},
  journal={ICIDSSD},
  year={2020}
}

@article{amershi2014power,
  title={Power to the people: The role of humans in interactive machine learning},
  author={Amershi, Saleema and Cakmak, Maya and Knox, William Bradley and Kulesza, Todd},
  journal={AI magazine},
  volume={35},
  number={4},
  pages={105--120},
  year={2014}
}

@article{barbu2010gabor,
  title={Gabor filter-based face recognition technique},
  author={Barbu, Tudor},
  journal={Proceedings of the Romanian Academy},
  volume={11},
  number={3},
  pages={277--283},
  year={2010}
}

@inproceedings{bosch2015automatic,
  title={Automatic detection of learning-centered affective states in the wild},
  author={Bosch, Nigel and D'Mello, Sidney and Baker, Ryan and Ocumpaugh, Jaclyn and Shute, Valerie and Ventura, Matthew and Wang, Lubin and Zhao, Weinan},
  booktitle={Proceedings of the 20th international conference on intelligent user interfaces},
  pages={379--388},
  year={2015}
}

@article{d2013autotutor,
  title={AutoTutor and affective AutoTutor: Learning by talking with cognitively and emotionally intelligent computers that talk back},
  author={D'mello, Sidney and Graesser, Art},
  journal={ACM Transactions on Interactive Intelligent Systems (TiiS)},
  volume={2},
  number={4},
  pages={1--39},
  year={2013},
  publisher={ACM New York, NY, USA}
}

@article{debnath2022four,
  title={Four-layer ConvNet to facial emotion recognition with minimal epochs and the significance of data diversity},
  author={Debnath, Tanoy and Reza, Md Mahfuz and Rahman, Anichur and Beheshti, Amin and Band, Shahab S and Alinejad-Rokny, Hamid},
  journal={Scientific Reports},
  volume={12},
  number={1},
  pages={6991},
  year={2022},
  publisher={Nature Publishing Group UK London}
}

@article{gong2023cross,
  title={Cross-cultural emotion recognition with EEG and eye movement signals based on multiple stacked broad learning system},
  author={Gong, Xinrong and Chen, CL Philip and Zhang, Tong},
  journal={IEEE Transactions on Computational Social Systems},
  year={2023},
  publisher={IEEE}
}

@inproceedings{holstein2019improving,
  title={Improving fairness in machine learning systems: What do industry practitioners need?},
  author={Holstein, Kenneth and Wortman Vaughan, Jennifer and Daum{\'e} III, Hal and Dudik, Miro and Wallach, Hanna},
  booktitle={Proceedings of the 2019 CHI conference on human factors in computing systems},
  pages={1--16},
  year={2019}
}

@article{karaoglan2022learning,
  title={Learning analytics intervention improves studentsâ€™ engagement in online learning},
  author={Karaoglan Yilmaz, Fatma Gizem and Yilmaz, Ramazan},
  journal={Technology, Knowledge and Learning},
  volume={27},
  number={2},
  pages={449--460},
  year={2022},
  publisher={Springer}
}

@inproceedings{lim2016speech,
  title={Speech emotion recognition using convolutional and recurrent neural networks},
  author={Lim, Wootaek and Jang, Daeyoung and Lee, Taejin},
  booktitle={2016 Asia-Pacific signal and information processing association annual summit and conference (APSIPA)},
  pages={1--4},
  year={2016},
  organization={IEEE}
}

@article{lukac2023study,
  title={Study on emotion recognition bias in different regional groups},
  author={Lukac, Martin and Zhambulova, Gulnaz and Abdiyeva, Kamila and Lewis, Michael},
  journal={Scientific Reports},
  volume={13},
  number={1},
  pages={8414},
  year={2023},
  publisher={Nature Publishing Group UK London}
}

@incollection{markus2014culture,
  title={Culture and the self: Implications for cognition, emotion, and motivation},
  author={Markus, Hazel Rose and Kitayama, Shinobu},
  booktitle={College student development and academic life},
  pages={264--293},
  year={2014},
  publisher={Routledge}
}

@article{oertel2021towards,
  title={Towards an engagement-aware attentive artificial listener for multi-party interactions},
  author={Oertel, Catharine and Jonell, Patrik and Kontogiorgos, Dimosthenis and Mora, Kenneth Funes and Odobez, Jean-Marc and Gustafson, Joakim},
  journal={Frontiers in Robotics and AI},
  volume={8},
  pages={555913},
  year={2021},
  publisher={Frontiers Media SA}
}

@article{salam2022automatic,
  title={Automatic context-driven inference of engagement in hmi: A survey},
  author={Salam, Hanan and Celiktutan, Oya and Gunes, Hatice and Chetouani, Mohamed},
  journal={arXiv preprint arXiv:2209.15370},
  year={2022}
}

@article{taherisadr2023erudite,
  title={Erudite: Human-in-the-loop iot for an adaptive personalized learning system},
  author={Taherisadr, Mojtaba and Al Faruque, Mohammad Abdullah and Elmalaki, Salma},
  journal={IEEE Internet of Things Journal},
  year={2023},
  publisher={IEEE}
}

@incollection{vairamani2024advancements,
  title={Advancements in Multimodal Emotion Recognition: Integrating Facial Expressions and Physiological Signals},
  author={Vairamani, Ajantha Devi},
  booktitle={Affective Computing for Social Good: Enhancing Well-being, Empathy, and Equity},
  pages={217--240},
  year={2024},
  publisher={Springer}
}

@article{wang2023deep,
  title={Deep learning-based EEG emotion recognition: Current trends and future perspectives},
  author={Wang, Xiaohu and Ren, Yongmei and Luo, Ze and He, Wei and Hong, Jun and Huang, Yinzhen},
  journal={Frontiers in psychology},
  volume={14},
  pages={1126994},
  year={2023},
  publisher={Frontiers Media SA}
}

@inproceedings{yigitbas2021enhancing,
  title={Enhancing human-in-the-loop adaptive systems through digital twins and VR interfaces},
  author={Yigitbas, Enes and Karakaya, Kadiray and Jovanovikj, Ivan and Engels, Gregor},
  booktitle={2021 International Symposium on Software Engineering for Adaptive and Self-Managing Systems (SEAMS)},
  pages={30--40},
  year={2021},
  organization={IEEE}
}

@inproceedings{zeng2007survey,
  title={A survey of affect recognition methods: audio, visual and spontaneous expressions},
  author={Zeng, Zhihong and Pantic, Maja and Roisman, Glenn I and Huang, Thomas S},
  booktitle={Proceedings of the 9th international conference on Multimodal interfaces},
  pages={126--133},
  year={2007}
}

@inproceedings{zhang2023labelvizier,
  title={Labelvizier: Interactive validation and relabeling for technical text annotations},
  author={Zhang, Xiaoyu and Xuan, Xiwei and Dima, Alden and Sexton, Thurston and Ma, Kwan-Liu},
  booktitle={2023 IEEE 16th Pacific Visualization Symposium (PacificVis)},
  pages={167--176},
  year={2023},
  organization={IEEE}
}

