@incollection{cheng2013body,
  title={Body-tracking camera control for demonstration videos},
  author={Cheng, Derrick and Chi, Pei-Yu and Kwak, Taeil and Hartmann, Bj{\"o}rn and Wright, Paul},
  booktitle={CHI'13 Extended Abstracts on Human Factors in Computing Systems},
  pages={1185--1190},
  year={2013}
}

@inproceedings{cai2023improving,
  title={Improving Learning-based Camera Pose Estimation for Image-based Augmented Reality Applications},
  author={Cai, Enyu and Rossi, Ryan and Xiao, Chang},
  booktitle={Extended Abstracts of the 2023 CHI Conference on Human Factors in Computing Systems},
  pages={1--6},
  year={2023}
}

@inproceedings{chu2013interacting,
  title={Interacting with a self-portrait camera using motion-based hand gestures},
  author={Chu, Shaowei and Tanaka, Jiro},
  booktitle={Proceedings of the 11th Asia Pacific Conference on Computer Human Interaction},
  pages={93--101},
  year={2013}
}

@incollection{neureiter2013hand,
  title={Hand and eyes: how eye contact is linked to gestures in video conferencing},
  author={Neureiter, Katja and Murer, Martin and Fuchsberger, Verena and Tscheligi, Manfred},
  booktitle={CHI'13 Extended Abstracts on Human Factors in Computing Systems},
  pages={127--132},
  year={2013}
}

@inproceedings{ahmed2017automated,
  title={Automated detection of facial expressions during computer-assisted instruction in individuals on the autism spectrum},
  author={Ahmed, Alex A and Goodwin, Matthew S},
  booktitle={Proceedings of the 2017 CHI Conference on Human Factors in Computing Systems},
  pages={6050--6055},
  year={2017}
}

@inproceedings{babaei2020faces,
  title={Faces of focus: A study on the facial cues of attentional states},
  author={Babaei, Ebrahim and Srivastava, Namrata and Newn, Joshua and Zhou, Qiushi and Dingler, Tilman and Velloso, Eduardo},
  booktitle={Proceedings of the 2020 CHI conference on human factors in computing systems},
  pages={1--13},
  year={2020}
}

@article{einstein,
    author =       "Albert Einstein",
    title =        "{Zur Elektrodynamik bewegter K{\"o}rper}. ({German})
    [{On} the electrodynamics of moving bodies]",
    journal =      "Annalen der Physik",
    volume =       "322",
    number =       "10",
    pages =        "891--921",
    year =         "1905",
    DOI =          "http://dx.doi.org/10.1002/andp.19053221004",
    keywords =     "physics"
}

@article{gupta2016daisee,
  title={Daisee: Towards user engagement recognition in the wild},
  author={Gupta, Abhay and D'Cunha, Arjun and Awasthi, Kamal and Balasubramanian, Vineeth},
  journal={arXiv preprint arXiv:1609.01885},
  year={2016}
}

@inproceedings{szegedy2016rethinking,
  title={Rethinking the inception architecture for computer vision},
  author={Szegedy, Christian and Vanhoucke, Vincent and Ioffe, Sergey and Shlens, Jon and Wojna, Zbigniew},
  booktitle={Proceedings of the IEEE conference on computer vision and pattern recognition},
  pages={2818--2826},
  year={2016}
}

@inproceedings{sandler2018mobilenetv2,
  title={Mobilenetv2: Inverted residuals and linear bottlenecks},
  author={Sandler, Mark and Howard, Andrew and Zhu, Menglong and Zhmoginov, Andrey and Chen, Liang-Chieh},
  booktitle={Proceedings of the IEEE conference on computer vision and pattern recognition},
  pages={4510--4520},
  year={2018}
}

@inproceedings{parkhi2015deep,
  title={Deep face recognition},
  author={Parkhi, Omkar and Vedaldi, Andrea and Zisserman, Andrew},
  booktitle={BMVC 2015-Proceedings of the British Machine Vision Conference 2015},
  year={2015},
  organization={British Machine Vision Association}
}

@inproceedings{chollet2017xception,
  title={Xception: Deep learning with depthwise separable convolutions},
  author={Chollet, Fran{\c{c}}ois},
  booktitle={Proceedings of the IEEE conference on computer vision and pattern recognition},
  pages={1251--1258},
  year={2017}
}

@article{younis2024machine,
  title={Machine learning for human emotion recognition: a comprehensive review},
  author={Younis, Eman MG and Mohsen, Someya and Houssein, Essam H and Ibrahim, Osman Ali Sadek},
  journal={Neural Computing and Applications},
  pages={1--47},
  year={2024},
  publisher={Springer}
}

@article{erat2024emotion,
  title={Emotion recognition with EEG-based brain-computer interfaces: a systematic literature review},
  author={Erat, K{\"u}bra and {\c{S}}ahin, Elif Bilge and Do{\u{g}}an, Furkan and Merdano{\u{g}}lu, Nur and Akcakaya, Ahmet and Durdu, P{\i}nar Onay},
  journal={Multimedia Tools and Applications},
  pages={1--48},
  year={2024},
  publisher={Springer}
}

@article{wu2016review,
  title={Review of affective computing in education/learning: Trends and challenges},
  author={Wu, Chih-Hung and Huang, Yueh-Min and Hwang, Jan-Pan},
  journal={British Journal of Educational Technology},
  volume={47},
  number={6},
  pages={1304--1323},
  year={2016},
  publisher={Wiley Online Library}
}

@article{collet2019associating,
  title={Associating vehicles automation with drivers functional state assessment systems: A challenge for road safety in the future},
  author={Collet, Christian and Musicant, Oren},
  journal={Frontiers in human neuroscience},
  volume={13},
  pages={131},
  year={2019},
  publisher={Frontiers Media SA}
}

@inproceedings{gilleade2005affective,
  title={Affective videogames and modes of affective gaming: assist me, challenge me, emote me},
  author={Gilleade, Kiel Mark and Dix, Alan and Allanson, Jen},
  booktitle={Proceedings of DiGRA 2005 Conference: Changing Views: Worlds in Play},
  year={2005}
}

@article{d2013autotutor,
  title={AutoTutor and affective AutoTutor: Learning by talking with cognitively and emotionally intelligent computers that talk back},
  author={D'mello, Sidney and Graesser, Art},
  journal={ACM Transactions on Interactive Intelligent Systems (TiiS)},
  volume={2},
  number={4},
  pages={1--39},
  year={2013},
  publisher={ACM New York, NY, USA}
}

@inproceedings{bosch2015automatic,
  title={Automatic detection of learning-centered affective states in the wild},
  author={Bosch, Nigel and D'Mello, Sidney and Baker, Ryan and Ocumpaugh, Jaclyn and Shute, Valerie and Ventura, Matthew and Wang, Lubin and Zhao, Weinan},
  booktitle={Proceedings of the 20th international conference on intelligent user interfaces},
  pages={379--388},
  year={2015}
}

@article{henrie2015measuring,
  title={Measuring student engagement in technology-mediated learning: A review},
  author={Henrie, Curtis R and Halverson, Lisa R and Graham, Charles R},
  journal={Computers \& Education},
  volume={90},
  pages={36--53},
  year={2015},
  publisher={Elsevier}
}

@inproceedings{sharma2015displaying,
  title={Displaying teacher’s gaze in a MOOC: Effects on students’ video navigation patterns},
  author={Sharma, Kshitij and Jermann, Patrick and Dillenbourg, Pierre},
  booktitle={Design for Teaching and Learning in a Networked World: 10th European Conference on Technology Enhanced Learning, EC-TEL 2015, Toledo, Spain, September 15-18, 2015, Proceedings 10},
  pages={325--338},
  year={2015},
  organization={Springer}
}

@inproceedings{soltys2017emotions,
  title={Emotions in decision making},
  author={So{\l}tys, Anna and Sowi{\'n}ska-G{\l}ugiewicz, Ilona and Ch{\k{e}}{\'c}, Magdalena and Tyburski, Ernest},
  booktitle={Neuroeconomic and behavioral aspects of decision making: Proceedings of the 2016 Computational Methods in Experimental Economics (CMEE) Conference},
  pages={35--47},
  year={2017},
  organization={Springer}
}

@article{morelli2022decision,
  title={Decision making: A theoretical review},
  author={Morelli, Matteo and Casagrande, Maria and Forte, Giuseppe},
  journal={Integrative Psychological and Behavioral Science},
  volume={56},
  number={3},
  pages={609--629},
  year={2022},
  publisher={Springer}
}

@article{mehendale2020facial,
  title={Facial emotion recognition using convolutional neural networks (FERC)},
  author={Mehendale, Ninad},
  journal={SN Applied Sciences},
  volume={2},
  number={3},
  pages={446},
  year={2020},
  publisher={Springer}
}

@article{sasson2010controlling,
  title={Controlling for response biases clarifies sex and age differences in facial affect recognition},
  author={Sasson, Noah J and Pinkham, Amy E and Richard, Jan and Hughett, Paul and Gur, Raquel E and Gur, Ruben C},
  journal={Journal of Nonverbal Behavior},
  volume={34},
  pages={207--221},
  year={2010},
  publisher={Springer}
}

@article{thompson2014sex,
  title={Sex differences in the ability to recognise non-verbal displays of emotion: A meta-analysis},
  author={Thompson, Ashley E and Voyer, Daniel},
  journal={Cognition and Emotion},
  volume={28},
  number={7},
  pages={1164--1195},
  year={2014},
  publisher={Taylor \& Francis}
}

@article{elfenbein2002universality,
  title={On the universality and cultural specificity of emotion recognition: a meta-analysis.},
  author={Elfenbein, Hillary Anger and Ambady, Nalini},
  journal={Psychological bulletin},
  volume={128},
  number={2},
  pages={203},
  year={2002},
  publisher={American Psychological Association}
}

@article{mesquita2007cultural,
  title={The cultural psychology of emotion.},
  author={Mesquita, Batja and Leu, Janxin},
  year={2007},
  publisher={The Guilford Press}
}

@article{yan2019cross,
  title={Cross-domain facial expression recognition based on transductive deep transfer learning},
  author={Yan, Keyu and Zheng, Wenming and Zhang, Tong and Zong, Yuan and Tang, Chuangao and Lu, Cheng and Cui, Zhen},
  journal={IEEE Access},
  volume={7},
  pages={108906--108915},
  year={2019},
  publisher={IEEE}
}

@article{wang2018micro,
  title={Micro-expression recognition with small sample size by transferring long-term convolutional neural network},
  author={Wang, Su-Jing and Li, Bing-Jun and Liu, Yong-Jin and Yan, Wen-Jing and Ou, Xinyu and Huang, Xiaohua and Xu, Feng and Fu, Xiaolan},
  journal={Neurocomputing},
  volume={312},
  pages={251--262},
  year={2018},
  publisher={Elsevier}
}

@article{peng2017dual,
  title={Dual temporal scale convolutional neural network for micro-expression recognition},
  author={Peng, Min and Wang, Chongyang and Chen, Tong and Liu, Guangyuan and Fu, Xiaolan},
  journal={Frontiers in psychology},
  volume={8},
  pages={1745},
  year={2017},
  publisher={Frontiers Media SA}
}

@article{o2016engagement,
  title={Why engagement matters},
  author={O’Brien, Heather and Cairns, Paul},
  journal={Cham: Springer International Publishing. doi},
  volume={10},
  pages={978--3},
  year={2016},
  publisher={Springer}
}

@inproceedings{attfield2011towards,
  title={Towards a science of user engagement (position paper)},
  author={Attfield, Simon and Kazai, Gabriella and Lalmas, Mounia and Piwowarski, Benjamin},
  booktitle={WSDM workshop on user modelling for Web applications},
  volume={1},
  year={2011},
  organization={Citeseer}
}

@article{el2021adaptive,
  title={Adaptive e-learning environment based on learning styles and its impact on development students' engagement},
  author={El-Sabagh, Hassan A},
  journal={International Journal of Educational Technology in Higher Education},
  volume={18},
  number={1},
  pages={53},
  year={2021},
  publisher={Springer}
}

@article{martin2020systematic,
  title={Systematic review of adaptive learning research designs, context, strategies, and technologies from 2009 to 2018},
  author={Martin, Florence and Chen, Yan and Moore, Robert L and Westine, Carl D},
  journal={Educational Technology Research and Development},
  volume={68},
  number={4},
  pages={1903--1929},
  year={2020},
  publisher={Springer}
}

@article{bernacki2021systematic,
  title={A systematic review of research on personalized learning: Personalized by whom, to what, how, and for what purpose (s)?},
  author={Bernacki, Matthew L and Greene, Meghan J and Lobczowski, Nikki G},
  journal={Educational Psychology Review},
  volume={33},
  number={4},
  pages={1675--1715},
  year={2021},
  publisher={Springer}
}

@article{shemshack2020systematic,
  title={A systematic literature review of personalized learning terms},
  author={Shemshack, Atikah and Spector, Jonathan Michael},
  journal={Smart Learning Environments},
  volume={7},
  number={1},
  pages={33},
  year={2020},
  publisher={Springer}
}

@inproceedings{liu2023dynamic,
  title={Dynamic Scene Adjustment for Player Engagement in VR Game},
  author={Liu, Zhitao and Li, Yi and Xie, Ning and Fan, Youteng and Tang, Haolan and Zhang, Wei},
  booktitle={2023 IEEE Conference on Virtual Reality and 3D User Interfaces Abstracts and Workshops (VRW)},
  pages={1025--1026},
  year={2023},
  organization={IEEE}
}

@inproceedings{dennler2021personalizing,
  title={Personalizing user engagement dynamics in a non-verbal communication game for cerebral palsy},
  author={Dennler, Nathaniel and Yunis, Catherine and Realmuto, Jonathan and Sanger, Terence and Nikolaidis, Stefanos and Matari{\'c}, Maja},
  booktitle={2021 30th IEEE International Conference on Robot \& Human Interactive Communication (RO-MAN)},
  pages={873--879},
  year={2021},
  organization={IEEE}
}

@article{goldau2024adaptive,
  title={Adaptive Control in Assistive Application--A Study Evaluating Shared Control by Users with Limited Upper Limb Mobility},
  author={Goldau, Felix Ferdinand and Pascher, Max and Baumeister, Annalies and Tolle, Patrizia and Gerken, Jens and Frese, Udo},
  journal={arXiv preprint arXiv:2406.06103},
  year={2024}
}

@inproceedings{honeycutt2020soliciting,
  title={Soliciting human-in-the-loop user feedback for interactive machine learning reduces user trust and impressions of model accuracy},
  author={Honeycutt, Donald and Nourani, Mahsan and Ragan, Eric},
  booktitle={Proceedings of the AAAI Conference on Human Computation and Crowdsourcing},
  volume={8},
  pages={63--72},
  year={2020}
}

@article{zhang2021understanding,
  title={Understanding deep learning (still) requires rethinking generalization},
  author={Zhang, Chiyuan and Bengio, Samy and Hardt, Moritz and Recht, Benjamin and Vinyals, Oriol},
  journal={Communications of the ACM},
  volume={64},
  number={3},
  pages={107--115},
  year={2021},
  publisher={ACM New York, NY, USA}
}

@article{kawaguchi2017generalization,
  title={Generalization in deep learning},
  author={Kawaguchi, Kenji and Kaelbling, Leslie Pack and Bengio, Yoshua},
  journal={arXiv preprint arXiv:1710.05468},
  volume={1},
  number={8},
  year={2017}
}

@inproceedings{barthet2023knowing,
  title={Knowing your annotator: Rapidly testing the reliability of affect annotation},
  author={Barthet, Matthew and Trivedi, Chintan and Pinitas, Kosmas and Xylakis, Emmanouil and Makantasis, Konstantinos and Liapis, Antonios and Yannakakis, Georgios N},
  booktitle={2023 11th International Conference on Affective Computing and Intelligent Interaction Workshops and Demos (ACIIW)},
  pages={1--8},
  year={2023},
  organization={IEEE}
}

@article{sorrentino2024definition,
  title={From the Definition to the Automatic Assessment of Engagement in Human--Robot Interaction: A Systematic Review},
  author={Sorrentino, Alessandra and Fiorini, Laura and Cavallo, Filippo},
  journal={International Journal of Social Robotics},
  pages={1--23},
  year={2024},
  publisher={Springer}
}

@article{li2022facial,
  title={Facial micro-expression recognition based on deep local-holistic network},
  author={Li, Jingting and Wang, Ting and Wang, Su-Jing},
  journal={Applied Sciences},
  volume={12},
  number={9},
  pages={4643},
  year={2022},
  publisher={MDPI}
}

@article{oh2018survey,
  title={A survey of automatic facial micro-expression analysis: databases, methods, and challenges},
  author={Oh, Yee-Hui and See, John and Le Ngo, Anh Cat and Phan, Raphael C-W and Baskaran, Vishnu M},
  journal={Frontiers in psychology},
  volume={9},
  pages={1128},
  year={2018},
  publisher={Frontiers Media SA}
}

@article{barbu2010gabor,
  title={Gabor filter-based face recognition technique},
  author={Barbu, Tudor},
  journal={Proceedings of the Romanian Academy},
  volume={11},
  number={3},
  pages={277--283},
  year={2010}
}

@article{ali2020mel,
  title={Mel frequency cepstral coefficient: a review},
  author={Ali, Shalbbya and Tanweer, Safdar and Khalid, Syed Sibtain and Rao, Naseem},
  journal={ICIDSSD},
  year={2020}
}

@article{debnath2022four,
  title={Four-layer ConvNet to facial emotion recognition with minimal epochs and the significance of data diversity},
  author={Debnath, Tanoy and Reza, Md Mahfuz and Rahman, Anichur and Beheshti, Amin and Band, Shahab S and Alinejad-Rokny, Hamid},
  journal={Scientific Reports},
  volume={12},
  number={1},
  pages={6991},
  year={2022},
  publisher={Nature Publishing Group UK London}
}

@inproceedings{lim2016speech,
  title={Speech emotion recognition using convolutional and recurrent neural networks},
  author={Lim, Wootaek and Jang, Daeyoung and Lee, Taejin},
  booktitle={2016 Asia-Pacific signal and information processing association annual summit and conference (APSIPA)},
  pages={1--4},
  year={2016},
  organization={IEEE}
}

@article{wang2023deep,
  title={Deep learning-based EEG emotion recognition: Current trends and future perspectives},
  author={Wang, Xiaohu and Ren, Yongmei and Luo, Ze and He, Wei and Hong, Jun and Huang, Yinzhen},
  journal={Frontiers in psychology},
  volume={14},
  pages={1126994},
  year={2023},
  publisher={Frontiers Media SA}
}

@inproceedings{lee2019generalization,
  title={The generalization effect for multilingual speech emotion recognition across heterogeneous languages},
  author={Lee, Shi-wook},
  booktitle={ICASSP 2019-2019 IEEE International Conference on Acoustics, Speech and Signal Processing (ICASSP)},
  pages={5881--5885},
  year={2019},
  organization={IEEE}
}

@inproceedings{chen2021understanding,
  title={Understanding and mitigating annotation bias in facial expression recognition},
  author={Chen, Yunliang and Joo, Jungseock},
  booktitle={Proceedings of the IEEE/CVF International Conference on Computer Vision},
  pages={14980--14991},
  year={2021}
}

@article{lukac2023study,
  title={Study on emotion recognition bias in different regional groups},
  author={Lukac, Martin and Zhambulova, Gulnaz and Abdiyeva, Kamila and Lewis, Michael},
  journal={Scientific Reports},
  volume={13},
  number={1},
  pages={8414},
  year={2023},
  publisher={Nature Publishing Group UK London}
}

@inproceedings{thomas2017predicting,
  title={Predicting student engagement in classrooms using facial behavioral cues},
  author={Thomas, Chinchu and Jayagopi, Dinesh Babu},
  booktitle={Proceedings of the 1st ACM SIGCHI international workshop on multimodal interaction for education},
  pages={33--40},
  year={2017}
}

@incollection{markus2014culture,
  title={Culture and the self: Implications for cognition, emotion, and motivation},
  author={Markus, Hazel Rose and Kitayama, Shinobu},
  booktitle={College student development and academic life},
  pages={264--293},
  year={2014},
  publisher={Routledge}
}

@inproceedings{zeng2007survey,
  title={A survey of affect recognition methods: audio, visual and spontaneous expressions},
  author={Zeng, Zhihong and Pantic, Maja and Roisman, Glenn I and Huang, Thomas S},
  booktitle={Proceedings of the 9th international conference on Multimodal interfaces},
  pages={126--133},
  year={2007}
}

@incollection{vairamani2024advancements,
  title={Advancements in Multimodal Emotion Recognition: Integrating Facial Expressions and Physiological Signals},
  author={Vairamani, Ajantha Devi},
  booktitle={Affective Computing for Social Good: Enhancing Well-being, Empathy, and Equity},
  pages={217--240},
  year={2024},
  publisher={Springer}
}

@article{karaoglan2022learning,
  title={Learning analytics intervention improves students’ engagement in online learning},
  author={Karaoglan Yilmaz, Fatma Gizem and Yilmaz, Ramazan},
  journal={Technology, Knowledge and Learning},
  volume={27},
  number={2},
  pages={449--460},
  year={2022},
  publisher={Springer}
}

@article{oertel2021towards,
  title={Towards an engagement-aware attentive artificial listener for multi-party interactions},
  author={Oertel, Catharine and Jonell, Patrik and Kontogiorgos, Dimosthenis and Mora, Kenneth Funes and Odobez, Jean-Marc and Gustafson, Joakim},
  journal={Frontiers in Robotics and AI},
  volume={8},
  pages={555913},
  year={2021},
  publisher={Frontiers Media SA}
}

@article{dewan2019engagement,
  title={Engagement detection in online learning: a review},
  author={Dewan, M and Murshed, Mahbub and Lin, Fuhua},
  journal={Smart Learning Environments},
  volume={6},
  number={1},
  pages={1--20},
  year={2019},
  publisher={Springer}
}

@inproceedings{salous2019visual,
  title={Visual and memory-based hci obstacles: Behaviour-based detection and user interface adaptations analysis},
  author={Salous, Mazen and Putze, Felix and Ihrig, Markus and Schultz, Tanja},
  booktitle={2019 IEEE International Conference on Systems, Man and Cybernetics (SMC)},
  pages={1664--1671},
  year={2019},
  organization={IEEE}
}

@inproceedings{monteiro2018evaluating,
  title={Evaluating engagement of virtual reality games based on first and third person perspective using EEG and subjective metrics},
  author={Monteiro, Diego and Liang, Hai-Ning and Abel, Andrew and Bahaei, Nilufar and de Cassia Monteiro, Rita},
  booktitle={2018 IEEE international conference on artificial intelligence and virtual reality (AIVR)},
  pages={53--60},
  year={2018},
  organization={Ieee}
}

@article{amershi2014power,
  title={Power to the people: The role of humans in interactive machine learning},
  author={Amershi, Saleema and Cakmak, Maya and Knox, William Bradley and Kulesza, Todd},
  journal={AI magazine},
  volume={35},
  number={4},
  pages={105--120},
  year={2014}
}

@inproceedings{holstein2019improving,
  title={Improving fairness in machine learning systems: What do industry practitioners need?},
  author={Holstein, Kenneth and Wortman Vaughan, Jennifer and Daum{\'e} III, Hal and Dudik, Miro and Wallach, Hanna},
  booktitle={Proceedings of the 2019 CHI conference on human factors in computing systems},
  pages={1--16},
  year={2019}
}

@article{gong2023cross,
  title={Cross-cultural emotion recognition with EEG and eye movement signals based on multiple stacked broad learning system},
  author={Gong, Xinrong and Chen, CL Philip and Zhang, Tong},
  journal={IEEE Transactions on Computational Social Systems},
  year={2023},
  publisher={IEEE}
}

@article{salam2022automatic,
  title={Automatic context-driven inference of engagement in hmi: A survey},
  author={Salam, Hanan and Celiktutan, Oya and Gunes, Hatice and Chetouani, Mohamed},
  journal={arXiv preprint arXiv:2209.15370},
  year={2022}
}

@article{meng2020learning,
  title={Learning to engage with interactive systems: A field study on deep reinforcement learning in a public museum},
  author={Meng, Lingheng and Lin, Daiwei and Francey, Adam and Gorbet, Rob and Beesley, Philip and Kuli{\'c}, Dana},
  journal={ACM Transactions on Human-Robot Interaction (THRI)},
  volume={10},
  number={1},
  pages={1--29},
  year={2020},
  publisher={ACM New York, NY, USA}
}

@article{weber2023activeaed,
  title={ActiveAED: A human in the loop improves annotation error detection},
  author={Weber, Leon and Plank, Barbara},
  journal={arXiv preprint arXiv:2305.20045},
  year={2023}
}

@inproceedings{zhang2023labelvizier,
  title={Labelvizier: Interactive validation and relabeling for technical text annotations},
  author={Zhang, Xiaoyu and Xuan, Xiwei and Dima, Alden and Sexton, Thurston and Ma, Kwan-Liu},
  booktitle={2023 IEEE 16th Pacific Visualization Symposium (PacificVis)},
  pages={167--176},
  year={2023},
  organization={IEEE}
}

@article{taherisadr2023erudite,
  title={Erudite: Human-in-the-loop iot for an adaptive personalized learning system},
  author={Taherisadr, Mojtaba and Al Faruque, Mohammad Abdullah and Elmalaki, Salma},
  journal={IEEE Internet of Things Journal},
  year={2023},
  publisher={IEEE}
}

@inproceedings{yigitbas2021enhancing,
  title={Enhancing human-in-the-loop adaptive systems through digital twins and VR interfaces},
  author={Yigitbas, Enes and Karakaya, Kadiray and Jovanovikj, Ivan and Engels, Gregor},
  booktitle={2021 International Symposium on Software Engineering for Adaptive and Self-Managing Systems (SEAMS)},
  pages={30--40},
  year={2021},
  organization={IEEE}
}

@article{pan2009survey,
  title={A survey on transfer learning},
  author={Pan, Sinno Jialin and Yang, Qiang},
  journal={IEEE Transactions on knowledge and data engineering},
  volume={22},
  number={10},
  pages={1345--1359},
  year={2009},
  publisher={IEEE}
}

@inproceedings{deng2009imagenet,
  title={Imagenet: A large-scale hierarchical image database},
  author={Deng, Jia and Dong, Wei and Socher, Richard and Li, Li-Jia and Li, Kai and Fei-Fei, Li},
  booktitle={2009 IEEE conference on computer vision and pattern recognition},
  pages={248--255},
  year={2009},
  organization={Ieee}
}

@article{yosinski2014transferable,
  title={How transferable are features in deep neural networks?},
  author={Yosinski, Jason and Clune, Jeff and Bengio, Yoshua and Lipson, Hod},
  journal={Advances in neural information processing systems},
  volume={27},
  year={2014}
}

@article{graves2012sequence,
  title={Sequence transduction with recurrent neural networks},
  author={Graves, Alex},
  journal={arXiv preprint arXiv:1211.3711},
  year={2012}
}

@article{bengio1994learning,
  title={Learning long-term dependencies with gradient descent is difficult},
  author={Bengio, Yoshua and Simard, Patrice and Frasconi, Paolo},
  journal={IEEE transactions on neural networks},
  volume={5},
  number={2},
  pages={157--166},
  year={1994},
  publisher={IEEE}
}

@article{hochreiter1997long,
  title={Long Short-term Memory},
  author={Hochreiter, S},
  journal={Neural Computation MIT-Press},
  year={1997}
}

@article{montaha2022timedistributed,
  title={Timedistributed-cnn-lstm: A hybrid approach combining cnn and lstm to classify brain tumor on 3d mri scans performing ablation study},
  author={Montaha, Sidratul and Azam, Sami and Rafid, AKM Rakibul Haque and Hasan, Md Zahid and Karim, Asif and Islam, Ashraful},
  journal={IEEE Access},
  volume={10},
  pages={60039--60059},
  year={2022},
  publisher={IEEE}
}

@article{russakovsky2015imagenet,
  title={Imagenet large scale visual recognition challenge},
  author={Russakovsky, Olga and Deng, Jia and Su, Hao and Krause, Jonathan and Satheesh, Sanjeev and Ma, Sean and Huang, Zhiheng and Karpathy, Andrej and Khosla, Aditya and Bernstein, Michael and others},
  journal={International journal of computer vision},
  volume={115},
  pages={211--252},
  year={2015},
  publisher={Springer}
}

@article{simonyan2014very,
  title={Very deep convolutional networks for large-scale image recognition},
  author={Simonyan, Karen},
  journal={arXiv preprint arXiv:1409.1556},
  year={2014}
}

@inproceedings{grace2023multi,
  title={Multi-Modal Based Fusion Emotion Identification Using Inception V3 Algorithm},
  author={Grace, R Kingsy and others},
  booktitle={2023 International Conference on Self Sustainable Artificial Intelligence Systems (ICSSAS)},
  pages={690--694},
  year={2023},
  organization={IEEE}
}

@article{ikram2023recognition,
  title={Recognition of student engagement state in a classroom environment using deep and efficient transfer learning algorithm},
  author={Ikram, Sana and Ahmad, Haseeb and Mahmood, Nasir and Faisal, CM Nadeem and Abbas, Qaisar and Qureshi, Imran and Hussain, Ayyaz},
  journal={Applied Sciences},
  volume={13},
  number={15},
  pages={8637},
  year={2023},
  publisher={MDPI}
}

@misc{jain2018,
  author       = {Anchit Jain},
  title        = {Improve your model accuracy by Transfer Learning},
  year         = {2018},
  month        = jul,
  day          = {09},
  howpublished = {\url{https://medium.com/data-science-101/transfer-learning-57ce3b98650}},
  note         = {Accessed: 2024-11-27}
}

@article{an2020facial,
  title={Facial expression recognition algorithm based on parameter adaptive initialization of CNN and LSTM},
  author={An, Fengping and Liu, Zhiwen},
  journal={The visual computer},
  volume={36},
  number={3},
  pages={483--498},
  year={2020},
  publisher={Springer}
}

@article{ross2017paired,
  title={Paired samples T-test},
  author={Ross, Amanda and Willson, Victor L and Ross, Amanda and Willson, Victor L},
  journal={Basic and Advanced Statistical Tests: Writing Results Sections and Creating Tables and Figures},
  pages={17--19},
  year={2017},
  publisher={Springer}
}

@article{st1989analysis,
  title={Analysis of variance (ANOVA)},
  author={St, Lars and Wold, Svante and others},
  journal={Chemometrics and intelligent laboratory systems},
  volume={6},
  number={4},
  pages={259--272},
  year={1989},
  publisher={Elsevier}
}

@article{mckight2010kruskal,
  title={Kruskal-wallis test},
  author={McKight, Patrick E and Najab, Julius},
  journal={The corsini encyclopedia of psychology},
  pages={1--1},
  year={2010},
  publisher={Wiley Online Library}
}

@article{mchugh2013chi,
  title={The chi-square test of independence},
  author={McHugh, Mary L},
  journal={Biochemia medica},
  volume={23},
  number={2},
  pages={143--149},
  year={2013},
  publisher={Medicinska naklada}
}

@article{bergsma2013bias,
  title={A bias-correction for Cram{\'e}r’s V and Tschuprow’s T},
  author={Bergsma, Wicher},
  journal={Journal of the Korean Statistical Society},
  volume={42},
  number={3},
  pages={323--328},
  year={2013},
  publisher={Elsevier}
}

@article{berger2014kolmogorov,
  title={Kolmogorov--smirnov test: Overview},
  author={Berger, Vance W and Zhou, YanYan},
  journal={Wiley statsref: Statistics reference online},
  year={2014},
  publisher={Wiley Online Library}
}

@article{peng2014beyond,
  title={Beyond Cohen's d: Alternative effect size measures for between-subject designs},
  author={Peng, Chao-Ying Joanne and Chen, Li-Ting},
  journal={The Journal of Experimental Education},
  volume={82},
  number={1},
  pages={22--50},
  year={2014},
  publisher={Taylor \& Francis}
}

@article{watanabe2021discaas,
  title={Discaas: Micro behavior analysis on discussion by camera as a sensor},
  author={Watanabe, Ko and Soneda, Yusuke and Matsuda, Yuki and Nakamura, Yugo and Arakawa, Yutaka and Dengel, Andreas and Ishimaru, Shoya},
  journal={Sensors},
  volume={21},
  number={17},
  pages={5719},
  year={2021},
  publisher={MDPI}
}

@article{watanabe2023engauge,
  title={Engauge: Engagement gauge of meeting participants estimated by facial expression and deep neural network},
  author={Watanabe, Ko and Sathyanarayana, Tanuja and Dengel, Andreas and Ishimaru, Shoya},
  journal={IEEE Access},
  volume={11},
  pages={52886--52898},
  year={2023},
  publisher={IEEE}
}

@inproceedings{luo2024emotion,
author = {Luo, Yuhan and Yu, Junnan and Liang, Minhui and Wan, Yichen and Zhu, Kening and Santosa, Shannon Sie},
title = {Emotion Embodied: Unveiling the Expressive Potential of Single-Hand Gestures},
year = {2024},
isbn = {9798400703300},
publisher = {Association for Computing Machinery},
address = {New York, NY, USA},
url = {https://doi.org/10.1145/3613904.3642255},
doi = {10.1145/3613904.3642255},
abstract = {Hand gestures are widely used in daily life for expressing emotions, yet gesture input is not part of existing emotion tracking systems. To seek a practical and effortless way of using gestures to inform emotions, we explore the relationships between gestural features and commonly experienced emotions by focusing on single-hand gestures that are easy to perform and capture. First, we collected 756 gestures (in photo and video pairs) from 63 participants who expressed different emotions in a survey, and then interviewed 11 of them to understand their gesture-forming rationales. We found that the valence and arousal level of the expressed emotions significantly correlated with participants’ finger-pointing direction and their gesture strength, and synthesized four channels through which participants externalized their expressions with gestures. Reflecting on the findings, we discuss how emotions can be characterized and contextualized with gestural cues and implications for designing multimodal emotion tracking systems and beyond.},
booktitle = {Proceedings of the 2024 CHI Conference on Human Factors in Computing Systems},
articleno = {404},
numpages = {17},
keywords = {Emotion capture, gesture elicitation, gesture interaction},
location = {Honolulu, HI, USA},
series = {CHI '24}
}

@article{el2011survey,
  title={Survey on speech emotion recognition: Features, classification schemes, and databases},
  author={El Ayadi, Moataz and Kamel, Mohamed S and Karray, Fakhri},
  journal={Pattern recognition},
  volume={44},
  number={3},
  pages={572--587},
  year={2011},
  publisher={Elsevier}
}

@inproceedings{tanaka2024concentration,
  title={Concentration Estimation in Online Video Lecture Using Multimodal Sensors},
  author={Tanaka, Noriyuki and Watanabe, Ko and Ishimaru, Shoya and Dengel, Andreas and Ata, Shingo and Fujimoto, Manato},
  booktitle={Companion of the 2024 on ACM International Joint Conference on Pervasive and Ubiquitous Computing},
  pages={71--75},
  year={2024}
}

@article{matsuda2018emotour,
  title={EmoTour: Estimating emotion and satisfaction of users based on behavioral cues and audiovisual data},
  author={Matsuda, Yuki and Fedotov, Dmitrii and Takahashi, Yuta and Arakawa, Yutaka and Yasumoto, Keiichi and Minker, Wolfgang},
  journal={Sensors},
  volume={18},
  number={11},
  pages={3978},
  year={2018},
  publisher={MDPI}
}

@inproceedings{john2019pupil,
author = {John, Brendan},
title = {Pupil diameter as a measure of emotion and sickness in VR},
year = {2019},
isbn = {9781450367097},
publisher = {Association for Computing Machinery},
address = {New York, NY, USA},
url = {https://doi.org/10.1145/3314111.3322868},
doi = {10.1145/3314111.3322868},
abstract = {Eye tracking is rapidly becoming popular in consumer technology, including virtual and augmented reality. Eye trackers commonly provide an estimate of gaze location, and pupil diameter. Pupil diameter is useful for interactive systems, as it provides means to estimate cognitive load, stress, and emotional state. However, there are several roadblocks that limit the use of pupil diameter. In VR HMDs there are a lack of models that account for stereoscopic viewing and the increased brightness of near eye displays. Existing work has shown correlations between pupil diameter and emotion, but have not been extended to VR environments. The scope of this work is to bridge the gap between existing research on emotion and pupil diameter to VR, while also attempting to use pupillary data to tackle the problem of simulator sickness in VR.},
booktitle = {Proceedings of the 11th ACM Symposium on Eye Tracking Research \& Applications},
articleno = {49},
numpages = {3},
keywords = {virtual reality, simulator sickness, pupillary light reflex, pupil diameter, arousal classification},
location = {Denver, Colorado},
series = {ETRA '19}
}

@article{shu2018review,
  title={A review of emotion recognition using physiological signals},
  author={Shu, Lin and Xie, Jinyan and Yang, Mingyue and Li, Ziyi and Li, Zhenqi and Liao, Dan and Xu, Xiangmin and Yang, Xinyi},
  journal={Sensors},
  volume={18},
  number={7},
  pages={2074},
  year={2018},
  publisher={MDPI}
}

@article{wu2022survey,
  title={A survey of human-in-the-loop for machine learning},
  author={Wu, Xingjiao and Xiao, Luwei and Sun, Yixuan and Zhang, Junhang and Ma, Tianlong and He, Liang},
  journal={Future Generation Computer Systems},
  volume={135},
  pages={364--381},
  year={2022},
  publisher={Elsevier}
}

@inproceedings{watanabe2024metacognition,
  title={Metacognition-EnGauge: Real-time Augmentation of Self-and-Group Engagement Levels Understanding by Gauge Interface in Online Meetings},
  author={Watanabe, Ko and Dengel, Andreas and Ishimaru, Shoya},
  booktitle={Proceedings of the Augmented Humans International Conference 2024},
  pages={301--303},
  year={2024}
}

@article{chen2022quantitative,
  title={Quantitative Evaluation System for Online Meetings Based on Multimodal Microbehavior Analysis.},
  author={Chen, Chenhao and Arakawa, Yutaka and Watanabe, Ko and Ishimaru, Shoya},
  journal={Sensors \& Materials},
  volume={34},
  year={2022}
}

@ARTICLE{bhatt2024estimating,
  author={Bhatt, Ankur and Watanabe, Ko and Santhosh, Jayasankar and Dengel, Andreas and Ishimaru, Shoya},
  journal={IEEE Access}, 
  title={Estimating Self-Confidence in Video-Based Learning Using Eye-Tracking and Deep Neural Networks}, 
  year={2024},
  volume={12},
  number={},
  pages={192219-192229},
  keywords={Gaze tracking;Support vector machines;Reviews;Long short term memory;Data collection;Feature extraction;Estimation;Electroencephalography;Random forests;Radio frequency;Eye-tracking;learning augmentation;self-confidence estimation},
  doi={10.1109/ACCESS.2024.3515838}}
