@inproceedings{andriushchenko2020square,
  title={Square attack: a query-efficient black-box adversarial attack via random search},
  author={Andriushchenko, Maksym and Croce, Francesco and Flammarion, Nicolas and Hein, Matthias},
  booktitle={European conference on computer vision},
  pages={484--501},
  year={2020},
  organization={Springer}
}

@article{bartunov2018assessing,
  title={Assessing the scalability of biologically-motivated deep learning algorithms and architectures},
  author={Bartunov, Sergey and Santoro, Adam and Richards, Blake and Marris, Luke and Hinton, Geoffrey E and Lillicrap, Timothy},
  journal={Advances in neural information processing systems},
  volume={31},
  year={2018}
}

@article{bengio2014auto,
  title={How auto-encoders could provide credit assignment in deep networks via target propagation},
  author={Bengio, Yoshua},
  journal={arXiv preprint arXiv:1407.7906},
  year={2014}
}

@article{crick1989recent,
  title={The recent excitement about neural networks.},
  author={Crick, Francis},
  journal={Nature},
  volume={337},
  number={6203},
  pages={129--132},
  year={1989}
}

@inproceedings{czarnecki2017understanding,
  title={Understanding synthetic gradients and decoupled neural interfaces},
  author={Czarnecki, Wojciech Marian and {\'S}wirszcz, Grzegorz and Jaderberg, Max and Osindero, Simon and Vinyals, Oriol and Kavukcuoglu, Koray},
  booktitle={International Conference on Machine Learning},
  pages={904--912},
  year={2017},
  organization={PMLR}
}

@article{goodfellow2014explaining,
  title={Explaining and harnessing adversarial examples},
  author={Goodfellow, Ian J},
  journal={arXiv preprint arXiv:1412.6572},
  year={2014}
}

@article{grossberg1987competitive,
  title={Competitive learning: From interactive activation to adaptive resonance},
  author={Grossberg, Stephen},
  journal={Cognitive science},
  volume={11},
  number={1},
  pages={23--63},
  year={1987},
  publisher={Elsevier}
}

@inproceedings{hinton2007backpropagation,
  title={How to do backpropagation in a brain},
  author={Hinton, Geoffrey and others},
  booktitle={Invited talk at the NIPSâ€™2007 deep learning workshop},
  volume={656},
  pages={1--16},
  year={2007}
}

@incollection{le1986learning,
  title={Learning process in an asymmetric threshold network},
  author={Le Cun, Yann},
  booktitle={Disordered systems and biological organization},
  pages={233--240},
  year={1986},
  publisher={Springer}
}

@inproceedings{lee2015difference,
  title={Difference target propagation},
  author={Lee, Dong-Hyun and Zhang, Saizheng and Fischer, Asja and Bengio, Yoshua},
  booktitle={Machine Learning and Knowledge Discovery in Databases: European Conference, ECML PKDD 2015, Porto, Portugal, September 7-11, 2015, Proceedings, Part I 15},
  pages={498--515},
  year={2015},
  organization={Springer}
}

@inproceedings{liao2016important,
  title={How important is weight symmetry in backpropagation?},
  author={Liao, Qianli and Leibo, Joel and Poggio, Tomaso},
  booktitle={Proceedings of the AAAI Conference on Artificial Intelligence},
  volume={30},
  number={1},
  year={2016}
}

@article{lillicrap2016random,
  title={Random synaptic feedback weights support error backpropagation for deep learning},
  author={Lillicrap, Timothy P and Cownden, Daniel and Tweed, Douglas B and Akerman, Colin J},
  journal={Nature communications},
  volume={7},
  number={1},
  pages={13276},
  year={2016},
  publisher={Nature Publishing Group UK London}
}

@article{lillicrap2020backpropagation,
  title={Backpropagation and the brain},
  author={Lillicrap, Timothy P and Santoro, Adam and Marris, Luke and Akerman, Colin J and Hinton, Geoffrey},
  journal={Nature Reviews Neuroscience},
  volume={21},
  number={6},
  pages={335--346},
  year={2020},
  publisher={Nature Publishing Group UK London}
}

@article{madry2017towards,
  title={Towards deep learning models resistant to adversarial attacks},
  author={Madry, Aleksander},
  journal={arXiv preprint arXiv:1706.06083},
  year={2017}
}

@article{sanfiz2021benchmarking,
  title={Benchmarking the accuracy and robustness of feedback alignment algorithms},
  author={Sanfiz, Albert Jim{\'e}nez and Akrout, Mohamed},
  journal={arXiv preprint arXiv:2108.13446},
  year={2021}
}

@book{schwartz1993computational,
  title={Computational neuroscience},
  author={Schwartz, Eric L},
  year={1993},
  publisher={Mit Press}
}

@article{su2019one,
  title={One pixel attack for fooling deep neural networks},
  author={Su, Jiawei and Vargas, Danilo Vasconcellos and Sakurai, Kouichi},
  journal={IEEE Transactions on Evolutionary Computation},
  volume={23},
  number={5},
  pages={828--841},
  year={2019},
  publisher={IEEE}
}

@inproceedings{zhang2019theoretically,
  title={Theoretically principled trade-off between robustness and accuracy},
  author={Zhang, Hongyang and Yu, Yaodong and Jiao, Jiantao and Xing, Eric and El Ghaoui, Laurent and Jordan, Michael},
  booktitle={International conference on machine learning},
  pages={7472--7482},
  year={2019},
  organization={PMLR}
}

@article{zimmermann2019comment,
  title={Comment on" Adv-BNN: Improved Adversarial Defense through Robust Bayesian Neural Network"},
  author={Zimmermann, Roland S},
  journal={arXiv preprint arXiv:1907.00895},
  year={2019}
}

