@incollection{Bengio+chapter2007,
author = {Bengio, Yoshua and LeCun, Yann},
booktitle = {Large Scale Kernel Machines},
publisher = {MIT Press},
title = {Scaling Learning Algorithms Towards {AI}},
year = {2007}
}

@article{Hinton06,
author = {Hinton, Geoffrey E. and Osindero, Simon and Teh, Yee Whye},
journal = {Neural Computation},
pages = {1527--1554},
title = {A Fast Learning Algorithm for Deep Belief Nets},
volume = {18},
year = {2006}
}

@book{goodfellow2016deep,
title={Deep learning},
author={Goodfellow, Ian and Bengio, Yoshua and Courville, Aaron and Bengio, Yoshua},
volume={1},
year={2016},
publisher={MIT Press}
}


@article{lillicrap2020backpropagation,
  title={Backpropagation and the brain},
  author={Lillicrap, Timothy P and Santoro, Adam and Marris, Luke and Akerman, Colin J and Hinton, Geoffrey},
  journal={Nature Reviews Neuroscience},
  volume={21},
  number={6},
  pages={335--346},
  year={2020},
  publisher={Nature Publishing Group UK London}
}



@book{hebb2005organization,
  title={The organization of behavior: A neuropsychological theory},
  author={Hebb, Donald Olding},
  year={2005},
  publisher={Psychology press}
}

@inproceedings{liao2016important,
  title={How important is weight symmetry in backpropagation?},
  author={Liao, Qianli and Leibo, Joel and Poggio, Tomaso},
  booktitle={Proceedings of the AAAI Conference on Artificial Intelligence},
  volume={30},
  number={1},
  year={2016}
}



@article{markram1997regulation,
  title={Regulation of synaptic efficacy by coincidence of postsynaptic APs and EPSPs},
  author={Markram, Henry and L{\"u}bke, Joachim and Frotscher, Michael and Sakmann, Bert},
  journal={Science},
  volume={275},
  number={5297},
  pages={213--215},
  year={1997},
  publisher={American Association for the Advancement of Science}
}


@article{bliss1973long,
  title={Long-lasting potentiation of synaptic transmission in the dentate area of the anaesthetized rabbit following stimulation of the perforant path},
  author={Bliss, Tim VP and L{\o}mo, Terje},
  journal={The Journal of physiology},
  volume={232},
  number={2},
  pages={331--356},
  year={1973},
  publisher={Wiley Online Library}
}

@article{lansdell2019learning,
  title={Learning to solve the credit assignment problem},
  author={Lansdell, Benjamin James and Prakash, Prashanth Ravi and Kording, Konrad Paul},
  journal={arXiv preprint arXiv:1906.00889},
  year={2019}
}


@article{rumelhart1986learning,
  title={Learning representations by back-propagating errors},
  author={Rumelhart, David E and Hinton, Geoffrey E and Williams, Ronald J},
  journal={nature},
  volume={323},
  number={6088},
  pages={533--536},
  year={1986},
  publisher={Nature Publishing Group UK London}
}


@article{linnainmaa1976taylor,
  title={Taylor expansion of the accumulated rounding error},
  author={Linnainmaa, Seppo},
  journal={BIT Numerical Mathematics},
  volume={16},
  number={2},
  pages={146--160},
  year={1976},
  publisher={Springer}
}


@article{grossberg1987competitive,
  title={Competitive learning: From interactive activation to adaptive resonance},
  author={Grossberg, Stephen},
  journal={Cognitive science},
  volume={11},
  number={1},
  pages={23--63},
  year={1987},
  publisher={Elsevier}
}

@article{crick1989recent,
  title={The recent excitement about neural networks.},
  author={Crick, Francis},
  journal={Nature},
  volume={337},
  number={6203},
  pages={129--132},
  year={1989}
}

@book{schwartz1993computational,
  title={Computational neuroscience},
  author={Schwartz, Eric L},
  year={1993},
  publisher={Mit Press}
}


@article{lillicrap2016random,
  title={Random synaptic feedback weights support error backpropagation for deep learning},
  author={Lillicrap, Timothy P and Cownden, Daniel and Tweed, Douglas B and Akerman, Colin J},
  journal={Nature communications},
  volume={7},
  number={1},
  pages={13276},
  year={2016},
  publisher={Nature Publishing Group UK London}
}


@inproceedings{czarnecki2017understanding,
  title={Understanding synthetic gradients and decoupled neural interfaces},
  author={Czarnecki, Wojciech Marian and {\'S}wirszcz, Grzegorz and Jaderberg, Max and Osindero, Simon and Vinyals, Oriol and Kavukcuoglu, Koray},
  booktitle={International Conference on Machine Learning},
  pages={904--912},
  year={2017},
  organization={PMLR}
}

@article{lillicrap2014random,
  title={Random feedback weights support learning in deep neural networks},
  author={Lillicrap, Timothy P and Cownden, Daniel and Tweed, Douglas B and Akerman, Colin J},
  journal={arXiv preprint arXiv:1411.0247},
  year={2014}
}

@article{szegedy2013intriguing,
  title={Intriguing properties of neural networks},
  author={Szegedy, C},
  journal={arXiv preprint arXiv:1312.6199},
  year={2013}
}

@article{bartunov2018assessing,
  title={Assessing the scalability of biologically-motivated deep learning algorithms and architectures},
  author={Bartunov, Sergey and Santoro, Adam and Richards, Blake and Marris, Luke and Hinton, Geoffrey E and Lillicrap, Timothy},
  journal={Advances in neural information processing systems},
  volume={31},
  year={2018}
}

@incollection{le1986learning,
  title={Learning process in an asymmetric threshold network},
  author={Le Cun, Yann},
  booktitle={Disordered systems and biological organization},
  pages={233--240},
  year={1986},
  publisher={Springer}
}

@inproceedings{hinton2007backpropagation,
  title={How to do backpropagation in a brain},
  author={Hinton, Geoffrey and others},
  booktitle={Invited talk at the NIPS’2007 deep learning workshop},
  volume={656},
  pages={1--16},
  year={2007}
}

@article{bengio2014auto,
  title={How auto-encoders could provide credit assignment in deep networks via target propagation},
  author={Bengio, Yoshua},
  journal={arXiv preprint arXiv:1407.7906},
  year={2014}
}

@inproceedings{lee2015difference,
  title={Difference target propagation},
  author={Lee, Dong-Hyun and Zhang, Saizheng and Fischer, Asja and Bengio, Yoshua},
  booktitle={Machine Learning and Knowledge Discovery in Databases: European Conference, ECML PKDD 2015, Porto, Portugal, September 7-11, 2015, Proceedings, Part I 15},
  pages={498--515},
  year={2015},
  organization={Springer}
}

@article{hussain2022efficient,
  title={An efficient supervised deep hashing method for image retrieval},
  author={Hussain, Abid and Li, Heng-Chao and Ali, Muqadar and Wali, Samad and Hussain, Mehboob and Rehman, Amir},
  journal={Entropy},
  volume={24},
  number={10},
  pages={1425},
  year={2022},
  publisher={MDPI}
}


@inproceedings{xia2014supervised,
  title={Supervised hashing for image retrieval via image representation learning},
  author={Xia, Rongkai and Pan, Yan and Lai, Hanjiang and Liu, Cong and Yan, Shuicheng},
  booktitle={Proceedings of the AAAI conference on artificial intelligence},
  volume={28},
  number={1},
  year={2014}
}

@article{luo2022image,
  title={Image retrieval algorithm based on locality-sensitive hash using convolutional neural network and attention mechanism},
  author={Luo, Youmeng and Li, Wei and Ma, Xiaoyu and Zhang, Kaiqiang},
  journal={Information},
  volume={13},
  number={10},
  pages={446},
  year={2022},
  publisher={MDPI}
}


@article{yang2022deep,
  title={Deep parameter-free attention hashing for image retrieval},
  author={Yang, Wenjing and Wang, Liejun and Cheng, Shuli},
  journal={Scientific Reports},
  volume={12},
  number={1},
  pages={7082},
  year={2022},
  publisher={Nature Publishing Group UK London}
}

@article{fang2021scalable,
  title={Scalable supervised online hashing for image retrieval},
  author={Fang, Yuzhi and Liu, Li},
  journal={Journal of Computational Design and Engineering},
  volume={8},
  number={5},
  pages={1391--1406},
  year={2021},
  publisher={Oxford University Press}
}


@article{krizhevsky2012imagenet,
  title={Imagenet classification with deep convolutional neural networks},
  author={Krizhevsky, Alex and Sutskever, Ilya and Hinton, Geoffrey E},
  journal={Advances in neural information processing systems},
  volume={25},
  year={2012}
}

@article{simonyan2014very,
  title={Very deep convolutional networks for large-scale image recognition},
  author={Simonyan, Karen and Zisserman, Andrew},
  journal={arXiv preprint arXiv:1409.1556},
  year={2014}
}

@inproceedings{he2016deep,
  title={Deep residual learning for image recognition},
  author={He, Kaiming and Zhang, Xiangyu and Ren, Shaoqing and Sun, Jian},
  booktitle={Proceedings of the IEEE conference on computer vision and pattern recognition},
  pages={770--778},
  year={2016}
}


@inproceedings{athalye2018obfuscated,
  title={Obfuscated gradients give a false sense of security: Circumventing defenses to adversarial examples},
  author={Athalye, Anish and Carlini, Nicholas and Wagner, David},
  booktitle={International conference on machine learning},
  pages={274--283},
  year={2018},
  organization={PMLR}
}

@article{carlini2019evaluating,
  title={On evaluating adversarial robustness},
  author={Carlini, Nicholas and Athalye, Anish and Papernot, Nicolas and Brendel, Wieland and Rauber, Jonas and Tsipras, Dimitris and Goodfellow, Ian and Madry, Aleksander and Kurakin, Alexey},
  journal={arXiv preprint arXiv:1902.06705},
  year={2019}
}


@inproceedings{uesato2018adversarial,
  title={Adversarial risk and the dangers of evaluating against weak attacks},
  author={Uesato, Jonathan and O’donoghue, Brendan and Kohli, Pushmeet and Oord, Aaron},
  booktitle={International conference on machine learning},
  pages={5025--5034},
  year={2018},
  organization={PMLR}
}

@article{vuyyuru2020biologically,
  title={Biologically inspired mechanisms for adversarial robustness},
  author={Vuyyuru, Manish Reddy and Banburski, Andrzej and Pant, Nishka and Poggio, Tomaso},
  journal={Advances in Neural Information Processing Systems},
  volume={33},
  pages={2135--2146},
  year={2020}
}

@article{sanfiz2021benchmarking,
  title={Benchmarking the accuracy and robustness of feedback alignment algorithms},
  author={Sanfiz, Albert Jim{\'e}nez and Akrout, Mohamed},
  journal={arXiv preprint arXiv:2108.13446},
  year={2021}
}

@article{rauber2017foolbox,
  title={Foolbox: A python toolbox to benchmark the robustness of machine learning models},
  author={Rauber, Jonas and Brendel, Wieland and Bethge, Matthias},
  journal={arXiv preprint arXiv:1707.04131},
  year={2017}
}

@article{goodfellow2014explaining,
  title={Explaining and harnessing adversarial examples},
  author={Goodfellow, Ian J},
  journal={arXiv preprint arXiv:1412.6572},
  year={2014}
}


@article{madry2017towards,
  title={Towards deep learning models resistant to adversarial attacks},
  author={Madry, Aleksander},
  journal={arXiv preprint arXiv:1706.06083},
  year={2017}
}

@article{schwengber2023deep,
  title={Deep Hashing via Householder Quantization},
  author={Schwengber, Lucas R and Resende, Lucas and Orenstein, Paulo and Oliveira, Roberto I},
  journal={arXiv preprint arXiv:2311.04207},
  year={2023}
}

@inproceedings{cao2018deep,
  title={Deep cauchy hashing for hamming space retrieval},
  author={Cao, Yue and Long, Mingsheng and Liu, Bin and Wang, Jianmin},
  booktitle={Proceedings of the IEEE conference on computer vision and pattern recognition},
  pages={1229--1237},
  year={2018}
}

@inproceedings{zhu2016deep,
  title={Deep hashing network for efficient similarity retrieval},
  author={Zhu, Han and Long, Mingsheng and Wang, Jianmin and Cao, Yue},
  booktitle={Proceedings of the AAAI conference on Artificial Intelligence},
  volume={30},
  number={1},
  year={2016}
}

@article{krizhevsky2009learning,
  title={Learning multiple layers of features from tiny images},
  author={Krizhevsky, Alex and Hinton, Geoffrey and others},
  year={2009},
  publisher={Toronto, ON, Canada}
}

@inproceedings{deng2009imagenet,
  title={Imagenet: A large-scale hierarchical image database},
  author={Deng, Jia and Dong, Wei and Socher, Richard and Li, Li-Jia and Li, Kai and Fei-Fei, Li},
  booktitle={2009 IEEE conference on computer vision and pattern recognition},
  pages={248--255},
  year={2009},
  organization={Ieee}
}


@inproceedings{chua2009nus,
  title={Nus-wide: a real-world web image database from national university of singapore},
  author={Chua, Tat-Seng and Tang, Jinhui and Hong, Richang and Li, Haojie and Luo, Zhiping and Zheng, Yantao},
  booktitle={Proceedings of the ACM international conference on image and video retrieval},
  pages={1--9},
  year={2009}
}


@inproceedings{xu2022hyp2,
  title={Hyp2 loss: Beyond hypersphere metric space for multi-label image retrieval},
  author={Xu, Chengyin and Chai, Zenghao and Xu, Zhengzhuo and Yuan, Chun and Fan, Yanbo and Wang, Jue},
  booktitle={Proceedings of the 30th ACM international conference on multimedia},
  pages={3173--3184},
  year={2022}
}


@article{berriche2024leveraging,
  title={Leveraging High-Resolution Features for Improved Deep Hashing-based Image Retrieval},
  author={Berriche, Aymene and Zakaria, Mehdi Adjal and Baghdadi, Riyadh},
  journal={arXiv preprint arXiv:2403.13747},
  year={2024}
}


@inproceedings{lin2014microsoft,
  title={Microsoft coco: Common objects in context},
  author={Lin, Tsung-Yi and Maire, Michael and Belongie, Serge and Hays, James and Perona, Pietro and Ramanan, Deva and Doll{\'a}r, Piotr and Zitnick, C Lawrence},
  booktitle={Computer Vision--ECCV 2014: 13th European Conference, Zurich, Switzerland, September 6-12, 2014, Proceedings, Part V 13},
  pages={740--755},
  year={2014},
  organization={Springer}
}


@article{singh2022learning,
  title={Learning to hash: a comprehensive survey of deep learning-based hashing methods},
  author={Singh, Avantika and Gupta, Shaifu},
  journal={Knowledge and Information Systems},
  volume={64},
  number={10},
  pages={2565--2597},
  year={2022},
  publisher={Springer}
}


@inproceedings{cao2017hashnet,
  title={Hashnet: Deep learning to hash by continuation},
  author={Cao, Zhangjie and Long, Mingsheng and Wang, Jianmin and Yu, Philip S},
  booktitle={Proceedings of the IEEE international conference on computer vision},
  pages={5608--5617},
  year={2017}
}

@article{yuan2023semantic,
  title={Semantic-aware adversarial training for reliable deep hashing retrieval},
  author={Yuan, Xu and Zhang, Zheng and Wang, Xunguang and Wu, Lin},
  journal={IEEE Transactions on Information Forensics and Security},
  year={2023},
  publisher={IEEE}
}

@article{yang2018adversarial,
  title={Adversarial examples for hamming space search},
  author={Yang, Erkun and Liu, Tongliang and Deng, Cheng and Tao, Dacheng},
  journal={IEEE transactions on cybernetics},
  volume={50},
  number={4},
  pages={1473--1484},
  year={2018},
  publisher={IEEE}
}

@inproceedings{lu2021smart,
  title={A smart adversarial attack on deep hashing based image retrieval},
  author={Lu, Junda and Chen, Mingyang and Sun, Yifang and Wang, Wei and Wang, Yi and Yang, Xiaochun},
  booktitle={Proceedings of the 2021 international conference on multimedia retrieval},
  pages={227--235},
  year={2021}
}


@article{zhang2019limitations,
  title={The limitations of adversarial training and the blind-spot attack},
  author={Zhang, Huan and Chen, Hongge and Song, Zhao and Boning, Duane and Dhillon, Inderjit S and Hsieh, Cho-Jui},
  journal={arXiv preprint arXiv:1901.04684},
  year={2019}
}


@article{zimmermann2019comment,
  title={Comment on" Adv-BNN: Improved Adversarial Defense through Robust Bayesian Neural Network"},
  author={Zimmermann, Roland S},
  journal={arXiv preprint arXiv:1907.00895},
  year={2019}
}


@inproceedings{zhang2019theoretically,
  title={Theoretically principled trade-off between robustness and accuracy},
  author={Zhang, Hongyang and Yu, Yaodong and Jiao, Jiantao and Xing, Eric and El Ghaoui, Laurent and Jordan, Michael},
  booktitle={International conference on machine learning},
  pages={7472--7482},
  year={2019},
  organization={PMLR}
}

@article{su2019one,
  title={One pixel attack for fooling deep neural networks},
  author={Su, Jiawei and Vargas, Danilo Vasconcellos and Sakurai, Kouichi},
  journal={IEEE Transactions on Evolutionary Computation},
  volume={23},
  number={5},
  pages={828--841},
  year={2019},
  publisher={IEEE}
}

@inproceedings{andriushchenko2020square,
  title={Square attack: a query-efficient black-box adversarial attack via random search},
  author={Andriushchenko, Maksym and Croce, Francesco and Flammarion, Nicolas and Hein, Matthias},
  booktitle={European conference on computer vision},
  pages={484--501},
  year={2020},
  organization={Springer}
}
@misc{chen2020hopskipjump,
      title={HopSkipJumpAttack: A Query-Efficient Decision-Based Attack}, 
      author={Jianbo Chen and Michael I. Jordan and Martin J. Wainwright},
      year={2020},
      eprint={1904.02144},
      archivePrefix={arXiv},
      primaryClass={cs.LG},
      url={https://arxiv.org/abs/1904.02144}, 
}

@misc{brendel2017decision,
      title={Decision-Based Adversarial Attacks: Reliable Attacks Against Black-Box Machine Learning Models}, 
      author={Wieland Brendel and Jonas Rauber and Matthias Bethge},
      year={2018},
      eprint={1712.04248},
      archivePrefix={arXiv},
      primaryClass={stat.ML},
      url={https://arxiv.org/abs/1712.04248}, 
}