@book{ abelson-et-al:scheme,
  author = "Harold Abelson and Gerald~Jay Sussman and Julie Sussman",
  title = "Structure and Interpretation of Computer Programs",
  publisher = "MIT Press",
  address = "Cambridge, Massachusetts",
  year = "1985"
}

@inproceedings{ bgf:Lixto,
  author = "Robert Baumgartner and Georg Gottlob and Sergio Flesca",
  title = "Visual Information Extraction with {Lixto}",
  booktitle = "Proceedings of the 27th International Conference on Very Large Databases",
  pages = "119--128",
  publisher = "Morgan Kaufmann",
  address = "Rome, Italy",
  month = "September",
  year = "2001"
}

@article{ brachman-schmolze:kl-one,
  author = "Ronald~J. Brachman and James~G. Schmolze",
  title = "An overview of the {KL-ONE} knowledge representation system",
  journal = "Cognitive Science",
  volume = "9",
  number = "2",
  pages = "171--216",
  month = "April--June",
  year = "1985"
}

@article{ gottlob:nonmon,
  author = "Georg Gottlob",
  title = "Complexity results for nonmonotonic logics",
  journal = "Journal of Logic and Computation",
  volume = "2",
  number = "3",
  pages = "397--425",
  month = "June",
  year = "1992"
}

@article{ gls:hypertrees,
  author = "Georg Gottlob and Nicola Leone and Francesco Scarcello",
  title = "Hypertree Decompositions and Tractable Queries",
  journal = "Journal of Computer and System Sciences",
  volume = "64",
  number = "3",
  pages = "579--627",
  month = "May",
  year = "2002"
}

@article{ levesque:functional-foundations,
  author = "Hector~J. Levesque",
  title = "Foundations of a functional approach to knowledge representation",
  journal = "Artificial Intelligence",
  volume = "23",
  number = "2",
  pages = "155--212",
  month = "July",
  year = "1984"
}

@inproceedings{ levesque:belief,
  author = "Hector~J. Levesque",
  title = "A logic of implicit and explicit belief",
  booktitle = "Proceedings of the Fourth National Conference on Artificial Intelligence",
  publisher = "American Association for Artificial Intelligence",
  pages = "198--202",
  address = "Austin, Texas",
  month = "August",
  year = "1984"
}

@article{ nebel:jair-2000,
  author = "Bernhard Nebel",
  title = "On the compilability and expressive power of propositional planning formalisms",
  journal = "Journal of Artificial Intelligence Research",
  volume = "12",
  pages = "271--315",
  year = "2000"
}

 @misc{proceedings,
  author = {{IJCAI Proceedings}},
  title = {{IJCAI} Camera Ready Submission},
  howpublished = {\url{https://proceedings.ijcai.org/info}},
}



@inproceedings{ esser2024scaling,
  title={Scaling rectified flow transformers for high-resolution image synthesis},
  author={Esser, Patrick and Kulal, Sumith and Blattmann, Andreas and Entezari, Rahim and M{\"u}ller, Jonas and Saini, Harry and Levi, Yam and Lorenz, Dominik and Sauer, Axel and Boesel, Frederic and others},
  booktitle={Forty-first International Conference on Machine Learning},
  year={2024}
}

@inproceedings{ hu2024animate,
  title={Animate anyone: Consistent and controllable image-to-video synthesis for character animation},
  author={Hu, Li},
  booktitle={Proceedings of the IEEE/CVF Conference on Computer Vision and Pattern Recognition},
  pages={8153--8163},
  year={2024}
}

@inproceedings{ yang2023effective,
  title={Effective whole-body pose estimation with two-stages distillation},
  author={Yang, Zhendong and Zeng, Ailing and Yuan, Chun and Li, Yu},
  booktitle={Proceedings of the IEEE/CVF International Conference on Computer Vision},
  pages={4210--4220},
  year={2023}
}

@inproceedings{ radford2021learning,
  title={Learning transferable visual models from natural language supervision},
  author={Radford, Alec and Kim, Jong Wook and Hallacy, Chris and Ramesh, Aditya and Goh, Gabriel and Agarwal, Sandhini and Sastry, Girish and Askell, Amanda and Mishkin, Pamela and Clark, Jack and others},
  booktitle={International conference on machine learning},
  pages={8748--8763},
  year={2021},
  organization={PMLR}
}

@inproceedings{ cherti2023reproducible,
  title={Reproducible scaling laws for contrastive language-image learning},
  author={Cherti, Mehdi and Beaumont, Romain and Wightman, Ross and Wortsman, Mitchell and Ilharco, Gabriel and Gordon, Cade and Schuhmann, Christoph and Schmidt, Ludwig and Jitsev, Jenia},
  booktitle={Proceedings of the IEEE/CVF Conference on Computer Vision and Pattern Recognition},
  pages={2818--2829},
  year={2023}
}

@article{ liu2022flow,
  title={Flow straight and fast: Learning to generate and transfer data with rectified flow},
  author={Liu, Xingchao and Gong, Chengyue and Liu, Qiang},
  journal={arXiv preprint arXiv:2209.03003},
  year={2022}
}

@article{ li2024anyfit,
  title={AnyFit: Controllable Virtual Try-on for Any Combination of Attire Across Any Scenario},
  author={Li, Yuhan and Zhou, Hao and Shang, Wenxiang and Lin, Ran and Chen, Xuanhong and Ni, Bingbing},
  journal={arXiv preprint arXiv:2405.18172},
  year={2024}
}

@inproceedings{ choi2021viton,
  title={Viton-hd: High-resolution virtual try-on via misalignment-aware normalization},
  author={Choi, Seunghwan and Park, Sunghyun and Lee, Minsoo and Choo, Jaegul},
  booktitle={Proceedings of the IEEE/CVF conference on computer vision and pattern recognition},
  pages={14131--14140},
  year={2021}
}

@inproceedings{ morelli2022dress,
  title={Dress code: High-resolution multi-category virtual try-on},
  author={Morelli, Davide and Fincato, Matteo and Cornia, Marcella and Landi, Federico and Cesari, Fabio and Cucchiara, Rita},
  booktitle={Proceedings of the IEEE/CVF conference on computer vision and pattern recognition},
  pages={2231--2235},
  year={2022}
}

@article{ loshchilov2017fixing,
  title={Fixing weight decay regularization in adam},
  author={Loshchilov, Ilya and Hutter, Frank and others},
  journal={arXiv preprint arXiv:1711.05101},
  volume={5},
  year={2017}
}

@inproceedings{ zhang2018unreasonable,
  title={The unreasonable effectiveness of deep features as a perceptual metric},
  author={Zhang, Richard and Isola, Phillip and Efros, Alexei A and Shechtman, Eli and Wang, Oliver},
  booktitle={Proceedings of the IEEE conference on computer vision and pattern recognition},
  pages={586--595},
  year={2018}
}

@article{ wang2004image,
  title={Image quality assessment: from error visibility to structural similarity},
  author={Wang, Zhou and Bovik, Alan C and Sheikh, Hamid R and Simoncelli, Eero P},
  journal={IEEE transactions on image processing},
  volume={13},
  number={4},
  pages={600--612},
  year={2004},
  publisher={IEEE}
}

@inproceedings{ parmar2022aliased,
  title={On aliased resizing and surprising subtleties in gan evaluation},
  author={Parmar, Gaurav and Zhang, Richard and Zhu, Jun-Yan},
  booktitle={Proceedings of the IEEE/CVF Conference on Computer Vision and Pattern Recognition},
  pages={11410--11420},
  year={2022}
}

@article{ binkowski2018demystifying,
  title={Demystifying mmd gans},
  author={Bi{\'n}kowski, Miko{\l}aj and Sutherland, Danica J and Arbel, Michael and Gretton, Arthur},
  journal={arXiv preprint arXiv:1801.01401},
  year={2018}
}

@inproceedings{ rombach2022high,
  title={High-resolution image synthesis with latent diffusion models},
  author={Rombach, Robin and Blattmann, Andreas and Lorenz, Dominik and Esser, Patrick and Ommer, Bj{\"o}rn},
  booktitle={Proceedings of the IEEE/CVF conference on computer vision and pattern recognition},
  pages={10684--10695},
  year={2022}
}

@article{ podell2023sdxl,
  title={Sdxl: Improving latent diffusion models for high-resolution image synthesis},
  author={Podell, Dustin and English, Zion and Lacey, Kyle and Blattmann, Andreas and Dockhorn, Tim and M{\"u}ller, Jonas and Penna, Joe and Rombach, Robin},
  journal={arXiv preprint arXiv:2307.01952},
  year={2023}
}


%%%%%%xb add from


@inproceedings{ ge2021parser,
  title={Parser-free virtual try-on via distilling appearance flows},
  author={Ge, Yuying and Song, Yibing and Zhang, Ruimao and Ge, Chongjian and Liu, Wei and Luo, Ping},
  booktitle={Proceedings of the IEEE/CVF conference on computer vision and pattern recognition},
  pages={8485--8493},
  year={2021}
}

@inproceedings{ han2018viton,
  title={Viton: An image-based virtual try-on network},
  author={Han, Xintong and Wu, Zuxuan and Wu, Zhe and Yu, Ruichi and Davis, Larry S},
  booktitle={Proceedings of the IEEE conference on computer vision and pattern recognition},
  pages={7543--7552},
  year={2018}
}

@inproceedings{ issenhuth2020not,
  title={Do not mask what you do not need to mask: a parser-free virtual try-on},
  author={Issenhuth, Thibaut and Mary, J{\'e}r{\'e}mie and Calauzenes, Cl{\'e}ment},
  booktitle={Computer Vision--ECCV 2020: 16th European Conference, Glasgow, UK, August 23--28, 2020, Proceedings, Part XX 16},
  pages={619--635},
  year={2020},
  organization={Springer}
}

@inproceedings{ lee2022high,
  title={High-resolution virtual try-on with misalignment and occlusion-handled conditions},
  author={Lee, Sangyun and Gu, Gyojung and Park, Sunghyun and Choi, Seunghwan and Choo, Jaegul},
  booktitle={European Conference on Computer Vision},
  pages={204--219},
  year={2022},
  organization={Springer}
}

@inproceedings{ wang2018toward,
  title={Toward characteristic-preserving image-based virtual try-on network},
  author={Wang, Bochao and Zheng, Huabin and Liang, Xiaodan and Chen, Yimin and Lin, Liang and Yang, Meng},
  booktitle={Proceedings of the European conference on computer vision (ECCV)},
  pages={589--604},
  year={2018}
}

@inproceedings{ xie2023gp,
  title={Gp-vton: Towards general purpose virtual try-on via collaborative local-flow global-parsing learning},
  author={Xie, Zhenyu and Huang, Zaiyu and Dong, Xin and Zhao, Fuwei and Dong, Haoye and Zhang, Xijin and Zhu, Feida and Liang, Xiaodan},
  booktitle={Proceedings of the IEEE/CVF Conference on Computer Vision and Pattern Recognition},
  pages={23550--23559},
  year={2023}
}

@inproceedings{ yang2020towards,
  title={Towards photo-realistic virtual try-on by adaptively generating-preserving image content},
  author={Yang, Han and Zhang, Ruimao and Guo, Xiaobao and Liu, Wei and Zuo, Wangmeng and Luo, Ping},
  booktitle={Proceedings of the IEEE/CVF conference on computer vision and pattern recognition},
  pages={7850--7859},
  year={2020}
}

@inproceedings{ dong2019towards,
  title={Towards multi-pose guided virtual try-on network},
  author={Dong, Haoye and Liang, Xiaodan and Shen, Xiaohui and Wang, Bochao and Lai, Hanjiang and Zhu, Jia and Hu, Zhiting and Yin, Jian},
  booktitle={Proceedings of the IEEE/CVF international conference on computer vision},
  pages={9026--9035},
  year={2019}
}

@inproceedings{ ge2021disentangled,
  title={Disentangled cycle consistency for highly-realistic virtual try-on},
  author={Ge, Chongjian and Song, Yibing and Ge, Yuying and Yang, Han and Liu, Wei and Luo, Ping},
  booktitle={Proceedings of the IEEE/CVF conference on computer vision and pattern recognition},
  pages={16928--16937},
  year={2021}
}



@inproceedings{ han2019clothflow,
  title={Clothflow: A flow-based model for clothed person generation},
  author={Han, Xintong and Hu, Xiaojun and Huang, Weilin and Scott, Matthew R},
  booktitle={Proceedings of the IEEE/CVF international conference on computer vision},
  pages={10471--10480},
  year={2019}
}

@inproceedings{ he2022style,
  title={Style-based global appearance flow for virtual try-on},
  author={He, Sen and Song, Yi-Zhe and Xiang, Tao},
  booktitle={Proceedings of the IEEE/CVF Conference on Computer Vision and Pattern Recognition},
  pages={3470--3479},
  year={2022}
}

@inproceedings{ kim2024stableviton,
  title={Stableviton: Learning semantic correspondence with latent diffusion model for virtual try-on},
  author={Kim, Jeongho and Gu, Guojung and Park, Minho and Park, Sunghyun and Choo, Jaegul},
  booktitle={Proceedings of the IEEE/CVF Conference on Computer Vision and Pattern Recognition},
  pages={8176--8185},
  year={2024}
}

@inproceedings{ morelli2023ladi,
  title={Ladi-vton: Latent diffusion textual-inversion enhanced virtual try-on},
  author={Morelli, Davide and Baldrati, Alberto and Cartella, Giuseppe and Cornia, Marcella and Bertini, Marco and Cucchiara, Rita},
  booktitle={Proceedings of the 31st ACM International Conference on Multimedia},
  pages={8580--8589},
  year={2023}
}


@inproceedings{ davide2022dress,
  title={Dress code: High-resolution multi-category virtual try-on},
  author={Davide, Morelli and Matteo, Fincato and Marcella, Cornia and Federico, Landi and Fabio, Cesari and Rita, Cucchiara},
  booktitle={Proceedings of the IEEE/CVF Conference on Computer Vision and Pattern Recognition},
  year={2022}
}

@article{ goodfellow2020generative,
  title={Generative adversarial networks},
  author={Goodfellow, Ian and Pouget-Abadie, Jean and Mirza, Mehdi and Xu, Bing and Warde-Farley, David and Ozair, Sherjil and Courville, Aaron and Bengio, Yoshua},
  journal={Communications of the ACM},
  volume={63},
  number={11},
  pages={139--144},
  year={2020},
  publisher={ACM New York, NY, USA}
}


@inproceedings{ gou2023taming,
  title={Taming the power of diffusion models for high-quality virtual try-on with appearance flow},
  author={Gou, Junhong and Sun, Siyu and Zhang, Jianfu and Si, Jianlou and Qian, Chen and Zhang, Liqing},
  booktitle={Proceedings of the 31st ACM International Conference on Multimedia},
  pages={7599--7607},
  year={2023}
}

@inproceedings{ zhu2023tryondiffusion,
  title={Tryondiffusion: A tale of two unets},
  author={Zhu, Luyang and Yang, Dawei and Zhu, Tyler and Reda, Fitsum and Chan, William and Saharia, Chitwan and Norouzi, Mohammad and Kemelmacher-Shlizerman, Ira},
  booktitle={Proceedings of the IEEE/CVF Conference on Computer Vision and Pattern Recognition},
  pages={4606--4615},
  year={2023}
}

@inproceedings{ pavlakos2024reconstructing,
  title={Reconstructing hands in 3d with transformers},
  author={Pavlakos, Georgios and Shan, Dandan and Radosavovic, Ilija and Kanazawa, Angjoo and Fouhey, David and Malik, Jitendra},
  booktitle={Proceedings of the IEEE/CVF Conference on Computer Vision and Pattern Recognition},
  pages={9826--9836},
  year={2024}
}

@article{ zhang2022dino,
  title={Dino: Detr with improved denoising anchor boxes for end-to-end object detection},
  author={Zhang, Hao and Li, Feng and Liu, Shilong and Zhang, Lei and Su, Hang and Zhu, Jun and Ni, Lionel M and Shum, Heung-Yeung},
  journal={ICLR},
  year={2023}
}

@article{ romero2022embodied,
  title={Embodied hands: Modeling and capturing hands and bodies together},
  author={Romero, Javier and Tzionas, Dimitrios and Black, Michael J},
  journal={ACM Transactions on Graphics},
  year={2022}
}

@inproceedings{ men2020controllable,
  title={Controllable person image synthesis with attribute-decomposed gan},
  author={Men, Yifang and Mao, Yiming and Jiang, Yuning and Ma, Wei-Ying and Lian, Zhouhui},
  booktitle={Proceedings of the IEEE/CVF conference on computer vision and pattern recognition},
  pages={5084--5093},
  year={2020}
}

@inproceedings{ bhunia2023person,
  title={Person image synthesis via denoising diffusion model},
  author={Bhunia, Ankan Kumar and Khan, Salman and Cholakkal, Hisham and Anwer, Rao Muhammad and Laaksonen, Jorma and Shah, Mubarak and Khan, Fahad Shahbaz},
  booktitle={Proceedings of the IEEE/CVF Conference on Computer Vision and Pattern Recognition},
  pages={5968--5976},
  year={2023}
}

@article{ cao2023difffashion,
  title={Difffashion: Reference-based fashion design with structure-aware transfer by diffusion models},
  author={Cao, Shidong and Chai, Wenhao and Hao, Shengyu and Zhang, Yanting and Chen, Hangyue and Wang, Gaoang},
  journal={IEEE Transactions on Multimedia},
  year={2023},
  publisher={IEEE}
}

@inproceedings{ karras2023dreampose,
  title={Dreampose: Fashion image-to-video synthesis via stable diffusion},
  author={Karras, Johanna and Holynski, Aleksander and Wang, Ting-Chun and Kemelmacher-Shlizerman, Ira},
  booktitle={2023 IEEE/CVF International Conference on Computer Vision (ICCV)},
  pages={22623--22633},
  year={2023},
  organization={IEEE}
}

@article{ chen2024wear,
  title={Wear-any-way: Manipulable virtual try-on via sparse correspondence alignment},
  author={Chen, Mengting and Chen, Xi and Zhai, Zhonghua and Ju, Chen and Hong, Xuewen and Lan, Jinsong and Xiao, Shuai},
  journal={arXiv preprint arXiv:2403.12965},
  year={2024}
}

@inproceedings{ yang2023paint,
  title={Paint by example: Exemplar-based image editing with diffusion models},
  author={Yang, Binxin and Gu, Shuyang and Zhang, Bo and Zhang, Ting and Chen, Xuejin and Sun, Xiaoyan and Chen, Dong and Wen, Fang},
  booktitle={Proceedings of the IEEE/CVF Conference on Computer Vision and Pattern Recognition},
  pages={18381--18391},
  year={2023}
}

@article{ xu2024ootdiffusion,
  title={Ootdiffusion: Outfitting fusion based latent diffusion for controllable virtual try-on},
  author={Xu, Yuhao and Gu, Tao and Chen, Weifeng and Chen, Chengcai},
  journal={arXiv preprint arXiv:2403.01779},
  year={2024}
}

@inproceedings{ zeng2024cat,
  title={CAT-DM: Controllable Accelerated Virtual Try-on with Diffusion Model},
  author={Zeng, Jianhao and Song, Dan and Nie, Weizhi and Tian, Hongshuo and Wang, Tongtong and Liu, An-An},
  booktitle={Proceedings of the IEEE/CVF Conference on Computer Vision and Pattern Recognition},
  pages={8372--8382},
  year={2024}
}

@article{ choi2024improving,
  title={Improving diffusion models for virtual try-on},
  author={Choi, Yisol and Kwak, Sangkyung and Lee, Kyungmin and Choi, Hyungwon and Shin, Jinwoo},
  journal={ECCV},
  year={2024}
}


@article{ zhang2024mmtryon,
  title={MMTryon: Multi-Modal Multi-Reference Control for High-Quality Fashion Generation},
  author={Zhang, Xujie and Lin, Ente and Li, Xiu and Luo, Yuxuan and Kampffmeyer, Michael and Dong, Xin and Liang, Xiaodan},
  journal={arXiv preprint arXiv:2405.00448},
  year={2024}
}

@article{ sun2024outfitanyone,
  title={OutfitAnyone: Ultra-high Quality Virtual Try-On for Any Clothing and Any Person},
  author={Sun, Ke and Cao, Jian and Wang, Qi and Tian, Linrui and Zhang, Xindi and Zhuo, Lian and Zhang, Bang and Bo, Liefeng and Zhou, Wenbo and Zhang, Weiming and others},
  journal={arXiv preprint arXiv:2407.16224},
  year={2024}
}

@article{ yang2023occlumix,
  title={OccluMix: Towards de-occlusion virtual try-on by semantically-guided mixup},
  author={Yang, Zhijing and Chen, Junyang and Shi, Yukai and Li, Hao and Chen, Tianshui and Lin, Liang},
  journal={IEEE Transactions on Multimedia},
  volume={25},
  pages={1477--1488},
  year={2023},
  publisher={IEEE}
}

@inproceedings{ ruiz2023dreambooth,
  title={Dreambooth: Fine tuning text-to-image diffusion models for subject-driven generation},
  author={Ruiz, Nataniel and Li, Yuanzhen and Jampani, Varun and Pritch, Yael and Rubinstein, Michael and Aberman, Kfir},
  booktitle={Proceedings of the IEEE/CVF conference on computer vision and pattern recognition},
  pages={22500--22510},
  year={2023}
}

@inproceedings{ kumari2023multi,
  title={Multi-concept customization of text-to-image diffusion},
  author={Kumari, Nupur and Zhang, Bingliang and Zhang, Richard and Shechtman, Eli and Zhu, Jun-Yan},
  booktitle={Proceedings of the IEEE/CVF Conference on Computer Vision and Pattern Recognition},
  pages={1931--1941},
  year={2023}
}


@article{ hu2024diffumatting,
  title={DiffuMatting: Synthesizing Arbitrary Objects with Matting-level Annotation},
  author={Hu, Xiaobin and Peng, Xu and Luo, Donghao and Ji, Xiaozhong and Peng, Jinlong and Jiang, Zhengkai and Zhang, Jiangning and Jin, Taisong and Wang, Chengjie and Ji, Rongrong},
  journal={arXiv preprint arXiv:2403.06168},
  year={2024}
}

@inproceedings{ kawar2023imagic,
  title={Imagic: Text-based real image editing with diffusion models},
  author={Kawar, Bahjat and Zada, Shiran and Lang, Oran and Tov, Omer and Chang, Huiwen and Dekel, Tali and Mosseri, Inbar and Irani, Michal},
  booktitle={Proceedings of the IEEE/CVF Conference on Computer Vision and Pattern Recognition},
  pages={6007--6017},
  year={2023}
}

@inproceedings{ saharia2022palette,
  title={Palette: Image-to-image diffusion models},
  author={Saharia, Chitwan and Chan, William and Chang, Huiwen and Lee, Chris and Ho, Jonathan and Salimans, Tim and Fleet, David and Norouzi, Mohammad},
  booktitle={ACM SIGGRAPH 2022 conference proceedings},
  pages={1--10},
  year={2022}
}

@inproceedings{ mou2024t2i,
  title={T2i-adapter: Learning adapters to dig out more controllable ability for text-to-image diffusion models},
  author={Mou, Chong and Wang, Xintao and Xie, Liangbin and Wu, Yanze and Zhang, Jian and Qi, Zhongang and Shan, Ying},
  booktitle={Proceedings of the AAAI Conference on Artificial Intelligence},
  volume={38},
  number={5},
  pages={4296--4304},
  year={2024}
}

@article{ ye2023ip,
  title={Ip-adapter: Text compatible image prompt adapter for text-to-image diffusion models},
  author={Ye, Hu and Zhang, Jun and Liu, Sibo and Han, Xiao and Yang, Wei},
  journal={arXiv preprint arXiv:2308.06721},
  year={2023}
}

@inproceedings{ zhang2023adding,
  title={Adding conditional control to text-to-image diffusion models},
  author={Zhang, Lvmin and Rao, Anyi and Agrawala, Maneesh},
  booktitle={Proceedings of the IEEE/CVF International Conference on Computer Vision},
  pages={3836--3847},
  year={2023}
}

@article{ zhao2024uni,
  title={Uni-controlnet: All-in-one control to text-to-image diffusion models},
  author={Zhao, Shihao and Chen, Dongdong and Chen, Yen-Chun and Bao, Jianmin and Hao, Shaozhe and Yuan, Lu and Wong, Kwan-Yee K},
  journal={Advances in Neural Information Processing Systems},
  volume={36},
  year={2024}
}

@inproceedings{ samuel2024generating,
  title={Generating images of rare concepts using pre-trained diffusion models},
  author={Samuel, Dvir and Ben-Ari, Rami and Raviv, Simon and Darshan, Nir and Chechik, Gal},
  booktitle={Proceedings of the AAAI Conference on Artificial Intelligence},
  volume={38},
  number={5},
  pages={4695--4703},
  year={2024}
}

@inproceedings{ lu2023handrefiner,
  title={Handrefiner: Refining malformed hands in generated images by diffusion-based conditional inpainting},
  author={Lu, Wenquan and Xu, Yufei and Zhang, Jing and Wang, Chaoyue and Tao, Dacheng},
  booktitle={ACM Multimedia 2024},
  year={2023}
}

@article{ wang2024rhands,
  title={RHanDS: Refining Malformed Hands for Generated Images with Decoupled Structure and Style Guidance},
  author={Wang, Chengrui and Liu, Pengfei and Zhou, Min and Zeng, Ming and Li, Xubin and Ge, Tiezheng and others},
  journal={arXiv preprint arXiv:2404.13984},
  year={2024}
}


@inproceedings{ prokudin2019efficient,
  title={Efficient learning on point clouds with basis point sets},
  author={Prokudin, Sergey and Lassner, Christoph and Romero, Javier},
  booktitle={Proceedings of the IEEE/CVF international conference on computer vision},
  pages={4332--4341},
  year={2019}
}
@article{ oquab2023dinov2,
  title={Dinov2: Learning robust visual features without supervision},
  author={Oquab, Maxime and Darcet, Timoth{\'e}e and Moutakanni, Th{\'e}o and Vo, Huy and Szafraniec, Marc and Khalidov, Vasil and Fernandez, Pierre and Haziza, Daniel and Massa, Francisco and El-Nouby, Alaaeldin and others},
  journal={arXiv preprint arXiv:2304.07193},
  year={2023}
}
@article{ ba2016layer,
  title={Layer normalization},
  author={Ba, Jimmy Lei and Kiros, Jamie Ryan and Hinton, Geoffrey E},
  journal={arXiv preprint arXiv:1607.06450},
  year={2016}
}



@article{ heusel2017gans,
  title={Gans trained by a two time-scale update rule converge to a local nash equilibrium},
  author={Heusel, Martin and Ramsauer, Hubert and Unterthiner, Thomas and Nessler, Bernhard and Hochreiter, Sepp},
  journal={Advances in neural information processing systems},
  volume={30},
  year={2017}
}



@article{ ionescu2013human3,
  title={Human3. 6m: Large scale datasets and predictive methods for 3d human sensing in natural environments},
  author={Ionescu, Catalin and Papava, Dragos and Olaru, Vlad and Sminchisescu, Cristian},
  journal={IEEE transactions on pattern analysis and machine intelligence},
  volume={36},
  number={7},
  pages={1325--1339},
  year={2013},
  publisher={IEEE}
}

@article{ lugaresi1906mediapipe,
  title={MediaPipe: a framework for building perception pipelines (2019)},
  author={Lugaresi, C and Tang, J and Nash, H and McClanahan, C and Uboweja, E and Hays, M and Zhang, F and Chang, CL and Yong, MG and Lee, J and others},
  journal={arXiv preprint arXiv:1906.08172},
  year={1906}
}

@article{ zhang2020mediapipe,
  title={Mediapipe hands: On-device real-time hand tracking},
  author={Zhang, Fan and Bazarevsky, Valentin and Vakunov, Andrey and Tkachenka, Andrei and Sung, George and Chang, Chuo-Ling and Grundmann, Matthias},
  journal={arXiv preprint arXiv:2006.10214},
  year={2020}
}


@misc{ wu2019detectron2,
  author =       {Yuxin Wu and Alexander Kirillov and Francisco Massa and
                  Wan-Yen Lo and Ross Girshick},
  title =        {Detectron2},
  howpublished = {https://github.com/facebookresearch/detectron2},
  year =         {2019}
}


@article{ loshchilov2017decoupled,
  title={Decoupled weight decay regularization},
  author={Loshchilov, Ilya and Hutter, Frank},
  journal={arXiv preprint arXiv:1711.05101},
  year={2017}
}

@article{ chong2024catvton,
  title={CatVTON: Concatenation Is All You Need for Virtual Try-On with Diffusion Models},
  author={Chong, Zheng and Dong, Xiao and Li, Haoxiang and Zhang, Shiyue and Zhang, Wenqing and Zhang, Xujie and Zhao, Hanqing and Liang, Xiaodan},
  journal={arXiv preprint arXiv:2407.15886},
  year={2024}
}


@inproceedings{ minar2020cp,
  title={Cp-vton+: Clothing shape and texture preserving image-based virtual try-on},
  author={Minar, Matiur Rahman and Tuan, Thai Thanh and Ahn, Heejune and Rosin, Paul and Lai, Yu-Kun},
  booktitle={CVPR workshops},
  volume={3},
  pages={10--14},
  year={2020}
}


@article{ saharia2022photorealistic,
  title={Photorealistic text-to-image diffusion models with deep language understanding},
  author={Saharia, Chitwan and Chan, William and Saxena, Saurabh and Li, Lala and Whang, Jay and Denton, Emily L and Ghasemipour, Kamyar and Gontijo Lopes, Raphael and Karagol Ayan, Burcu and Salimans, Tim and others},
  journal={Advances in neural information processing systems},
  volume={35},
  pages={36479--36494},
  year={2022}
}

@article{ liang2024vton,
  title={VTON-HandFit: Virtual Try-on for Arbitrary Hand Pose Guided by Hand Priors Embedding},
  author={Liang, Yujie and Hu, Xiaobin and Jiang, Boyuan and Luo, Donghao and Wu, Kai and Han, Wenhui and Jin, Taisong and Wang, Chengjie},
  journal={arXiv preprint arXiv:2408.12340},
  year={2024}
}


@inproceedings{ ronneberger2015u,
  title={U-net: Convolutional networks for biomedical image segmentation},
  author={Ronneberger, Olaf and Fischer, Philipp and Brox, Thomas},
  booktitle={Medical image computing and computer-assisted intervention--MICCAI 2015: 18th international conference, Munich, Germany, October 5-9, 2015, proceedings, part III 18},
  pages={234--241},
  year={2015},
  organization={Springer}
}


@article{ betker2023improving,
  title={Improving image generation with better captions},
  author={Betker, James and Goh, Gabriel and Jing, Li and Brooks, Tim and Wang, Jianfeng and Li, Linjie and Ouyang, Long and Zhuang, Juntang and Lee, Joyce and Guo, Yufei and others},
  journal={Computer Science. https://cdn. openai. com/papers/dall-e-3. pdf},
  volume={2},
  number={3},
  pages={8},
  year={2023}
}

@inproceedings{ bao2023all,
  title={All are worth words: A vit backbone for diffusion models},
  author={Bao, Fan and Nie, Shen and Xue, Kaiwen and Cao, Yue and Li, Chongxuan and Su, Hang and Zhu, Jun},
  booktitle={Proceedings of the IEEE/CVF conference on computer vision and pattern recognition},
  pages={22669--22679},
  year={2023}
}

@inproceedings{ peebles2023scalable,
  title={Scalable diffusion models with transformers},
  author={Peebles, William and Xie, Saining},
  booktitle={Proceedings of the IEEE/CVF International Conference on Computer Vision},
  pages={4195--4205},
  year={2023}
}

@article{ raffel2020exploring,
  title={Exploring the limits of transfer learning with a unified text-to-text transformer},
  author={Raffel, Colin and Shazeer, Noam and Roberts, Adam and Lee, Katherine and Narang, Sharan and Matena, Michael and Zhou, Yanqi and Li, Wei and Liu, Peter J},
  journal={Journal of machine learning research},
  volume={21},
  number={140},
  pages={1--67},
  year={2020}
}

@article{ kolors,
  title={Kolors: Effective Training of Diffusion Model for Photorealistic Text-to-Image Synthesis},
  author={Kolors Team},
  journal={arXiv preprint},
  year={2024}
}

@article{ liu2024arbitrary,
  title={Arbitrary Virtual Try-on Network: Characteristics Preservation and Tradeoff between Body and Clothing},
  author={Liu, Yu and Zhao, Mingbo and Zhang, Zhao and Liu, Yuping and Yan, Shuicheng},
  journal={ACM Transactions on Multimedia Computing, Communications and Applications},
  volume={20},
  number={5},
  pages={1--23},
  year={2024},
  publisher={ACM New York, NY}
}

@article{ jiang2024fitdit,
  title={FitDiT: Advancing the Authentic Garment Details for High-fidelity Virtual Try-on},
  author={Jiang, Boyuan and Hu, Xiaobin and Luo, Donghao and He, Qingdong and Xu, Chengming and Peng, Jinlong and Zhang, Jiangning and Wang, Chengjie and Wu, Yunsheng and Fu, Yanwei},
  journal={arXiv preprint arXiv:2411.10499},
  year={2024}
}

@inproceedings{ jetchev2017conditional,
  title={The conditional analogy gan: Swapping fashion articles on people images},
  author={Jetchev, Nikolay and Bergmann, Urs},
  booktitle={Proceedings of the IEEE international conference on computer vision workshops},
  pages={2287--2292},
  year={2017}
}

@article{ zhang2024boow,
  title={BooW-VTON: Boosting In-the-Wild Virtual Try-On via Mask-Free Pseudo Data Training},
  author={Zhang, Xuanpu and Song, Dan and Zhan, Pengxin and Chen, Qingguo and Xu, Zhao and Luo, Weihua and Zhang, Kaifu and Liu, Anan},
  journal={arXiv preprint arXiv:2408.06047},
  year={2024}
}