@inproceedings{Kawa2022, 
   title={{Attack Agnostic Dataset: Towards Generalization and Stabilization of Audio DeepFake Detection}},
   booktitle={{Interspeech}},
   author={Kawa, Piotr and Plata, Marcin and others},
   year={2022}
  }

@inproceedings{Wang2023,
    author = {Xin Wang and Junichi Yamagishi},
    title = {{Can Large-Scale Vocoded Spoofed Data Improve Speech Spoofing Countermeasure With a Self-Supervised Front End?}},
    booktitle = {{ICASSP}},
    year = 2023
}

@misc{oneata2023generalisable,
      title={{Towards generalisable and calibrated synthetic speech detection with self-supervised representations}}, 
      author={Dan Oneata and Adriana Stan and others},
      year={2023},
      eprint={2309.05384},
      archivePrefix={arXiv},
      primaryClass={eess.AS}
}

@misc{lavrentyeva2019stcantispoofingsystemsasvspoof2019,
      title={STC Antispoofing Systems for the ASVspoof2019 Challenge}, 
      author={Galina Lavrentyeva and Sergey Novoselov and Andzhukaev Tseren and Marina Volkova and Artem Gorlanov and Alexandr Kozlov},
      year={2019},
      eprint={1904.05576},
      archivePrefix={arXiv},
      primaryClass={cs.SD},
      
}

@inproceedings{Chen2020,
    author = {T. Chen and A. Kumar and others},
    title = {{Generalization of audio deepfake detection}},
    booktitle = {Speaker Odyssey},
    year = {2020}
}

@inproceedings{Ma2021,
    title={{Continual Learning for Fake Audio Detection}},
   booktitle={Interspeech},
   author={Ma, Haoxin and Yi, Jiangyan and others},
   year={2021}
}

@article{Pasad2024,
  title = {{What Do Self-Supervised Speech Models Know About Words?}},
  volume = {12},
  ISSN = {2307-387X},
  journal = {Transactions of the Association for Computational Linguistics},
  publisher = {MIT Press},
  author = {Pasad,  Ankita and Chien,  Chung-Ming and Settle,  Shane and Livescu,  Karen},
  year = {2024},
}

@misc{hu2021loralowrankadaptationlarge,
      title={{LoRA: Low-Rank Adaptation of Large Language Models}}, 
      author={Edward J. Hu and Yelong Shen and Phillip Wallis and Zeyuan Allen-Zhu and Yuanzhi Li and Shean Wang and Lu Wang and Weizhu Chen},
      year={2021},
      eprint={2106.09685},
      archivePrefix={arXiv},
      primaryClass={cs.CL},
     
}

@misc{zhang2023adaptivefakeaudiodetection,
      title={{Adaptive Fake Audio Detection with Low-Rank Model Squeezing}}, 
      author={Xiaohui Zhang and Jiangyan Yi and Jianhua Tao and Chenlong Wang and Le Xu and Ruibo Fu},
      year={2023},
      eprint={2306.04956},
      archivePrefix={arXiv},
      primaryClass={cs.SD},
}

@misc{müller2024doesaudiodeepfakedetection,
      title={{Does Audio Deepfake Detection Generalize?}}, 
      author={Nicolas M. Müller and Pavel Czempin and Franziska Dieckmann and Adam Froghyar and Konstantin Böttinger},
      year={2024},
      eprint={2203.16263},
      archivePrefix={arXiv},
}

@misc{khalid2022fakeavcelebnovelaudiovideomultimodal,
      title={{FakeAVCeleb: A Novel Audio-Video Multimodal Deepfake Dataset}}, 
      author={Hasam Khalid and Shahroz Tariq and Minha Kim and Simon S. Woo},
      year={2022},
      eprint={2108.05080},
      archivePrefix={arXiv},
}

@inproceedings{Todisco2019ASVspoof2F,
  title={{ASVspoof 2019: Future Horizons in Spoofed and Fake Audio Detection}},
  author={Massimiliano Todisco and Xin Wang and Ville Vestman and Md. Sahidullah and H{\'e}ctor Delgado and Andreas Nautsch and Junichi Yamagishi and Nicholas W. D. Evans and Tomi H. Kinnunen and Kong Aik LEE},
  booktitle={Interspeech},
  year={2019},
}

@inproceedings{ASVspoof2021,
  author={Junichi Yamagishi and Xin Wang and others},
  title={{ASVspoof 2021: Accelerating Progress in Spoofed and Deepfake Speech Detection}},
  year={2021},
  booktitle={Proc. 2021 Edition of the Automatic Speaker Verification and Spoofing Countermeasures Challenge},

}

@article{Wang2024ASVspoof5C,
  title={{ASVspoof 5: Crowdsourced Speech Data, Deepfakes, and Adversarial Attacks at Scale}},
  author={Xin Wang and H{\'e}ctor Delgado and Hemlata Tak and Jee-weon Jung and Hye-jin Shim and Massimiliano Todisco and Ivan Kukanov and Xuechen Liu and Md. Sahidullah and Tomi Kinnunen and Nicholas Evans and Kong Aik Lee and Junichi Yamagishi},
  journal={ArXiv},
  year={2024},
  volume={abs/2408.08739},
}

@article{Zhou_2022,
   title={{Domain Generalization: A Survey}},
   ISSN={1939-3539},
   DOI={10.1109/tpami.2022.3195549},
   journal={IEEE Transactions on Pattern Analysis and Machine Intelligence},
   publisher={Institute of Electrical and Electronics Engineers (IEEE)},
   author={Zhou, Kaiyang and Liu, Ziwei and Qiao, Yu and Xiang, Tao and Loy, Chen Change},
   year={2022},
   pages={1–20} }

@inproceedings{Li2017LearningTG,
  title={{Learning to Generalize: Meta-Learning for Domain Generalization}},
  author={Da Li and Yongxin Yang and Yi-Zhe Song and Timothy M. Hospedales},
  booktitle={AAAI Conference on Artificial Intelligence},
  year={2017},
  
}

@misc{wang2023lowrankadaptationmethodwav2vec2based,
      title={{Low-rank Adaptation Method for Wav2vec2-based Fake Audio Detection}}, 
      author={Chenglong Wang and Jiangyan Yi and Xiaohui Zhang and Jianhua Tao and Le Xu and Ruibo Fu},
      year={2023},
      eprint={2306.05617},
      archivePrefix={arXiv}, 
}

@misc{loshchilov2019decoupledweightdecayregularization,
      title={{Decoupled Weight Decay Regularization}}, 
      author={Ilya Loshchilov and Frank Hutter},
      year={2019},
      eprint={1711.05101},
      archivePrefix={arXiv},
      }

@misc{kingma2017adammethodstochasticoptimization,
      title={{Adam: A Method for Stochastic Optimization}}, 
      author={Diederik P. Kingma and Jimmy Ba},
      year={2017},
      eprint={1412.6980},
      archivePrefix={arXiv}
}

@misc{kukanov2024metalearningapproachesimprovingdetection,
      title={{Meta-Learning Approaches for Improving Detection of Unseen Speech Deepfakes}}, 
      author={Ivan Kukanov and Janne Laakkonen and Tomi Kinnunen and Ville Hautamäki},
      year={2024},
      eprint={2410.20578},
      archivePrefix={arXiv},
}

@misc{gouk2024limitationsgeneralpurposedomain,
      title={{On the Limitations of General Purpose Domain Generalisation Methods}}, 
      author={Henry Gouk and Ondrej Bohdal and Da Li and Timothy Hospedales},
      year={2024},
      eprint={2202.00563},
      archivePrefix={arXiv},
}

@inproceedings{Tak2022Automatic,
  author={Hemlata Tak and Massimiliano Todisco and others},
  title={{Automatic Speaker Verification Spoofing and Deepfake Detection Using Wav2vec 2.0 and Data Augmentation}},
  year=2022,
  booktitle={Odyssey},
}