@inproceedings{ASVspoof2021,
  author={Junichi Yamagishi and Xin Wang and others},
  title={{ASVspoof 2021: Accelerating Progress in Spoofed and Deepfake Speech Detection}},
  year={2021},
  booktitle={Proc. 2021 Edition of the Automatic Speaker Verification and Spoofing Countermeasures Challenge},

}

@inproceedings{Chen2020,
    author = {T. Chen and A. Kumar and others},
    title = {{Generalization of audio deepfake detection}},
    booktitle = {Speaker Odyssey},
    year = {2020}
}

@inproceedings{Kawa2022, 
   title={{Attack Agnostic Dataset: Towards Generalization and Stabilization of Audio DeepFake Detection}},
   booktitle={{Interspeech}},
   author={Kawa, Piotr and Plata, Marcin and others},
   year={2022}
  }

@inproceedings{Ma2021,
    title={{Continual Learning for Fake Audio Detection}},
   booktitle={Interspeech},
   author={Ma, Haoxin and Yi, Jiangyan and others},
   year={2021}
}

@inproceedings{Todisco2019ASVspoof2F,
  title={{ASVspoof 2019: Future Horizons in Spoofed and Fake Audio Detection}},
  author={Massimiliano Todisco and Xin Wang and Ville Vestman and Md. Sahidullah and H{\'e}ctor Delgado and Andreas Nautsch and Junichi Yamagishi and Nicholas W. D. Evans and Tomi H. Kinnunen and Kong Aik LEE},
  booktitle={Interspeech},
  year={2019},
}

@inproceedings{Wang2023,
    author = {Xin Wang and Junichi Yamagishi},
    title = {{Can Large-Scale Vocoded Spoofed Data Improve Speech Spoofing Countermeasure With a Self-Supervised Front End?}},
    booktitle = {{ICASSP}},
    year = 2023
}

@article{Wang2024ASVspoof5C,
  title={{ASVspoof 5: Crowdsourced Speech Data, Deepfakes, and Adversarial Attacks at Scale}},
  author={Xin Wang and H{\'e}ctor Delgado and Hemlata Tak and Jee-weon Jung and Hye-jin Shim and Massimiliano Todisco and Ivan Kukanov and Xuechen Liu and Md. Sahidullah and Tomi Kinnunen and Nicholas Evans and Kong Aik Lee and Junichi Yamagishi},
  journal={ArXiv},
  year={2024},
  volume={abs/2408.08739},
}

@misc{kukanov2024metalearningapproachesimprovingdetection,
      title={{Meta-Learning Approaches for Improving Detection of Unseen Speech Deepfakes}}, 
      author={Ivan Kukanov and Janne Laakkonen and Tomi Kinnunen and Ville Hautamäki},
      year={2024},
      eprint={2410.20578},
      archivePrefix={arXiv},
}

@misc{lavrentyeva2019stcantispoofingsystemsasvspoof2019,
      title={STC Antispoofing Systems for the ASVspoof2019 Challenge}, 
      author={Galina Lavrentyeva and Sergey Novoselov and Andzhukaev Tseren and Marina Volkova and Artem Gorlanov and Alexandr Kozlov},
      year={2019},
      eprint={1904.05576},
      archivePrefix={arXiv},
      primaryClass={cs.SD},
      
}

@misc{müller2024doesaudiodeepfakedetection,
      title={{Does Audio Deepfake Detection Generalize?}}, 
      author={Nicolas M. Müller and Pavel Czempin and Franziska Dieckmann and Adam Froghyar and Konstantin Böttinger},
      year={2024},
      eprint={2203.16263},
      archivePrefix={arXiv},
}

@misc{oneata2023generalisable,
      title={{Towards generalisable and calibrated synthetic speech detection with self-supervised representations}}, 
      author={Dan Oneata and Adriana Stan and others},
      year={2023},
      eprint={2309.05384},
      archivePrefix={arXiv},
      primaryClass={eess.AS}
}

