@article{camuffo2022recent,
  title={Recent advancements in learning algorithms for point clouds: An updated overview},
  author={Camuffo, Elena and Mari, Daniele and Milani, Simone},
  journal={Sensors},
  volume={22},
  number={4},
  pages={1357},
  year={2022},
  publisher={MDPI}
}

@inproceedings{vpccscal,
  title = {{Scalability support in V-PCC}},
  author = {{ISO/IEC JTC1/SC29/WG1 N19156}},
  booktitle = {129th MPEG Meeting, Bruxelles, Belgium},
  month = {Jan.},
  year = {2020},
}

@inproceedings{jpeg-ai,
  title = {{JPEG AI verification model 1.0 description}},
  author = {{ISO/IEC JTC 1/SC29/WG1 N100332}},
  booktitle = {97th JPEG Meeting, Online},
  month = {Oct.},
  year = {2022},
}

, PCQ “” , Apr. 2021.

@inproceedings{jpeg-pleno-ctc,
  title = {{JPEG Pleno point cloud common test conditions v3.6}},
  author = {{ISO/IEC JTC 1/SC29/WG7 N00100 PCQ}},
  booktitle = {91st JPEG Meeting, Online},
  month = {Apr.},
  year = {2021},
}

@inproceedings{aigccfp,
    title = {{Call for Proposals for AI-based Point Cloud Coding}},
    author = {{ISO/IEC JTC 1/SC 29/WG 2 N365}},
    booktitle = {146th MPEG Meeting, Rennes, France},
    month = {Apr.},
    year = {2024},
}

@inproceedings{V-PCC,
  title = {{V-PCC codec
description,}},
  author = {{ISO/IEC JTC 1/SC29/WG1 N91058}},
  booktitle = {3rd MPEG 3D Graphics Coding Meeting, Online},
  month = {Apr.},
  year = {2021},
}

@inproceedings{jpeg-pleno,
  title = {{Verification Model Description for JPEG Pleno Learning-based Point Cloud Coding v4.0}},
  author = {{ISO/IEC JTC 1/SC29/WG1 N100709 REQ}},
  booktitle = {102nd JPEG Meeting, San Francisco, CA, USA},
  month = {January},
  year = {2024},
}

@inproceedings{jpeg-pleno-3,
  title = {{Verification model description for JPEG Pleno learning-based point cloud coding v3.0}},
  author = {{ISO/IEC JTC 1/SC29/WG1 N100566 REQ}},
  booktitle = {100th JPEG Meeting, Covilhã, Portugal},
  month = {July},
  year = {2023},
}

@inproceedings{jpeg-pleno-cttc-old,
  title = {{JPEG Pleno point cloud coding common training and test conditions v1.1}},
  author = {{ISO/IEC JTC 1/SC29/WG1 N100566 PCQ}},
  booktitle = {94th JPEG Meeting, Online},
  month = {Jan.},
  year = {2022},
}

ISO/IEC JTC 1/SC29/WG1 N100841, PCQ "Common Training and Test Conditions for JPEG Pleno Point Cloud v2.1",
103rd JPEG Meeting, Online, April 2024.

@inproceedings{jpeg-pleno-cttc,
  title = {{Common Training and Test Conditions for JPEG Pleno Point Cloud v2.1}},
  author = {{ISO/IEC JTC 1/SC29/WG1 N100841, PCQ}},
  booktitle = {103rd JPEG Meeting, Online},
  month = {Apr.},
  year = {2024},
}

@inproceedings{balle2018variational,
  title={Variational image compression with a scale hyperprior},
  author={Ball{\'e}, Johannes and Minnen, David and Singh, Saurabh and Hwang, Sung Jin and Johnston, Nick},
  booktitle={International Conference on Learning Representations},
  year={2018}
}

@article{bross2021overview,
  title={Overview of the versatile video coding (VVC) standard and its applications},
  author={Bross, Benjamin and Wang, Ye-Kui and Ye, Yan and Liu, Shan and Chen, Jianle and Sullivan, Gary J and Ohm, Jens-Rainer},
  journal={IEEE Transactions on Circuits and Systems for Video Technology},
  volume={31},
  number={10},
  pages={3736--3764},
  year={2021},
  publisher={IEEE}
}
@article{liu20232c,
  title={2C-Net: integrate image compression and classification via deep neural network},
  author={Liu, Linfeng and Chen, Tong and Liu, Haojie and Pu, Shiliang and Wang, Li and Shen, Qiu},
  journal={Multimedia Systems},
  volume={29},
  number={3},
  pages={945--959},
  year={2023},
  publisher={Springer}
}

@article{graziosi2020overview,
  title={An overview of ongoing point cloud compression standardization activities: Video-based (V-PCC) and geometry-based (G-PCC)},
  author={Graziosi, Danillo and Nakagami, Ohji and Kuma, Satoru and Zaghetto, Alexandre and Suzuki, Teruhiko and Tabatabai, Ali},
  journal={APSIPA Transactions on Signal and Information Processing},
  volume={9},
  pages={e13},
  year={2020},
  publisher={Cambridge University Press}
}

@article{guarda2022ipleiria,
  title={It/ist/ipleiria response to the call for proposals on jpeg pleno point cloud coding},
  author={Guarda, Andr{\'e} FR and Rodrigues, Nuno MM and Ruivo, Manuel and Coelho, Lu{\'\i}s and Seleem, Abdelrahman and Pereira, Fernando},
  journal={arXiv preprint arXiv:2208.02716},
  year={2022}
}

@article{seleem2023deep,
  title={Deep Learning-Based Compressed Domain Multimedia for Man and Machine: A Taxonomy and Application to Point Cloud Classification},
  author={Seleem, Abdelrahman and Guarda, Andr{\'e} FR and Rodrigues, Nuno MM and Pereira, Fernando},
  journal={IEEE Access},
  volume={11},
  pages={128979--128997},
  year={2023},
  publisher={IEEE}
}

@article{choi2022scalable,
  title={Scalable image coding for humans and machines},
  author={Choi, Hyomin and Baji{\'c}, Ivan V},
  journal={IEEE Transactions on Image Processing},
  volume={31},
  pages={2739--2754},
  year={2022},
  publisher={IEEE}
}

@inproceedings{camuffo2022deep,
  title={Deep 3D Model Optimization for Immersive and Interactive Applications},
  author={Camuffo, Elena and Battisti, Federica and Pham, Francesco and Milani, Simone},
  booktitle={2022 10th European Workshop on Visual Information Processing (EUVIP)},
  pages={1--6},
  year={2022},
  organization={IEEE}
}

@inproceedings{quach2020improved,
  title={Improved deep point cloud geometry compression},
  author={Quach, Maurice and Valenzise, Giuseppe and Dufaux, Frederic},
  booktitle={2020 IEEE 22nd International Workshop on Multimedia Signal Processing (MMSP)},
  pages={1--6},
  year={2020},
  organization={IEEE}
}

@article{wang2022sparse,
  title={Sparse tensor-based multiscale representation for point cloud geometry compression},
  author={Wang, Jianqiang and Ding, Dandan and Li, Zhu and Feng, Xiaoxing and Cao, Chuntong and Ma, Zhan},
  journal={IEEE Transactions on Pattern Analysis and Machine Intelligence},
  year={2022},
  publisher={IEEE}
}

@inproceedings{guarda2020point,
  title={Point cloud geometry scalable coding with a single end-to-end deep learning model},
  author={Guarda, Andr{\'e} FR and Rodrigues, Nuno MM and Pereira, Fernando},
  booktitle={2020 IEEE International Conference on Image Processing (ICIP)},
  pages={3354--3358},
  year={2020},
  organization={IEEE}
}
@inproceedings{pang2022grasp,
  title={GRASP-Net: Geometric residual analysis and synthesis for point cloud compression},
  author={Pang, Jiahao and Lodhi, Muhammad Asad and Tian, Dong},
  booktitle={Proceedings of the 1st International Workshop on Advances in Point Cloud Compression, Processing and Analysis},
  pages={11--19},
  year={2022}
}

@inproceedings{guarda2023point,
  title={Point cloud geometry and color coding in a learning-based ecosystem for jpeg coding standards},
  author={Guarda, Andr{\'e} FR and Rodrigues, Nuno MM and Pereira, Fernando},
  booktitle={2023 IEEE International Conference on Image Processing (ICIP)},
  pages={2585--2589},
  year={2023},
  organization={IEEE}
}

@article{minnen2018joint,
  title={Joint autoregressive and hierarchical priors for learned image compression},
  author={Minnen, David and Ball{\'e}, Johannes and Toderici, George D},
  journal={Advances in neural information processing systems},
  volume={31},
  year={2018}
}

@inproceedings{choy20194d,
  title={4d spatio-temporal convnets: Minkowski convolutional neural networks},
  author={Choy, Christopher and Gwak, JunYoung and Savarese, Silvio},
  booktitle={Proceedings of the IEEE/CVF conference on computer vision and pattern recognition},
  pages={3075--3084},
  year={2019}
}

@inproceedings{lin2017focal,
  title={Focal loss for dense object detection},
  author={Lin, Tsung-Yi and Goyal, Priya and Girshick, Ross and He, Kaiming and Doll{\'a}r, Piotr},
  booktitle={Proceedings of the IEEE international conference on computer vision},
  pages={2980--2988},
  year={2017}
}

@inproceedings{ronneberger2015u,
  title={U-net: Convolutional networks for biomedical image segmentation},
  author={Ronneberger, Olaf and Fischer, Philipp and Brox, Thomas},
  booktitle={Medical image computing and computer-assisted intervention--MICCAI 2015: 18th international conference, Munich, Germany, October 5-9, 2015, proceedings, part III 18},
  pages={234--241},
  year={2015},
  organization={Springer}
}

@INPROCEEDINGS{mari2024point,
  author={Mari, Daniele and Guarda, André F. R. and Rodrigues, Nuno M. M. and Milani, Simone and Pereira, Fernando},
  booktitle={2024 IEEE International Conference on Image Processing (ICIP)}, 
  title={Point Cloud Geometry Scalable Coding with a Quality-Conditioned Latents Probability Estimator}, 
  year={2024},
  volume={},
  number={},
  pages={3410-3416},
  keywords={Point cloud compression;Geometry;Visualization;Codecs;Image coding;Scalability;Transform coding;Point cloud coding;scalable coding;geometry coding;deep learning;JPEG PCC standard},
  doi={10.1109/ICIP51287.2024.10647489}}

@article{nguyen2021lossless,
  title={Lossless coding of point cloud geometry using a deep generative model},
  author={Nguyen, Dat Thanh and Quach, Maurice and Valenzise, Giuseppe and Duhamel, Pierre},
  journal={IEEE Transactions on Circuits and Systems for Video Technology},
  volume={31},
  number={12},
  pages={4617--4629},
  year={2021},
  publisher={IEEE}
}

@article{wu2022point,
  title={Point transformer v2: Grouped vector attention and partition-based pooling},
  author={Wu, Xiaoyang and Lao, Yixing and Jiang, Li and Liu, Xihui and Zhao, Hengshuang},
  journal={Advances in Neural Information Processing Systems},
  volume={35},
  pages={33330--33342},
  year={2022}
}

@inproceedings{meynet2020pcqm,
  title={PCQM: A full-reference quality metric for colored 3D point clouds},
  author={Meynet, Gabriel and Nehm{\'e}, Yana and Digne, Julie and Lavou{\'e}, Guillaume},
  booktitle={2020 Twelfth International Conference on Quality of Multimedia Experience (QoMEX)},
  pages={1--6},
  year={2020},
  organization={IEEE}
}

@article{wang2021lossy,
  title={Lossy point cloud geometry compression via end-to-end learning},
  author={Wang, Jianqiang and Zhu, Hao and Liu, Haojie and Ma, Zhan},
  journal={IEEE Transactions on Circuits and Systems for Video Technology},
  volume={31},
  number={12},
  pages={4909--4923},
  year={2021},
  publisher={IEEE}
}

@article{kerbl20233d,
  title={3D Gaussian Splatting for Real-Time Radiance Field Rendering.},
  author={Kerbl, Bernhard and Kopanas, Georgios and Leimk{\"u}hler, Thomas and Drettakis, George},
  journal={ACM Trans. Graph.},
  volume={42},
  number={4},
  pages={139--1},
  year={2023}
}

@article{guarda2024jpeg,
  title={The JPEG Pleno Learning-based Point Cloud Coding Standard: Serving Man and Machine},
  author={Guarda, Andr{\'e} FR and Rodrigues, Nuno MM and Pereira, Fernando},
  journal={arXiv preprint arXiv:2409.08130},
  year={2024}
}
@INPROCEEDINGS{liu2022pcgformer,
  author={Liu, Gexin and Wang, Jianqiang and Ding, Dandan and Ma, Zhan},
  booktitle={2022 IEEE International Conference on Visual Communications and Image Processing (VCIP)}, 
  title={PCGFormer: Lossy Point Cloud Geometry Compression via Local Self-Attention}, 
  year={2022},
  volume={},
  number={},
  pages={1-5},
  keywords={Point cloud compression;Geometry;Convolutional codes;Training;MPEG standards;Image coding;Tensors;Point cloud geometry compression;multiscale sparse tensor;self-attention;kNN},
  doi={10.1109/VCIP56404.2022.10008892}}

@article{begaint2020compressai,
  title={Compressai: a pytorch library and evaluation platform for end-to-end compression research},
  author={B{\'e}gaint, Jean and Racap{\'e}, Fabien and Feltman, Simon and Pushparaja, Akshay},
  journal={arXiv preprint arXiv:2011.03029},
  year={2020}
}

@article{ulhaq2024scalable,
  title={Scalable Human-Machine Point Cloud Compression},
  author={Ulhaq, Mateen and Baji{\'c}, Ivan V},
  journal={arXiv preprint arXiv:2402.12532},
  year={2024}
}

@ARTICLE{wang2024versatile1,
  author={Wang, Jianqiang and Xue, Ruixiang and Li, Jiaxin and Ding, Dandan and Lin, Yi and Ma, Zhan},
  journal={IEEE Transactions on Pattern Analysis and Machine Intelligence}, 
  title={A Versatile Point Cloud Compressor Using Universal Multiscale Conditional Coding – Part I: Geometry}, 
  year={2024},
  volume={},
  number={},
  pages={1-18},
  keywords={Point cloud compression;Geometry;Encoding;Tensors;Spatiotemporal phenomena;Correlation;Transform coding;Point cloud compression;geometry;attribute;multiscale sparse representation;conditional coding},
  doi={10.1109/TPAMI.2024.3462938}}

@ARTICLE{wang2024versatile2,
  author={Wang, Jianqiang and Xue, Ruixiang and Li, Jiaxin and Ding, Dandan and Lin, Yi and Ma, Zhan},
  journal={IEEE Transactions on Pattern Analysis and Machine Intelligence}, 
  title={A Versatile Point Cloud Compressor Using Universal Multiscale Conditional Coding – Part II: Attribute}, 
  year={2024},
  volume={},
  number={},
  pages={1-16},
  keywords={Geometry;Point cloud compression;Encoding;Tensors;Image color analysis;Image coding;Transform coding;Point cloud compression;geometry;attribute;multiscale sparse representation;conditional coding},
  doi={10.1109/TPAMI.2024.3462945}}