@inproceedings{aigccfp,
    title = {{Call for Proposals for AI-based Point Cloud Coding}},
    author = {{ISO/IEC JTC 1/SC 29/WG 2 N365}},
    booktitle = {146th MPEG Meeting, Rennes, France},
    month = {Apr.},
    year = {2024},
}

@inproceedings{balle2018variational,
  title={Variational image compression with a scale hyperprior},
  author={Ball{\'e}, Johannes and Minnen, David and Singh, Saurabh and Hwang, Sung Jin and Johnston, Nick},
  booktitle={International Conference on Learning Representations},
  year={2018}
}

@article{bross2021overview,
  title={Overview of the versatile video coding (VVC) standard and its applications},
  author={Bross, Benjamin and Wang, Ye-Kui and Ye, Yan and Liu, Shan and Chen, Jianle and Sullivan, Gary J and Ohm, Jens-Rainer},
  journal={IEEE Transactions on Circuits and Systems for Video Technology},
  volume={31},
  number={10},
  pages={3736--3764},
  year={2021},
  publisher={IEEE}
}

@article{graziosi2020overview,
  title={An overview of ongoing point cloud compression standardization activities: Video-based (V-PCC) and geometry-based (G-PCC)},
  author={Graziosi, Danillo and Nakagami, Ohji and Kuma, Satoru and Zaghetto, Alexandre and Suzuki, Teruhiko and Tabatabai, Ali},
  journal={APSIPA Transactions on Signal and Information Processing},
  volume={9},
  pages={e13},
  year={2020},
  publisher={Cambridge University Press}
}

@inproceedings{guarda2020point,
  title={Point cloud geometry scalable coding with a single end-to-end deep learning model},
  author={Guarda, Andr{\'e} FR and Rodrigues, Nuno MM and Pereira, Fernando},
  booktitle={2020 IEEE International Conference on Image Processing (ICIP)},
  pages={3354--3358},
  year={2020},
  organization={IEEE}
}

@article{guarda2024jpeg,
  title={The JPEG Pleno Learning-based Point Cloud Coding Standard: Serving Man and Machine},
  author={Guarda, Andr{\'e} FR and Rodrigues, Nuno MM and Pereira, Fernando},
  journal={arXiv preprint arXiv:2409.08130},
  year={2024}
}

@INPROCEEDINGS{liu2022pcgformer,
  author={Liu, Gexin and Wang, Jianqiang and Ding, Dandan and Ma, Zhan},
  booktitle={2022 IEEE International Conference on Visual Communications and Image Processing (VCIP)}, 
  title={PCGFormer: Lossy Point Cloud Geometry Compression via Local Self-Attention}, 
  year={2022},
  volume={},
  number={},
  pages={1-5},
  keywords={Point cloud compression;Geometry;Convolutional codes;Training;MPEG standards;Image coding;Tensors;Point cloud geometry compression;multiscale sparse tensor;self-attention;kNN},
  doi={10.1109/VCIP56404.2022.10008892}}

@inproceedings{pang2022grasp,
  title={GRASP-Net: Geometric residual analysis and synthesis for point cloud compression},
  author={Pang, Jiahao and Lodhi, Muhammad Asad and Tian, Dong},
  booktitle={Proceedings of the 1st International Workshop on Advances in Point Cloud Compression, Processing and Analysis},
  pages={11--19},
  year={2022}
}

@inproceedings{quach2020improved,
  title={Improved deep point cloud geometry compression},
  author={Quach, Maurice and Valenzise, Giuseppe and Dufaux, Frederic},
  booktitle={2020 IEEE 22nd International Workshop on Multimedia Signal Processing (MMSP)},
  pages={1--6},
  year={2020},
  organization={IEEE}
}

@article{ulhaq2024scalable,
  title={Scalable Human-Machine Point Cloud Compression},
  author={Ulhaq, Mateen and Baji{\'c}, Ivan V},
  journal={arXiv preprint arXiv:2402.12532},
  year={2024}
}

@inproceedings{vpccscal,
  title = {{Scalability support in V-PCC}},
  author = {{ISO/IEC JTC1/SC29/WG1 N19156}},
  booktitle = {129th MPEG Meeting, Bruxelles, Belgium},
  month = {Jan.},
  year = {2020},
}

@article{wang2021lossy,
  title={Lossy point cloud geometry compression via end-to-end learning},
  author={Wang, Jianqiang and Zhu, Hao and Liu, Haojie and Ma, Zhan},
  journal={IEEE Transactions on Circuits and Systems for Video Technology},
  volume={31},
  number={12},
  pages={4909--4923},
  year={2021},
  publisher={IEEE}
}

@article{wang2022sparse,
  title={Sparse tensor-based multiscale representation for point cloud geometry compression},
  author={Wang, Jianqiang and Ding, Dandan and Li, Zhu and Feng, Xiaoxing and Cao, Chuntong and Ma, Zhan},
  journal={IEEE Transactions on Pattern Analysis and Machine Intelligence},
  year={2022},
  publisher={IEEE}
}

@ARTICLE{wang2024versatile1,
  author={Wang, Jianqiang and Xue, Ruixiang and Li, Jiaxin and Ding, Dandan and Lin, Yi and Ma, Zhan},
  journal={IEEE Transactions on Pattern Analysis and Machine Intelligence}, 
  title={A Versatile Point Cloud Compressor Using Universal Multiscale Conditional Coding – Part I: Geometry}, 
  year={2024},
  volume={},
  number={},
  pages={1-18},
  keywords={Point cloud compression;Geometry;Encoding;Tensors;Spatiotemporal phenomena;Correlation;Transform coding;Point cloud compression;geometry;attribute;multiscale sparse representation;conditional coding},
  doi={10.1109/TPAMI.2024.3462938}}

@ARTICLE{wang2024versatile2,
  author={Wang, Jianqiang and Xue, Ruixiang and Li, Jiaxin and Ding, Dandan and Lin, Yi and Ma, Zhan},
  journal={IEEE Transactions on Pattern Analysis and Machine Intelligence}, 
  title={A Versatile Point Cloud Compressor Using Universal Multiscale Conditional Coding – Part II: Attribute}, 
  year={2024},
  volume={},
  number={},
  pages={1-16},
  keywords={Geometry;Point cloud compression;Encoding;Tensors;Image color analysis;Image coding;Transform coding;Point cloud compression;geometry;attribute;multiscale sparse representation;conditional coding},
  doi={10.1109/TPAMI.2024.3462945}}

