@Article{ARR14,
  title =	 {Blind deconvolution using convex programming},
  author =	 {A. Ahmed and B. Recht and J. Romberg},
  journal =	 {IEEE Transactions on Information Theory},
  number=3,
  volume=	60,
  year =	 2014,
  pages =	 {1711--1732},
}

@Article{BD_LS,
  title =	 { Self-Calibration and Bilinear Inverse Problems via
Linear Least Squares},
  author =	 {S. Y. Lin and T. Strohmer},
  journal =	 {SIAM Journal on Imaging Sciences},
  volume= 11,
  number=1,
  year = 2018,
  pages =	 {252--292}
}

@Article{BD_randomSign,
  title =	 {Blind deconvolution using modulated Inputs},
  author =	 {A. Ahmed},
  journal =	 {IEEE Transactions on Signal Processing},
  volume=	{68},
  year =	 2020,
  pages =	 {374--387},
}

@Book{CE16,
  author =	 {P. Campisi and K. Egiazarian},
  title =	 {Blind image deconvolution: theory and applications},
  publisher =	 {Elsevier},
  year =	 {2017},
}

@Article{CompressedDeconvolution,
  title =	 {Compressive deconvolution in random mask imaging},
  author =	 {S. Bahmani and J. Romberg},
  journal =	 {IEEE Transactions on Computational Imaging},
  number=1,
  volume=	4,
  year =	 2015,
  pages =	 {236--246},
}

@Article{Ji, 
  title =	 {L1-norm regularisation for short-and-sparse blind deconvolution: Point source separability and region selection},
  author =	 {W. Wang and J. Li and H. Ji},
  journal =	 {SIAM Journal on Imaging Sciences},
  volume= 15,
  number =3,
  year = 2022,
  pages =	 {1345-1372}
}

@Article{MC99,
  title =	 {Parametric blind deconvolution: a robust method for the simultaneous estimation of image and blur},
  author =	 {J. Markham and J. Conchello},
  journal =	 {Journal of the Optical Society of America. A, Optics and image science},
  volume= 16,
  number=10,
  year = 1999,
  pages =	 {2377--2391}
}

@Article{Qiao2025,
  title =	 {On compressive self-calibration with structural constraints via alternating minimization},
  author =	 {Z. Wang and H. Qiao},
  journal =	 {Signal Processing},
  volume=	228,
  year =	 2025,
  pages =	 {109757},
}

@Article{Romberg_RandomMask,
  title =	 {Lifting for blind deconvolution in random mask imaging: identifiability and convex relaxation},
  author =	 {S. Bahmani and J. Romberg},
  journal =	 {SIAM Journal on Imaging Sciences},
  number=4,
  volume=	8,
  year =	 2015,
  pages =	 {2203--2238},
}

@Article{SAS,
  title =	 { Geometry and Symmetry in Short-and-Sparse Deconvolution},
  author =	 {H. Kuo and Y. Q. Zhang and Y. Lau and J. Wright},
  journal =	 {SIAM Journal on Mathematics of Data Science},
  volume= {2},
  number ={1}, 
  year = {2020},
  pages =	 {216--245},
}

@Article{XS18,
  title =	 {Identifiability of Multichannel Blind Deconvolution and Nonconvex Regularization Algorithm},
  author =	 {Y. Xia and S. Li},
  journal =	 {IEEE Transactions on Signal Processing},
  volume= 66,
  number =20,
  year = 2018,
  pages =	 {5299--5312}
}

