@Article{BD_randomSign,
  title =	 {Blind deconvolution using modulated Inputs},
  author =	 {A. Ahmed},
  journal =	 {IEEE Transactions on Signal Processing},
  volume=	{68},
  year =	 2020,
  pages =	 {374--387},
}


@Article{phaselift,
  title =	 {Phaselift: exact and stable signal recovery from magnitude measurements via convex programming},
  author =	 {E. Cand\`es, T. Strohmer and V. Voroninski},
  journal =	 {Communications on Pure and Applied Mathematics},
  number=3,
  volume=	60,
  year =	 2012,
  pages =	 {1711--1732},
}

@Article{phasemask,
  title =	 {End-to-end Learning for Joint Depth and Image Reconstruction from Diffracted Rotation},
  author =	 {M. Mel, M. Siddiqui, P. Zanuttigh},
  journal =	 {The Visual Computer},
  number=9,
  volume=	40,
  year =	 2024,
  pages =	 {5961-5977},
}

@Article{physics,
  title =	 {Orbital angular momentum of light and the transformation of laguerre-gaussian laser modes},
  author =	 {L. Allen, M. W. Beijersbergen, R. Spreeuw and J. Woerdman},
  journal =	 {Physical review A},
  number=11,
  volume=	45,
  year =	 1992,
  pages =	 {81--85},
}

@Article{ARR14,
  title =	 {Blind deconvolution using convex programming},
  author =	 {A. Ahmed and B. Recht and J. Romberg},
  journal =	 {IEEE Transactions on Information Theory},
  number=3,
  volume=	60,
  year =	 2014,
  pages =	 {1711--1732},
}




@Article{XiaXu,
  title =	 {The performance of the amplitude-based model for complex phase retrieval},
  author =	 {Y. Xia and Z. Xu},
  journal =	 {Information and Inference: A Journal of the IMA},
  volume=	13,
  year =	 2024,
  pages =	 {iaad053},
}

@Article{HuangXu,
  title =	 {Performance bounds of the intensity-based estimators for noisy phase retrieval},
  author =	 {M. Huang and Z. Xu},
  journal =	 {Applied and Computational Harmonic Analysis},
  volume=	68,
  year =	 2024,
  pages =	 {101584},
}

@Article{CompressedDeconvolution,
  title =	 {Compressive deconvolution in random mask imaging},
  author =	 {S. Bahmani and J. Romberg},
  journal =	 {IEEE Transactions on Computational Imaging},
  number=1,
  volume=	4,
  year =	 2015,
  pages =	 {236--246},
}

@Article{Qiao2025,
  title =	 {On compressive self-calibration with structural constraints via alternating minimization},
  author =	 {Z. Wang and H. Qiao},
  journal =	 {Signal Processing},
  volume=	228,
  year =	 2025,
  pages =	 {109757},
}




@Article{Romberg_RandomMask,
  title =	 {Lifting for blind deconvolution in random mask imaging: identifiability and convex relaxation},
  author =	 {S. Bahmani and J. Romberg},
  journal =	 {SIAM Journal on Imaging Sciences},
  number=4,
  volume=	8,
  year =	 2015,
  pages =	 {2203--2238},
}

@Article{RIPless,
  title =	 {A probabilistic and RIPless theory of compressed sensing},
  author =	 {E. Cand\`es and Y. Plan},
  journal =	 {IEEE Transactions on Information Theory},
  number=57,
  volume=	11,
  year =	 2011,
  pages =	 {7235-7254},
}

@Article{SDP_converge,
  title =	 {Local minima and convergence in low-rank semidefinite programming},
  author =	 {S. Burer and R. D. C. Monteiro},
  journal =	 {Mathematical Programming},
  number={3},
  volume=	{103},
  year =	 {2005},
  pages =	 {427--444},
}

@Article{BM03,
  title =	 {A nonlinear programming algorithm for solving semidefinite programs via low-rank factorization},
  author =	 {S. Burer and R. D. C.  Monteiro},
  journal =	 {Mathematical Programming},
  volume=	{95},
  number ={2},
  year =	 {2003},
  pages =	 {329--357},
}

@Article{Cai12,
  title =	 {Framelet-Based Blind Motion Deblurring From a Single Image},
  author =	 {J. Cai and H. Ji and C. Liu and Z. Shen },
  journal =	 {IEEE Transactions on Imaging Processing},
  volume=	{21},
  number ={2},
  year =	 {2012},
  pages =	 {562--572},
}

@Article{nonconvex_random_calibration,
  title =	 {A non-convex blind calibration method for randomised sensing strategies},
  author =	 {V. Cambareri and L. Jacques},
  journal =	 {2016 4th International Workshop on  Compressed Sensing Theory and its Applications to Radar, Sonar
and Remote Sensing (CoSeRa)},
  year =	 {2016},
  pages =	 {16--20},
}

@Book{CE16,
  author =	 {P. Campisi and K. Egiazarian},
  title =	 {Blind image deconvolution: theory and applications},
  publisher =	 {Elsevier},
  year =	 {2017},
}

@Article{Candes15,
  title =	 {Phase retrieval via Wirtinger Flow: theory and algorithms},
  author =	 {E. J. Cand\`es and X. Li and M. Soltanolkotabi},
  journal =	 {IEEE Transactions on Information Theory},
  volume= {61},
  number ={4},
  year =	 {2015},
  pages =	 {1985--2007},
}

@Article{CDP,
  title =	 {Phase Retrieval from Coded Diffraction Patterns},
  author =	 {E. J. Cand\`es and X. Li and M. Soltanolkotabi},
  journal =	 {Applied and Computational Harmonic Analysis},
  volume= {39},
  number={2},
  year =	 {2015},
  pages =	 {277--299},
}

@Article{CRT06,
  title =	 {Robust uncertainty
principles: Exact signal reconstruction from highly incomplete frequency
information},
  author =	 {E. J. Cand\`es and J. Romberg and T. Tao},
  journal =	 {IEEE Transaction on Information Theory},
  volume= {52},
  number ={2}, 
  year =	 {2006},
  pages =	 {489--509},
}


@Article{Chen15,
  title =	 {Solving random quadratic systems of equations is nearly as easy as solving linear systems},
  author =	 {Y. Chen and E. J. Cand\`es},
  journal =	 {Communications on Pure and Applied Mathematics},
  volume= {70},
  number ={5}, 
  year =	{2017},
  pages =	 {822--883},
}

@Article{Fan20,
  title =	 {Convex and nonconvex optimization are both minimax-optimal for noisy blind deconvolution},
  author =	 {Y.  Chen and  J.  Fan and  B. Wang and Y. Yan},
  journal =	 {Journal of the American Statistical Association},
  Volume= {ahead-of-print},
  year =	{2021},
  papers= {1-11},
}

@Article{CW98,
 title ={Total variation blind deconvolution},
 author= {T. F. Chan and C. W. Wong},
 journal ={IEEE Transactions on Imaging Processing},
 volume ={7},
 number ={3},
 year= {1998},
 pages ={370--375}
}

@Book{FR15,
  author =	 {M. Fornasier and H. Rauhut},
  title =	 {Compressive sensing. book chapter in the "Handbook of Mathematical Methods in Imaging"},
  publisher =	 {Springer},
  year =	 {2015},
}

@Book{R13,
  author =	 {S. Fourcart and H. Rauhut},
  title =	 {A mathematical introduction to compressed sensing},
  publisher =	 {Birkh$\ddot{\text{a}}$user},
  year =	 {2013},
}

@Article{Gross,
  title =	 {Improved recovery guarantees for phase retrieval from coded diffraction patterns},
  author =	 {D. Gross, F. Krahmer and R. Kueng},
  journal =	 {Applied and Computational Harmonic Analysis},
  number=42,
  volume=	1,
  year =	 2017,
  pages =	 {37--64},
}


@Article{ASH20,
  title =	 {Phase recovery guarantees from designed coded diffraction patterns in optical imaging},
  author =	 {A. Guerrero and  S. Pinilla  and H. Arguello},
  journal =	 {IEEE Transactions on Image Processing},
  volume= {29},
  year =	{2020},
  pages =	 {5687--5697},
}

@Article{HS2022,
  title =	 {Diffraction-based self-calibration method for defocused speckle imaging},
  author =	 {J. Heikkinen and G. S. Schajer},
  journal =	 {Optics and lasers in engineering},
  volume= {158},
  year =	{2022},
  pages =	 {107124--107134},
}

@Article{MSNY2016,
  title =	 {Multiple defocused coherent diffraction imaging: method for simultaneously reconstructing objects and probe using X-ray free-electron lasers},
  author =	 {M. Hirose and K. Shimomura and A. Suzuki and N. Burdet and Y. Takahashi},
  journal =	 {Optics Express},
  volume= {24},
  number ={11}, 
  year =	{2016},
  pages =	 {11917--11925},
}

@Article{KS,
  title =	 {On the convex geometry of blind deconvolution and matrix completion},
  author =	 {F. Krammer and D. Stoger},
  journal =	 {Communications on Pure and Applied Mathematics},
  volume= {74},
  number ={4}, 
  year =	{2021},
  pages =	 {790--832},
}

@Article{2D_PR,
  title =	 {On the 2D phase retrieval problem},
  author =	 {D. Kogan and Y. C. Eldar and D. Oron},
  journal =	 {IEEE Transactions on Signal Processing},
  volume= {65},
  number ={4}, 
  year =	{2017},
  pages =	 {1058--1067},
}

@Article{KH96,
  title =	 { Blind image deconvolution},
  author =	 {D. Kundur and D. Hatzinakos},
  journal =	 {IEEE signal processing magazine},
  volume= {13},
  number ={3}, 
  year =	{1996},
  pages =	 {43--64},
}

@Article{SAS,
  title =	 { Geometry and Symmetry in Short-and-Sparse Deconvolution},
  author =	 {H. Kuo and Y. Q. Zhang and Y. Lau and J. Wright},
  journal =	 {SIAM Journal on Mathematics of Data Science},
  volume= {2},
  number ={1}, 
  year = {2020},
  pages =	 {216--245},
}

@Article{JC93,
  title =	 { Restoration of astronomical images by iterative blind
deconvolution},
  author =	 {S. M. Jefferies and J. C. Christou},
  journal =	 {The Astrophysical Journal},
  volume= 415,
  number =2, 
  year = 1993,
  pages =	 {862--874}
}

@Article{LTR18,
  title =	 { Fast and guaranteed blind multichannel deconvolution under a bilinear system model},
  author =	 {K. Lee and N. Tian and J. Romberg},
  journal =	 {IEEE Transactions on information theory},
  volume= 64,
  number =7, 
  year = 2018,
  pages =	 {4792--4818}
}

@Article{L_acha,
  title =	 { Rapid, Robust, and Reliable Blind Deconvolution via Nonconvex Optimization},
  author =	 {X. Li and S. Y. Ling and T. Strohmer and K. Wei},
  journal =	 {Applied and Computational Harmonic Analysis},
  volume= 47,
  number=3,
  year = 2019,
  pages =	 {893--934}
}

@Article{BD_LS,
  title =	 { Self-Calibration and Bilinear Inverse Problems via
Linear Least Squares},
  author =	 {S. Y. Lin and T. Strohmer},
  journal =	 {SIAM Journal on Imaging Sciences},
  volume= 11,
  number=1,
  year = 2018,
  pages =	 {252--292}
}

@Article{JL14,
  title =	 { Sparse recovery with coherent tight frame via analysis Dantzig selector and analysis lasso},
  author =	 {J. Lin and S. Li},
  journal =	 {Applied and Computational Harmonic Analysis},
  volume= {37},
  number= {1},
  year = {2014},
  pages =	 {126--139}
}

@Article{LWDF11,
  title =	 {Understanding blind deconvolution algorithms},
  author =	 {A. Levin and Y. Weiss and F. Durand and W. Freeman},
  journal =	 {IEEE Transactions on Pattern Analysis and Machine Intelligence},
  volume= {33},
  number={12},
  year = {2011},
  pages =	 {2354--2367}
}

@Book{diffractiongrating,
 author ={E. G. Loewen and E. Popov},
 title= {Diffraction gratings and applications},
 publisher= {CRC Press},
 year ={1997},
}

@Book{mallat,
  author =	 {S. Mallat},
  title =	 {A wavelet tour of signal processing: the sparse way},
  publisher =	 {Academic Press},
  year =	 2008
}

@Article{MC99,
  title =	 {Parametric blind deconvolution: a robust method for the simultaneous estimation of image and blur},
  author =	 {J. Markham and J. Conchello},
  journal =	 {Journal of the Optical Society of America. A, Optics and image science},
  volume= 16,
  number=10,
  year = 1999,
  pages =	 {2377--2391}
}

@Article{QLZ19,
  title =	 {Exact and Efficient Multi-Channel Sparse Blind Deconvolution - A Nonconvex Approach},
  author =	 {Q. Qu and X. Li and Z. Zhu},
  journal =	 {Asilomar Conference on Signals, Systems, and Computers},
  year = 2019,
  pages =	 {640--644}
}

@Article{motion_blur_coded,
  title =	 {Coded exposure photography: Motion deblurring
using fluttered shutter},
  author =	 {R. Raskar and A. Agrawal and J. Tumblin},
  journal =	 {ACM Transactions on Graphics},
  volume= 25,
  number=3,
  year = 2006,
  pages =	 {795--804}
}

@Article{37,
  title =	 {Parallel stochastic gradient algorithms for large-scale matrix completion},
  author =	 {B. Recht and C. R\'e},
  journal =	 {Mathematical Programming Computation},
  volume= 5,
  number=2,
  year = 2013,
  pages =	 { 201-226}
}

@Article{T12,
  title =	 {User-friendly tail bounds for sums of random
matrices},
  author =	 {J. A. Tropp},
  journal =	 {Foundations of computational mathematics},
  volume= 12,
  number=4,
  year = 2012,
  pages =	 { 389--434}
}

@Article{Tong21,
  title =	 {Low-rank matrix recovery with scaled subgradient methods: fast and robust convergence without the condition number},
  author =	 {T. Tong and C. Ma and Y. Chi},
  journal =	 {IEEE Transactions on Signal Processing},
  volume= 69,
  year = 2021,
  pages =	 {2396--2409}
}

@Article{TP98,
  title =	 {Multichannel blind identification: from subspace to maximum likelihood
methods},
  author =	 {L. Tong and S. Perreau},
  journal =	 {Proceedings of the IEEE},
  volume= 86,
  number =10,
  year = 1998,
  pages =	 {1951--1968}
}

@Book{V11,
  author =	 {R. Vershynin},
  title =	 {High-dimensional probability: an introduction with applications in data science},
  publisher =	 {Cambridge University Press},
  year =	 2018
}

@Article{Ji, 
  title =	 {L1-norm regularisation for short-and-sparse blind deconvolution: Point source separability and region selection},
  author =	 {W. Wang and J. Li and H. Ji},
  journal =	 {SIAM Journal on Imaging Sciences},
  volume= 15,
  number =3,
  year = 2022,
  pages =	 {1345-1372}
}

@Article{WBSJ15,
  title =	 {Sparse signal processing concepts for efficient 5G system design},
  author =	 {G. Wunder and  H. Boche and T. Strohmer},
  journal =	 {IEEE Access},
  volume= 3,
  year = 2015,
  pages =	 {195--208}
}

@Article{XS18,
  title =	 {Identifiability of Multichannel Blind Deconvolution and Nonconvex Regularization Algorithm},
  author =	 {Y. Xia and S. Li},
  journal =	 {IEEE Transactions on Signal Processing},
  volume= 66,
  number =20,
  year = 2018,
  pages =	 {5299--5312}
}

