@misc{borgeaud2022improvinglanguagemodelsretrieving,
      title={Improving language models by retrieving from trillions of tokens}, 
      author={Sebastian Borgeaud and Arthur Mensch and Jordan Hoffmann and Trevor Cai and Eliza Rutherford and Katie Millican and George van den Driessche and Jean-Baptiste Lespiau and Bogdan Damoc and Aidan Clark and Diego de Las Casas and Aurelia Guy and Jacob Menick and Roman Ring and Tom Hennigan and Saffron Huang and Loren Maggiore and Chris Jones and Albin Cassirer and Andy Brock and Michela Paganini and Geoffrey Irving and Oriol Vinyals and Simon Osindero and Karen Simonyan and Jack W. Rae and Erich Elsen and Laurent Sifre},
      year={2022},
      eprint={2112.04426},
      archivePrefix={arXiv},
      primaryClass={cs.CL},
      url={https://arxiv.org/abs/2112.04426}, 
}

@misc{chen2022finqa,
      title={FinQA: A Dataset of Numerical Reasoning over Financial Data}, 
      author={Zhiyu Chen and Wenhu Chen and Charese Smiley and Sameena Shah and Iana Borova and Dylan Langdon and Reema Moussa and Matt Beane and Ting-Hao Huang and Bryan Routledge and William Yang Wang},
      year={2022},
      eprint={2109.00122},
      archivePrefix={arXiv},
      primaryClass={cs.CL}
}

@misc{gao2024retrievalaugmented,
      title={Retrieval-Augmented Generation for Large Language Models: A Survey}, 
      author={Yunfan Gao and Yun Xiong and Xinyu Gao and Kangxiang Jia and Jinliu Pan and Yuxi Bi and Yi Dai and Jiawei Sun and Meng Wang and Haofen Wang},
      year={2024},
      eprint={2312.10997},
      archivePrefix={arXiv},
      primaryClass={cs.CL}
}

@misc{guu2020realm,
      title={REALM: Retrieval-Augmented Language Model Pre-Training}, 
      author={Kelvin Guu and Kenton Lee and Zora Tung and Panupong Pasupat and Ming-Wei Chang},
      year={2020},
      eprint={2002.08909},
      archivePrefix={arXiv},
      primaryClass={cs.CL}
}

@article{islam2023financebench,
  title={Financebench: A new benchmark for financial question answering},
  author={Islam, Pranab and Kannappan, Anand and Kiela, Douwe and Qian, Rebecca and Scherrer, Nino and Vidgen, Bertie},
  journal={arXiv preprint arXiv:2311.11944},
  year={2023}
}

@misc{kim2024ragqaragintegratinggenerative,
      title={From RAG to QA-RAG: Integrating Generative AI for Pharmaceutical Regulatory Compliance Process}, 
      author={Jaewoong Kim and Moohong Min},
      year={2024},
      eprint={2402.01717},
      archivePrefix={arXiv},
      primaryClass={cs.CL},
      url={https://arxiv.org/abs/2402.01717}, 
}

@misc{siriwardhana2022improvingdomainadaptationretrieval,
      title={Improving the Domain Adaptation of Retrieval Augmented Generation (RAG) Models for Open Domain Question Answering}, 
      author={Shamane Siriwardhana and Rivindu Weerasekera and Elliott Wen and Tharindu Kaluarachchi and Rajib Rana and Suranga Nanayakkara},
      year={2022},
      eprint={2210.02627},
      archivePrefix={arXiv},
      primaryClass={cs.CL},
      url={https://arxiv.org/abs/2210.02627}, 
}

@misc{wu2023bloomberggptlargelanguagemodel,
      title={BloombergGPT: A Large Language Model for Finance}, 
      author={Shijie Wu and Ozan Irsoy and Steven Lu and Vadim Dabravolski and Mark Dredze and Sebastian Gehrmann and Prabhanjan Kambadur and David Rosenberg and Gideon Mann},
      year={2023},
      eprint={2303.17564},
      archivePrefix={arXiv},
      primaryClass={cs.LG},
      url={https://arxiv.org/abs/2303.17564}, 
}

@misc{xiong2024benchmarkingretrievalaugmentedgenerationmedicine,
      title={Benchmarking Retrieval-Augmented Generation for Medicine}, 
      author={Guangzhi Xiong and Qiao Jin and Zhiyong Lu and Aidong Zhang},
      year={2024},
      eprint={2402.13178},
      archivePrefix={arXiv},
      primaryClass={cs.CL},
      url={https://arxiv.org/abs/2402.13178}, 
}

@misc{zhang2024raftadaptinglanguagemodel,
      title={RAFT: Adapting Language Model to Domain Specific RAG}, 
      author={Tianjun Zhang and Shishir G. Patil and Naman Jain and Sheng Shen and Matei Zaharia and Ion Stoica and Joseph E. Gonzalez},
      year={2024},
      eprint={2403.10131},
      archivePrefix={arXiv},
      primaryClass={cs.CL},
      url={https://arxiv.org/abs/2403.10131}, 
}

