% XAI
@inproceedings{ribeiro2016why,
	title        = {``{Why} Should {I} Trust You?'': Explaining the Predictions of Any Classifier},
	author       = {Ribeiro, Marco Tulio and Singh, Sameer and Guestrin, Carlos},
	year         = 2016,
	booktitle    = {Proceedings of the 22nd ACM SIGKDD International Conference on Knowledge Discovery and Data Mining},
	location     = {San Francisco, California, USA},
	publisher    = {ACM},
	address      = {New York},
	series       = {KDD '16},
	pages        = {1135–1144},
	doi          = {10.1145/2939672.2939778},
	isbn         = 9781450342322,
	numpages     = 10,
}
@inproceedings{selvaraju2017grad,
	title        = {Grad-CAM: Visual Explanations from Deep Networks via Gradient-Based Localization},
	author       = {Selvaraju, Ramprasaath R. and Cogswell, Michael and Das, Abhishek and Vedantam, Ramakrishna and Parikh, Devi and Batra, Dhruv},
	year         = 2017,
	booktitle    = {2017 IEEE International Conference on Computer Vision (ICCV)},
	volume       = {},
	number       = {},
	pages        = {618--626},
	doi          = {10.1109/ICCV.2017.74},
    publisher = {IEEE},
    address = {New York}
}
@misc{haunschmid2020audiolime,
	title        = {audioLIME: Listenable Explanations Using Source Separation},
	author       = {Verena Haunschmid and Ethan Manilow and Gerhard Widmer},
	year         = 2020,
	doi          = {10.48550/arXiv.2008.00582},
	eprint       = {2008.00582},
	archiveprefix = {arXiv},
	primaryclass = {cs.SD}
}
@misc{petsiuk2018rise,
	title        = {RISE: Randomized Input Sampling for Explanation of Black-box Models},
	author       = {Vitali Petsiuk and Abir Das and Kate Saenko},
	year         = 2018,
	doi          = {10.48550/arXiv.1806.07421},
	archiveprefix = {arXiv},
	primaryclass = {cs.CV}
}
@inproceedings{lundberg2017unified,
	title        = {A unified approach to interpreting model predictions},
	author       = {Lundberg, Scott M. and Lee, Su-In},
	year         = 2017,
	booktitle    = {Proceedings of the 31st International Conference on Neural Information Processing Systems},
	location     = {Long Beach, California, USA},
	publisher    = {Curran Associates Inc.},
	address      = {Red Hook, NY, USA},
	series       = {NIPS'17},
	pages        = {4768–4777},
	isbn         = 9781510860964,
	numpages     = 10
}

% Datasets
@inproceedings{goodfellow2013challenges,
	title        = {Challenges in Representation Learning: A Report on Three Machine Learning Contests},
	author       = {Goodfellow, Ian J. and Erhan, Dumitru and Carrier, Pierre Luc and Courville, Aaron and Mirza, Mehdi and Hamner, Ben and Cukierski, Will and Tang, Yichuan and Thaler, David and Lee, Dong-Hyun and Zhou, Yingbo and Ramaiah, Chetan and Feng, Fangxiang and Li, Ruifan and Wang, Xiaojie and Athanasakis, Dimitris and Shawe-Taylor, John and Milakov, Maxim and Park, John and Ionescu, Radu and Popescu, Marius and Grozea, Cristian and Bergstra, James and Xie, Jingjing and Romaszko, Lukasz and Xu, Bing and Chuang, Zhang and Bengio, Yoshua},
	year         = 2013,
	booktitle    = {Neural Information Processing},
	publisher    = {Springer Berlin Heidelberg},
	address      = {Berlin, Heidelberg},
	pages        = {117--124},
	isbn         = {978-3-642-42051-1},
	editor       = {Lee, Minho and Hirose, Akira and Hou, Zeng-Guang and Kil, Rhee Man},
}
@article{cebner2010faces-a,
	title        = {FACES-a database of facial expressions in young, middle-aged, and older women and men: Development and validation},
	author       = {Natalie C. Ebner and Michaela Riediger and Ulman Lindenberger},
	year         = 2010,
	month        = 2,
	journal      = {Behavior Research Methods},
	volume       = 42,
	pages        = {351--362},
	doi          = {10.3758/BRM.42.1.351},
	issn         = {1554351X},
	issue        = 1,
	pmid         = 20160315
}
@misc{lucey2010extended,
	title        = {The Extended Cohn-Kanade Dataset (CK+): A complete dataset for action unit and emotion-specified expression},
	author       = {Patrick Lucey and Jeffrey F Cohn and Takeo Kanade and Jason Saragih and Zara Ambadar and Iain Matthews},
	year         = 2010
}
@article{minear2004lifespan,
	title        = {A lifespan database of adult facial stimuli},
	author       = {Meredith Minear and Denise C Park},
	year         = 2004,
	journal      = {Behavior Research Methods, Instruments, \& Computers},
	volume       = 36,
	pages        = {630--633},
	doi          = {10.3758/BF03206543},
	issn         = {1532-5970},
	issue        = 4
}
@article{mollahosseini2017affectnet,
	title        = {AffectNet: A Database for Facial Expression, Valence, and Arousal Computing in the Wild},
	author       = {Mollahosseini, Ali and Hasani, Behzad and Mahoor, Mohammad H.},
	year         = 2019,
	journal      = {IEEE Transactions on Affective Computing},
	volume       = 10,
	number       = 1,
	pages        = {18--31},
	doi          = {10.1109/TAFFC.2017.2740923},
}
@inproceedings{ma2019elderreact,
	title        = {ElderReact: A multimodal dataset for recognizing emotional response in aging adults},
	author       = {Kaixin Ma and Xinyu Wang and Xinru Yang and Mingtong Zhang and Jeffrey M. Girard and Louis Philippe Morency},
	year         = 2019,
	month        = 10,
	booktitle    = {ICMI 2019 - Proceedings of the 2019 International Conference on Multimodal Interaction},
	publisher    = {Association for Computing Machinery, Inc},
	pages        = {349--357},
	doi          = {10.1145/3340555.3353747},
	isbn         = 9781450368605
}
@inproceedings{nojavanasghari2016emoreact,
	title        = {EmoReact: a multimodal approach and dataset for recognizing emotional responses in children},
	author       = {Nojavanasghari, Behnaz and Baltru\v{s}aitis, Tadas and Hughes, Charles E. and Morency, Louis-Philippe},
	year         = 2016,
	booktitle    = {Proceedings of the 18th ACM International Conference on Multimodal Interaction},
	location     = {Tokyo, Japan},
	publisher    = {Association for Computing Machinery},
	address      = {New York, NY, USA},
	series       = {ICMI '16},
	pages        = {137–144},
	doi          = {10.1145/2993148.2993168},
	isbn         = 9781450345569,
	numpages     = 8
}
@article{langner2010presentation,
	title        = {Presentation and validation of the radboud faces database},
	author       = {Oliver Langner and Ron Dotsch and Gijsbert Bijlstra and Daniel H.J. Wigboldus and Skyler T. Hawk and Ad van Knippenberg},
	year         = 2010,
	month        = 12,
	journal      = {Cognition and Emotion},
	volume       = 24,
	pages        = {1377--1388},
	doi          = {10.1080/02699930903485076},
	issn         = {02699931},
	issue        = 8
}
@article{lundqvist1998karolinska,
	title        = {Karolinska Directed Emotional Faces},
	author       = {Lundqvist, Daniel and Flykt, Anders and {\"O}hman, Arne},
	year         = 1998,
	journal      = {PsycTESTS Dataset},
	publisher    = {American Psychological Association (APA)},
	volume       = 91,
	pages        = 630,
	doi          = {10.1037/t27732-000}
}
@misc{jlyons2020coding,
	title        = {Coding Facial Expressions with Gabor Wavelets (IVC Special Issue)},
	author       = {Lyons, Michael J and Kamachi, Miyuki and Gyoba, Jiro},
	year         = 2020,
	month        = 9,
	doi          = {10.5281/zenodo.4029679}
}
@inproceedings{pantic2005web-based,
	title        = {Web-based database for facial expression analysis},
	author       = {M Pantic and M Valstar and R Rademaker and L Maat},
	year         = 2005,
	booktitle    = {2005 IEEE International Conference on Multimedia and Expo},
	pages        = {5 pp.-},
	doi          = {10.1109/ICME.2005.1521424}
}
@article{yang2020tsinghua,
	title        = {Tsinghua facial expression database – A database of facial expressions in Chinese young and older women and men: Development and validation},
	author       = {Yang, Tao AND Yang, Zeyun AND Xu, Guangzheng AND Gao, Duoling AND Zhang, Ziheng AND Wang, Hui AND Liu, Shiyu AND Han, Linfeng AND Zhu, Zhixin AND Tian, Yang AND Huang, Yuqi AND Zhao, Lei AND Zhong, Kui AND Shi, Bolin AND Li, Juan AND Fu, Shimin AND Liang, Peipeng AND Banissy, Michael J. AND Sun, Pei},
	year         = 2020,
	month        = {04},
	journal      = {PLOS ONE},
	publisher    = {Public Library of Science},
	volume       = 15,
	number       = 4,
	pages        = {1--14},
	doi          = {10.1371/journal.pone.0231304}
}
@article{zhao2011facial,
	title        = {Facial expression recognition from near-infrared videos},
	author       = {Guoying Zhao and Xiaohua Huang and Matti Taini and Stan Z. Li and Matti Pietikäinen},
	year         = 2011,
	journal      = {Image and Vision Computing},
	volume       = 29,
	number       = 9,
	pages        = {607--619},
	doi          = {10.1016/j.imavis.2011.07.002},
	issn         = {0262-8856}
}
@article{li2018recursive,
	title        = {A recursive framework for expression recognition: from web images to deep models to game dataset},
	author       = {Li, Wei and Tsangouri, Christina and Abtahi, Farnaz and Zhu, Zhigang},
	year         = 2018,
	month        = {Apr},
	day          = {01},
	journal      = {Machine Vision and Applications},
	volume       = 29,
	number       = 3,
	pages        = {489--502},
	doi          = {10.1007/s00138-017-0904-9},
	issn         = {1432-1769},
}
@article{oliver2020uibvfed,
	title        = {UIBVFED: Virtual facial expression dataset},
	author       = {Oliver, Miquel Mascaró AND Amengual Alcover, Esperança},
	year         = 2020,
	month        = {04},
	journal      = {PLOS ONE},
	publisher    = {Public Library of Science},
	volume       = 15,
	number       = 4,
	pages        = {1--10},
	doi          = {10.1371/journal.pone.0231266},
}
@article{zhalehpour2017baum-1,
	title        = {BAUM-1: A Spontaneous Audio-Visual Face Database of Affective and Mental States},
	author       = {Zhalehpour, Sara and Onder, Onur and Akhtar, Zahid and Erdem, Cigdem Eroglu},
	year         = 2017,
	journal      = {IEEE Transactions on Affective Computing},
	volume       = 8,
	number       = 3,
	pages        = {300--313},
	doi          = {10.1109/TAFFC.2016.2553038},
}
@article{livingstone2018ryerson,
	title        = {The Ryerson Audio-Visual Database of Emotional Speech and Song (RAVDESS): A dynamic, multimodal set of facial and vocal expressions in North American English},
	author       = {Livingstone, Steven R. AND Russo, Frank A.},
	year         = 2018,
	month        = {05},
	journal      = {PLOS ONE},
	publisher    = {Public Library of Science},
	volume       = 13,
	number       = 5,
	pages        = {1--35},
	doi          = {10.1371/journal.pone.0196391},
}
@misc{hussain2021human,
	title        = {Human Emotions},
	author       = {Jafar Hussain},
	year         = 2021,
        url          = {https://www.kaggle.com/datasets/jafarhussain786},
	note         = {{Accessed: 27th Nov 2024}},
}
@inproceedings{bagherzadeh2018multimodal,
	title        = {Multimodal Language Analysis in the Wild: {CMU}-{MOSEI} Dataset and Interpretable Dynamic Fusion Graph},
	author       = {Bagher Zadeh, AmirAli  and Liang, Paul Pu  and Poria, Soujanya  and Cambria, Erik  and Morency, Louis-Philippe},
	year         = 2018,
	month        = jul,
	booktitle    = {Proceedings of the 56th Annual Meeting of the Association for Computational Linguistics (Volume 1: Long Papers)},
	publisher    = {Association for Computational Linguistics},
	address      = {Melbourne, Australia},
	pages        = {2236--2246},
	doi          = {10.18653/v1/P18-1208},
	editor       = {Gurevych, Iryna  and Miyao, Yusuke}
}

% Models
@misc{GAN,
	title        = {Generative Adversarial Nets},
	author       = {Goodfellow, Ian and Pouget-Abadie, Jean and Mirza, Mehdi and Xu, Bing and Warde-Farley, David and Ozair, Sherjil and Courville, Aaron and Bengio, Yoshua},
	year         = 2014,
	booktitle    = {Advances in Neural Information Processing Systems},
	publisher    = {Curran Associates, Inc.},
	volume       = 27,
	pages        = {},
	editor       = {Z. Ghahramani and M. Welling and C. Cortes and N. Lawrence and K.Q. Weinberger}
}
@article{jhopfield1982neural,
	title        = {Neural networks and physical systems with emergent collective computational abilities.},
	author       = {J J Hopfield},
	year         = 1982,
	journal      = {Proceedings of the National Academy of Sciences},
	volume       = 79,
	number       = 8,
	pages        = {2554--2558},
	doi          = {10.1073/pnas.79.8.2554},
}
@inbook{lecun1999object,
	title        = {Object Recognition with Gradient-Based Learning},
	author       = {LeCun, Yann and Haffner, Patrick and Bottou, L{\'e}on and Bengio, Yoshua},
	year         = 1999,
	booktitle    = {Shape, Contour and Grouping in Computer Vision},
	publisher    = {Springer Berlin Heidelberg},
	address      = {Berlin, Heidelberg},
	pages        = {319--345},
	doi          = {10.1007/3-540-46805-6\_19},
	isbn         = {978-3-540-46805-9},
}
@inproceedings{ruan2024scatnet,
	title        = {SCaTNet: A Novel Self-supervised Contrastive Framework with Spatial-Channel Attention and Temporal Transformer for Few-Shot Action Recognition},
	author       = {Ruan, Zanxi and Wei, Yingmei and Guo, Yanming and Xie, Yuxiang and Yuan, Yifei},
	year         = 2024,
	booktitle    = {Proceedings of the 2023 6th International Conference on Algorithms, Computing and Artificial Intelligence},
	location     = {Sanya, China},
	publisher    = {Association for Computing Machinery},
	address      = {New York, NY, USA},
	series       = {ACAI '23},
	pages        = {135–140},
	doi          = {10.1145/3639631.3639654},
	isbn         = 9798400709203,
	numpages     = 6,
}
@inproceedings{wang2021pyramid,
	title        = {Pyramid Vision Transformer: A Versatile Backbone for Dense Prediction without Convolutions},
	author       = {Wang, Wenhai and Xie, Enze and Li, Xiang and Fan, Deng-Ping and Song, Kaitao and Liang, Ding and Lu, Tong and Luo, Ping and Shao, Ling},
	year         = 2021,
	booktitle    = {2021 IEEE/CVF International Conference on Computer Vision (ICCV)},
	volume       = {},
	number       = {},
	pages        = {548--558},
	doi          = {10.1109/ICCV48922.2021.00061},
}
@inproceedings{wu2021cvt,
	title        = {CvT: Introducing Convolutions to Vision Transformers},
	author       = {Wu, Haiping and Xiao, Bin and Codella, Noel and Liu, Mengchen and Dai, Xiyang and Yuan, Lu and Zhang, Lei},
	year         = 2021,
	booktitle    = {2021 IEEE/CVF International Conference on Computer Vision (ICCV)},
	volume       = {},
	number       = {},
	pages        = {22--31},
	doi          = {10.1109/ICCV48922.2021.00009},
}

@article{vincent2010stacked,
	title        = {Stacked Denoising Autoencoders: Learning Useful Representations in a Deep Network with a Local Denoising Criterion},
	author       = {Vincent, Pascal and Larochelle, Hugo and Lajoie, Isabelle and Bengio, Yoshua and Manzagol, Pierre-Antoine},
	year         = 2010,
	month        = dec,
	journal      = {Journal of Machine Learning Research},
	publisher    = {JMLR.org},
	volume       = 11,
	pages        = {3371–3408},
	issn         = {1532-4435},
	issue_date   = {3/1/2010},
	numpages     = 38
}

@article{kabir2023spinalnet,
	title        = {SpinalNet: Deep Neural Network With Gradual Input},
	author       = {Kabir, H M Dipu and Abdar, Moloud and Khosravi, Abbas and Jalali, Seyed Mohammad Jafar and Atiya, Amir F. and Nahavandi, Saeid and Srinivasan, Dipti},
	year         = 2023,
	journal      = {IEEE Transactions on Artificial Intelligence},
	volume       = 4,
	number       = 5,
	pages        = {1165--1177},
	doi          = {10.1109/TAI.2022.3185179},
}
@book{pearl1988probabilistic,
	title        = {Probabilistic Reasoning in Intelligent Systems: Networks of Plausible Inference},
	author       = {Pearl, Judea},
	year         = 1988,
	publisher    = {Morgan Kaufmann Publishers Inc.},
	address      = {San Francisco, CA, USA},
	isbn         = 1558604790,
}
@inproceedings{liu2016ssd,
	title        = {SSD: Single Shot MultiBox Detector},
	author       = {Liu, Wei and Anguelov, Dragomir and Erhan, Dumitru and Szegedy, Christian and Reed, Scott and Fu, Cheng-Yang and Berg, Alexander C.},
	year         = 2016,
	booktitle    = {Computer Vision -- ECCV 2016},
	publisher    = {Springer International Publishing},
	address      = {Cham},
	pages        = {21--37},
	isbn         = {978-3-319-46448-0},
	editor       = {Leibe, Bastian and Matas, Jiri and Sebe, Nicu and Welling, Max},
}
@article{ren2017faster,
	title        = {Faster R-CNN: Towards Real-Time Object Detection with Region Proposal Networks},
	author       = {Ren, Shaoqing and He, Kaiming and Girshick, Ross and Sun, Jian},
	year         = 2017,
	journal      = {IEEE Transactions on Pattern Analysis and Machine Intelligence},
	volume       = 39,
	number       = 6,
	pages        = {1137--1149},
	doi          = {10.1109/TPAMI.2016.2577031},
}
@inproceedings{hernandez-ortega2019faceqnet,
	title        = {FaceQnet: Quality Assessment for Face Recognition based on Deep Learning},
	author       = {Hernandez-Ortega, Javier and Galbally, Javier and Fierrez, Julian and Haraksim, Rudolf and Beslay, Laurent},
	year         = 2019,
	booktitle    = {2019 International Conference on Biometrics (ICB)},
	volume       = {},
	number       = {},
	pages        = {1--8},
	doi          = {10.1109/ICB45273.2019.8987255},
}
@inproceedings{choi2018stargan,
	title        = {StarGAN: Unified Generative Adversarial Networks for Multi-domain Image-to-Image Translation},
	author       = {Choi, Yunjey and Choi, Minje and Kim, Munyoung and Ha, Jung-Woo and Kim, Sunghun and Choo, Jaegul},
	year         = 2018,
	booktitle    = {2018 IEEE/CVF Conference on Computer Vision and Pattern Recognition},
	volume       = {},
	number       = {},
	pages        = {8789--8797},
	doi          = {10.1109/CVPR.2018.00916},
}
@inproceedings{liu2022video,
	title        = {Video Swin Transformer},
	author       = {Liu, Ze and Ning, Jia and Cao, Yue and Wei, Yixuan and Zhang, Zheng and Lin, Stephen and Hu, Han},
	year         = 2022,
	booktitle    = {2022 IEEE/CVF Conference on Computer Vision and Pattern Recognition (CVPR)},
	volume       = {},
	number       = {},
	pages        = {3192--3201},
	doi          = {10.1109/CVPR52688.2022.00320},
}
@article{qin2020u2-net,
	title        = {U2-Net: Going deeper with nested U-structure for salient object detection},
	author       = {Xuebin Qin and Zichen Zhang and Chenyang Huang and Masood Dehghan and Osmar R. Zaiane and Martin Jagersand},
	year         = 2020,
	journal      = {Pattern Recognition},
	volume       = 106,
	pages        = 107404,
	doi          = {10.1016/j.patcog.2020.107404},
	issn         = {0031-3203},
}
@article{zhang2016joint,
	title        = {Joint Face Detection and Alignment Using Multitask Cascaded Convolutional Networks},
	author       = {Zhang, Kaipeng and Zhang, Zhanpeng and Li, Zhifeng and Qiao, Yu},
	year         = 2016,
	journal      = {IEEE Signal Processing Letters},
	volume       = 23,
	number       = 10,
	pages        = {1499--1503},
	doi          = {10.1109/LSP.2016.2603342}
}
@misc{guo2021sample,
	title        = {Sample and Computation Redistribution for Efficient Face Detection},
	author       = {Jia Guo and Jiankang Deng and Alexandros Lattas and Stefanos Zafeiriou},
	year         = 2021,
	doi          = {10.48550/arXiv.2105.04714},
	archiveprefix = {arXiv},
	primaryclass = {cs.CV}
}
@misc{Sighthound,
	title        = {Sighthound Cloud API},
	author       = {{Sighthound Inc}},
	year         = 2015,
	url          = {https://www.sighthound.com/products/alpr},
	note         = {{Accessed 22nd Nov 2024}}
}
@misc{MicrosoftFace,
	title        = {Microsoft Face Service},
	author       = {{Microsoft Azure}},
	year         = 2017,
	url          = {https://azure.microsoft.com/en-us/products/ai-services/ai-vision},
	note         = {{Accessed 22nd Nov 2024}}
}
@misc{Face++,
	title        = {Face++},
	author       = {{Megvii Technology}},
	year         = 2012,
	url          = {https://www.faceplusplus.com/emotion-recognition/},
	note         = {{Accessed 22nd Nov 2024}}
}
@misc{AmazonRekognition,
	title        = {What is Amazon Rekognition?},
	author       = {{Amazon}},
	year         = 2016,
	url          = {https://docs.aws.amazon.com/rekognition/latest/dg/what-is.html},
	note         = {{Accessed 22nd Nov 2024}}
}
@article{LSTM,
        author = {Hochreiter, Sepp and Schmidhuber, Jürgen},
        title = {Long Short-Term Memory},
        journal = {Neural Computation},
        volume = {9},
        number = {8},
        pages = {1735-1780},
        year = {1997},
        month = {11},
        issn = {0899-7667}
}
@inproceedings{WeiNet2015,
	title        = {A deep-learning approach to facial expression recognition with candid images},
	author       = {Li, Wei and Li, Min and Su, Zhong and Zhu, Zhigang},
	year         = 2015,
	booktitle    = {2015 14th IAPR International Conference on Machine Vision Applications (MVA)},
	pages        = {279--282},
	organization = {IEEE}
}
@inproceedings{Song2014,
	title        = {Deep learning for real-time robust facial expression recognition on a smartphone},
	author       = {Song, Inchul and Kim, Hyun-Jun and Jeon, Paul Barom},
	year         = 2014,
	booktitle    = {2014 IEEE International Conference on Consumer Electronics (ICCE)},
	volume       = {},
	number       = {},
	pages        = {564--567},
	doi          = {10.1109/ICCE.2014.6776135}
}
@article{SilNet2022,
	title        = {A Novel Approach to Cross Dataset Studies in Facial Expression Recognition},
	author       = {Ramis, Silvia and Buades, Jose M. and Perales, Francisco J. and Manresa-Yee, Cristina},
	year         = 2022,
	month        = {nov},
	journal      = {Multimedia Tools Appl.},
	publisher    = {Kluwer Academic Publishers},
	address      = {USA},
	volume       = 81,
	number       = 27,
	pages        = {39507–39544},
	doi          = {10.1007/s11042-022-13117-2},
	issn         = {1380-7501},
	issue_date   = {Nov 2022},
	numpages     = 38
}
@inproceedings{GoogLeNet,
    author={Szegedy, Christian and Wei Liu and Yangqing Jia and Sermanet, Pierre and Reed, Scott and Anguelov, Dragomir and Erhan, Dumitru and Vanhoucke, Vincent and Rabinovich, Andrew},
    booktitle={2015 IEEE Conference on Computer Vision and Pattern Recognition (CVPR)}, 
    title={Going deeper with convolutions}, 
    year={2015},
    volume={},
    number={},
    pages={1-9}
}
@misc{dosovitskiy2021image,
	title        = {An Image is Worth 16x16 Words: Transformers for Image Recognition at Scale},
	author       = {Alexey Dosovitskiy and Lucas Beyer and Alexander Kolesnikov and Dirk Weissenborn and Xiaohua Zhai and Thomas Unterthiner and Mostafa Dehghani and Matthias Minderer and Georg Heigold and Sylvain Gelly and Jakob Uszkoreit and Neil Houlsby},
	year         = 2021,
	doi          = {10.48550/arXiv.2010.11929},
	archiveprefix = {arXiv},
	primaryclass = {cs.CV}
}
@inproceedings{Siamese_CNNs,
	title        = {Siamese neural networks for one-shot image recognition},
	author       = {Koch, Gregory and Zemel, Richard and Salakhutdinov, Ruslan and others},
	year         = 2015,
	booktitle    = {ICML deep learning workshop},
	volume       = 2,
	number       = 1,
	pages        = {1--30},
	organization = {Lille}
}
@inproceedings{kuprashevich2024mivolo,
	title        = {MiVOLO: Multi-input Transformer for Age and Gender Estimation},
	author       = {Kuprashevich, Maksim and Tolstykh, Irina},
	year         = 2024,
	booktitle    = {Analysis of Images, Social Networks and Texts},
	publisher    = {Springer Nature Switzerland},
	address      = {Cham},
	pages        = {212--226},
	isbn         = {978-3-031-54534-4},
	editor       = {Ignatov, Dmitry I. and Khachay, Michael and Kutuzov, Andrey and Madoyan, Habet and Makarov, Ilya and Nikishina, Irina and Panchenko, Alexander and Panov, Maxim and Pardalos, Panos M. and Savchenko, Andrey V. and Tsymbalov, Evgenii and Tutubalina, Elena and Zagoruyko, Sergey},
}
@article{AlexNet,
        author = {Krizhevsky, Alex and Sutskever, Ilya and Hinton, Geoffrey E.},
        title = {ImageNet Classification with Deep Convolutional Neural Networks},
        year = {2017},
        issue_date = {June 2017},
        publisher = {Association for Computing Machinery},
        address = {New York, NY, USA},
        volume = {60},
        number = {6},
        issn = {0001-0782},
        doi = {10.1145/3065386},
        journal = {Commun. ACM},
        month = {may},
        pages = {84–90},
        numpages = {7}
}
@inproceedings{VGG,
	title        = {Very deep convolutional neural network based image classification using small training sample size},
	author       = {Liu, Shuying and Deng, Weihong},
	year         = 2015,
	booktitle    = {2015 3rd IAPR Asian Conference on Pattern Recognition (ACPR)},
	volume       = {},
	number       = {},
	pages        = {730--734},
	doi          = {10.1109/ACPR.2015.7486599},
}
@inproceedings{Transformer,
	title        = {Attention is all you need},
	author       = {Vaswani, Ashish and Shazeer, Noam and Parmar, Niki and Uszkoreit, Jakob and Jones, Llion and Gomez, Aidan N. and Kaiser, \L{}ukasz and Polosukhin, Illia},
	year         = 2017,
	booktitle    = {Proceedings of the 31st International Conference on Neural Information Processing Systems},
	location     = {Long Beach, California, USA},
	publisher    = {Curran Associates Inc.},
	address      = {Red Hook, NY, USA},
	series       = {NIPS'17},
	pages        = {6000–6010},
	isbn         = 9781510860964,
	numpages     = 11
}
@inproceedings{GRU,
	title        = {On the Properties of Neural Machine Translation: Encoder{--}Decoder Approaches},
	author       = {Cho, Kyunghyun  and van Merri{\"e}nboer, Bart  and Bahdanau, Dzmitry  and Bengio, Yoshua},
	year         = 2014,
	month        = oct,
	booktitle    = {Proceedings of {SSST}-8, Eighth Workshop on Syntax, Semantics and Structure in Statistical Translation},
	publisher    = {Association for Computational Linguistics},
	address      = {Doha, Qatar},
	pages        = {103--111},
	doi          = {10.3115/v1/W14-4012},
	editor       = {Wu, Dekai  and Carpuat, Marine  and Carreras, Xavier  and Vecchi, Eva Maria}
}
@inproceedings{ResNet,
    author={He, Kaiming and Zhang, Xiangyu and Ren, Shaoqing and Sun, Jian},
    booktitle={2016 IEEE Conference on Computer Vision and Pattern Recognition (CVPR)}, 
    title={Deep Residual Learning for Image Recognition}, 
    year={2016},
    volume={},
    number={},
    pages={770-778}
}
@misc{prados-torreblanca2022shape,
	title        = {Shape Preserving Facial Landmarks with Graph Attention Networks},
	author       = {Andrés Prados-Torreblanca and José M. Buenaposada and Luis Baumela},
	year         = 2022,
	doi          = {10.48550/arXiv.2210.07233},
	archiveprefix = {arXiv},
	primaryclass = {cs.CV}
}
@misc{MobileNet,
	title        = {MobileNets: Efficient Convolutional Neural Networks for Mobile Vision Applications},
	author       = {Andrew G. Howard and Menglong Zhu and Bo Chen and Dmitry Kalenichenko and Weijun Wang and Tobias Weyand and Marco Andreetto and Hartwig Adam},
	year         = 2017,
	doi          = {10.48550/arXiv.1704.04861},
	archiveprefix = {arXiv},
	primaryclass = {cs.CV}
}
@misc{EfficientNet,
	title         = {EfficientNet: Rethinking Model Scaling for Convolutional Neural Networks},
	author        = {Mingxing Tan and Quoc V. Le},
	year          = 2020,
	eprint        = {1905.11946},
	archiveprefix = {arXiv},
	primaryclass  = {cs.LG},
        doi           = {10.48550/arXiv.1905.11946}
}
@inproceedings{Xception,
	title        = {Xception: Deep Learning with Depthwise Separable Convolutions},
	author       = {Chollet, François},
	year         = 2017,
	booktitle    = {2017 IEEE Conference on Computer Vision and Pattern Recognition (CVPR)},
	volume       = {},
	number       = {},
	pages        = {1800--1807},
	doi          = {10.1109/CVPR.2017.195},
	keywords     = {Computer architecture;Correlation;Convolutional codes;Google;Biological neural networks}
}
@inproceedings{YOLO,
	title        = {You Only Look Once: Unified, Real-Time Object Detection},
	author       = {Redmon, Joseph and Divvala, Santosh and Girshick, Ross and Farhadi, Ali},
	year         = 2016,
	booktitle    = {2016 IEEE Conference on Computer Vision and Pattern Recognition (CVPR)},
	volume       = {},
	number       = {},
	pages        = {779--788},
	doi          = {10.1109/CVPR.2016.91},
}
@article{hinton2006fast,
	title        = {A Fast Learning Algorithm for Deep Belief Nets},
	author       = {Hinton, Geoffrey E. and Osindero, Simon and Teh, Yee-Whye},
	year         = 2006,
	month        = {07},
	journal      = {Neural Computation},
	volume       = 18,
	number       = 7,
	pages        = {1527--1554},
	doi          = {10.1162/neco.2006.18.7.1527},
	issn         = {0899-7667},
}
@misc{openai2024gpt-4,
	title        = {GPT-4 Technical Report},
	author       = {OpenAI and Josh Achiam and Steven Adler and et al.},
	year         = 2024,
	doi          = {10.48550/arXiv.2303.08774},
	archiveprefix = {arXiv},
	primaryclass = {cs.CL}
}
@inproceedings{szegedy2016rethinking,
	title        = {Rethinking the Inception Architecture for Computer Vision},
	author       = {Szegedy, Christian and Vanhoucke, Vincent and Ioffe, Sergey and Shlens, Jon and Wojna, Zbigniew},
	year         = 2016,
	booktitle    = {2016 IEEE Conference on Computer Vision and Pattern Recognition (CVPR)},
	volume       = {},
	number       = {},
	pages        = {2818--2826},
	doi          = {10.1109/CVPR.2016.308},
}
@inproceedings{baltrusaitis2018openface,
	title        = {OpenFace 2.0: Facial Behavior Analysis Toolkit},
	author       = {Baltrusaitis, Tadas and Zadeh, Amir and Lim, Yao Chong and Morency, Louis-Philippe},
	year         = 2018,
	booktitle    = {2018 13th IEEE International Conference on Automatic Face \& Gesture Recognition (FG 2018)},
	volume       = {},
	number       = {},
	pages        = {59--66},
	doi          = {10.1109/FG.2018.00019},
}
@inproceedings{he2016deep,
	title        = {Deep Residual Learning for Image Recognition},
	author       = {He, Kaiming and Zhang, Xiangyu and Ren, Shaoqing and Sun, Jian},
	year         = 2016,
	booktitle    = {2016 IEEE Conference on Computer Vision and Pattern Recognition (CVPR)},
	volume       = {},
	number       = {},
	pages        = {770--778},
	doi          = {10.1109/CVPR.2016.90}
}
@inproceedings{sandler2018mobilenetv2,
	title        = {MobileNetV2: Inverted Residuals and Linear Bottlenecks},
	author       = {Sandler, Mark and Howard, Andrew and Zhu, Menglong and Zhmoginov, Andrey and Chen, Liang-Chieh},
	year         = 2018,
	booktitle    = {2018 IEEE/CVF Conference on Computer Vision and Pattern Recognition},
	volume       = {},
	number       = {},
	pages        = {4510--4520},
	doi          = {10.1109/CVPR.2018.00474},
}
@misc{tan2020efficientnet,
	title        = {EfficientNet: Rethinking Model Scaling for Convolutional Neural Networks},
	author       = {Mingxing Tan and Quoc V. Le},
	year         = 2020,
	doi          = {10.48550/arXiv.1905.11946},
	archiveprefix = {arXiv},
	primaryclass = {cs.LG}
}
@misc{niandola2016squeezenet,
	title        = {SqueezeNet: AlexNet-level accuracy with 50x fewer parameters and $<0.5${MB} model size},
	author       = {Forrest N. Iandola and Song Han and Matthew W. Moskewicz and Khalid Ashraf and William J. Dally and Kurt Keutzer},
	year         = 2016,
	doi          = {10.48550/arXiv.1602.07360},
	archiveprefix = {arXiv},
	primaryclass = {cs.CV}
}
@article{wu2012age,
	title        = {Age Estimation and Face Verification Across Aging Using Landmarks},
	author       = {Wu, Tao and Turaga, Pavan and Chellappa, Rama},
	year         = 2012,
	journal      = {IEEE Transactions on Information Forensics and Security},
	volume       = 7,
	number       = 6,
	pages        = {1780--1788},
	doi          = {10.1109/TIFS.2012.2213812}
}
@inproceedings{simonyan2015very,
	title        = {Very deep convolutional networks for large-scale image recognition},
	author       = {Simonyan, Karen and Zisserman, Andrew},
	year         = 2015,
	booktitle    = {3rd International Conference on Learning Representations (ICLR 2015)},
	publisher    = {Computational and Biological Learning Society},
	series       = {},
	volume       = {},
	number       = {},
	pages        = {1--14}
}
@article{cao2021openpose,
	title        = {OpenPose: Realtime Multi-Person 2D Pose Estimation Using Part Affinity Fields},
	author       = {Cao, Zhe and Hidalgo, Gines and Simon, Tomas and Wei, Shih-En and Sheikh, Yaser},
	year         = 2021,
	journal      = {IEEE Transactions on Pattern Analysis and Machine Intelligence},
	volume       = 43,
	number       = 1,
	pages        = {172--186},
	doi          = {10.1109/TPAMI.2019.2929257},
}
@misc{noldus,
	title        = {Facial expression recognition software | {FaceReader}},
	author       = {{Noldus Information Technology b.v}},
	year         = 2021,
	url          = {https://www.noldus.com/facereader},
	note         = {{Accessed 22nd Nov 2024}}
}
@inproceedings{viola2001rapid,
	title        = {Rapid object detection using a boosted cascade of simple features},
	author       = {Viola, P. and Jones, M.},
	year         = 2001,
	booktitle    = {Proceedings of the 2001 IEEE Computer Society Conference on Computer Vision and Pattern Recognition. CVPR 2001},
	volume       = 1,
	number       = {},
	pages        = {I-I},
	doi          = {10.1109/CVPR.2001.990517},
}



% Introduction
@misc{WHO2024,
    title = {World Health Organization Report 2024},
    author = {WHO},
    howpublished = {\url{https://2024-wpds.prb.org/}},
    year = 2024,
    month = {09},
    day = {16}
}
@article{alves2013recognition,
	title        = {Recognition of static and dynamic facial expressions: A study review},
	author       = {Alves, Nelson},
	year         = 2013,
	month        = {03},
	journal      = {Estudos de Psicologia (Natal)},
	volume       = 18,
	pages        = {125--130},
	doi          = {10.1590/S1413-294X2013000100020}
}
@article{gold2013efficiency,
	title        = {The efficiency of dynamic and static facial expression recognition},
	author       = {Gold, Jason M. and Barker, Jarrett D. and Barr, Shawn and Bittner, Jennifer L. and Bromfield, W. Drew and Chu, Nicole and Goode, Roy A. and Lee, Doori and Simmons, Michael and Srinath, Aparna},
	year         = 2013,
	month        = {04},
	journal      = {Journal of Vision},
	volume       = 13,
	number       = 5,
	pages        = {23--23},
	doi          = {10.1167/13.5.23},
	issn         = {1534-7362}
}
@inproceedings{little2009pervasive,
	title        = {Pervasive healthcare: the elderly perspective},
	author       = {Little, Linda and Briggs, Pam},
	year         = 2009,
	booktitle    = {Proceedings of the 2nd International Conference on PErvasive Technologies Related to Assistive Environments},
	location     = {Corfu, Greece},
	publisher    = {Association for Computing Machinery},
	address      = {New York, NY, USA},
	series       = {PETRA '09},
	doi          = {10.1145/1579114.1579185},
	isbn         = 9781605584096,
	articleno    = 71,
	numpages     = 5
}
@article{branco2016survey,
	title        = {A Survey of Predictive Modeling on Imbalanced Domains},
	author       = {Branco, Paula and Torgo, Lu\'{\i}s and Ribeiro, Rita P.},
	year         = 2016,
	month        = aug,
	journal      = {ACM Comput. Surv.},
	publisher    = {Association for Computing Machinery},
	address      = {New York, NY, USA},
	volume       = 49,
	number       = 2,
	doi          = {10.1145/2907070},
	issn         = {0360-0300},
	issue_date   = {June 2017},
	articleno    = 31,
	numpages     = 50,
}
@inproceedings{cui2019class-balanced,
	title        = {Class-Balanced Loss Based on Effective Number of Samples},
	author       = {Cui, Yin and Jia, Menglin and Lin, Tsung-Yi and Song, Yang and Belongie, Serge},
	year         = 2019,
	booktitle    = {2019 IEEE/CVF Conference on Computer Vision and Pattern Recognition (CVPR)},
	volume       = {},
	number       = {},
	pages        = {9260--9269},
	doi          = {10.1109/CVPR.2019.00949},
}
@inproceedings{mohammed2020machine,
	title        = {Machine Learning with Oversampling and Undersampling Techniques: Overview Study and Experimental Results},
	author       = {Mohammed, Roweida and Rawashdeh, Jumanah and Abdullah, Malak},
	year         = 2020,
	booktitle    = {2020 11th International Conference on Information and Communication Systems (ICICS)},
	volume       = {},
	number       = {},
	pages        = {243--248},
	doi          = {10.1109/ICICS49469.2020.239556}
}
@article{bach2017study,
	title        = {The study of under- and over-sampling methods’ utility in analysis of highly imbalanced data on osteoporosis},
	author       = {M. Bach and A. Werner and J. Zywiec and W. Pluskiewicz},
	year         = 2017,
	journal      = {Information Sciences},
	volume       = 384,
	pages        = {174--190},
	doi          = {10.1016/j.ins.2016.09.038},
	issn         = {0020-0255}
}
@article{ekmanuniversal,
	title        = {{An argument for basic emotions}},
	author       = {Ekman, Paul},
	year         = 1992,
	journal      = {Cognition and Emotion},
	publisher    = {Routledge},
	volume       = 6,
	number       = {3-4},
	pages        = {169--200},
	doi          = {10.1080/02699939208411068}
}
@article{ijimai,
	title        = {Analysis of Gender Differences in Facial Expression Recognition Based on Deep Learning Using Explainable Artificial Intelligence},
	author       = {Cristina Manresa-Yee and Silvia Ramis and José M. Buades},
	year         = 2023,
	month        = 4,
	journal      = {International Journal of Interactive Multimedia and Artificial Intelligence},
	volume       = {In Press},
	number       = {In Press},
	pages        = {1--10},
	doi          = {10.9781/ijimai.2023.04.003},
	issn         = {1989-1660},
	chapter      = 1
}
@article{mejia-escobar2023towards,
	title        = {Towards a Better Performance in Facial Expression Recognition: A Data-Centric Approach},
	author       = {Mejia-Escobar, Christian and Cazorla, Miguel and Martinez-Martin, Ester},
	year         = 2023,
	journal      = {Computational Intelligence and Neuroscience},
	volume       = 2023,
	number       = 1,
	pages        = 1394882,
	doi          = {10.1155/2023/1394882},
}
@misc{kitchenham2007guidelines,
	title        = {Guidelines for performing Systematic Literature Reviews in Software Engineering},
	author       = {Barbara Kitchenham and Stuart Charters},
	year         = 2007,
	month        = 12,
	volume       = 2
}
@inproceedings{langa2018cognitive,
	title        = {Cognitive aging, dementia, and the future of an aging population},
	author       = {Langa, Kenneth M},
	year         = 2018,
	booktitle    = {Future directions for the demography of aging: Proceedings of a workshop},
	pages        = {249--268},
	organization = {National Academies Press Washington, DC, USA}
}
@article{joan2015what,
	title        = {What has happened today? Memory visualisation of a robot companion to assist user’s memory},
	author       = {Saez-Pons, Joan and Syrdal, Dag Sverre and Dautenhahn, Kerstin},
	year         = 2015,
	month        = 12,
	journal      = {Journal of Assistive Technologies},
	volume       = 9,
	pages        = {207--218},
	doi          = {10.1108/JAT-02-2015-0004}
}
@inproceedings{wang2014towards,
	title        = {Towards intelligent caring agents for Aging-In-Place: Issues and challenges},
	author       = {Wang, Di and Subagdja, Budhitama and Kang, Yilin and Tan, Ah-Hwee and Zhang, Daqing},
	year         = 2014,
	booktitle    = {2014 IEEE Symposium on Computational Intelligence for Human-like Intelligence (CIHLI)},
	volume       = {},
	number       = {},
	pages        = {1--8},
	doi          = {10.1109/CIHLI.2014.7013393},
}
@incollection{bloom2016chapter,
	title        = {Chapter 1 - The Global Demography of Aging: Facts, Explanations, Future},
	author       = {D.E. Bloom and D.L. Luca},
	year         = 2016,
	publisher    = {North-Holland},
	booktitle       = {Handbook of the Economics of Population Aging},
	volume       = 1,
	pages        = {3--56},
	issn         = {2212-0076},
	editor       = {John Piggott and Alan Woodland},
}
@article{fei2019survey,
	title        = {A survey on computer vision techniques for detecting facial features towards the early diagnosis of mild cognitive impairment in the elderly},
	author       = {Zixiang Fei and Erfu Yang and David Day-Uei Li and Stephen Butler and Winifred Ijomah and Huiyu Zhou},
	year         = 2019,
	journal      = {Systems Science \& Control Engineering},
	publisher    = {Taylor \& Francis},
	volume       = 7,
	pages        = {252--263},
	doi          = {10.1080/21642583.2019.1647577},
	issue        = 1
}
@inproceedings{mary2016review,
	title        = {A review on how human aging influences facial expression recognition (FER)},
	author       = {Robson Mary and T. V. Jayakumar},
	year         = 2016,
	booktitle    = {Advances in Intelligent Systems and Computing},
	publisher    = {Springer Verlag},
	volume       = 424,
	pages        = {313--322},
	doi          = {10.1007/978-3-319-28031-8\_27},
	isbn         = 9783319280301,
	issn         = 21945357,
}
@article{ekman1992argument,
	title        = {An argument for basic emotions},
	author       = {Ekman, Paul},
	year         = 1992,
	journal      = {Cognition and Emotion},
	publisher    = {Routledge},
	volume       = 6,
	number       = {3-4},
	pages        = {169--200},
	doi          = {10.1080/02699939208411068}
}
@article{barrett2019emotional,
	title        = {Emotional Expressions Reconsidered: Challenges to Inferring Emotion From Human Facial Movements},
	author       = {Barrett, Lisa Feldman and Adolphs, Ralph and Marsella, Stacy and Martinez, Aleix M. and Pollak, Seth D.},
	year         = 2019,
	journal      = {Psychological Science in the Public Interest},
	volume       = 20,
	number       = 1,
	pages        = {1--68},
	doi          = {10.1177/1529100619832930},
	issn         = 21600031
}
@article{grabowski2019emotional,
	title        = {Emotional expression in psychiatric conditions: New technology for clinicians},
	author       = {Grabowski, Karol and Rynkiewicz, Agnieszka and Lassalle, Amandine and Baron-Cohen, Simon and Schuller, Bj{\"{o}}rn and Cummins, Nicholas and Baird, Alice and Podg{\'{o}}rska-Bednarz, Justyna and Pieni{\c{a}}{\.{z}}ek, Agata and {\L}ucka, Izabela},
	year         = 2019,
	journal      = {Psychiatry and Clinical Neurosciences},
	volume       = 73,
	number       = 2,
	pages        = {50--62},
	doi          = {10.1111/pcn.12799}
}
@inproceedings{omahony2020deep,
	title        = {Deep Learning vs. Traditional Computer Vision},
	author       = {O'Mahony, Niall and Campbell, Sean and Carvalho, Anderson and Harapanahalli, Suman and Hernandez, Gustavo Velasco and Krpalkova, Lenka and Riordan, Daniel and Walsh, Joseph},
	year         = 2020,
	booktitle    = {Advances in Computer Vision},
	publisher    = {Springer International Publishing},
	address      = {Cham},
	pages        = {128--144},
	doi          = {10.1007/978-3-030-17795-9\_10},
	isbn         = {978-3-030-17795-9},
	editor       = {Arai, Kohei and Kapoor, Supriya}
}
@article{barredoarrieta2020explainable,
	title        = {Explainable Artificial Intelligence (XAI): Concepts, taxonomies, opportunities and challenges toward responsible AI},
	author       = {Alejandro {Barredo Arrieta} and Natalia Díaz-Rodríguez and Javier {Del Ser} and Adrien Bennetot and Siham Tabik and Alberto Barbado and Salvador Garcia and Sergio Gil-Lopez and Daniel Molina and Richard Benjamins and Raja Chatila and Francisco Herrera},
	year         = 2020,
	journal      = {Information Fusion},
	volume       = 58,
	pages        = {82--115},
	issn         = {1566-2535}
}
@article{adadi2018peeking,
	title        = {Peeking Inside the Black-Box: A Survey on Explainable Artificial Intelligence (XAI)},
	author       = {Adadi, Amina and Berrada, Mohammed},
	year         = 2018,
	journal      = {IEEE Access},
	volume       = 6,
	number       = {},
	pages        = {52138--52160},
	doi          = {10.1109/ACCESS.2018.2870052}
}
@article{gunning2019xai—explainable,
	title        = {XAI—Explainable artificial intelligence},
	author       = {David Gunning  and Mark Stefik  and Jaesik Choi  and Timothy Miller  and Simone Stumpf  and Guang-Zhong Yang},
	year         = 2019,
	journal      = {Science Robotics},
	volume       = 4,
	number       = 37,
	pages        = {eaay7120},
	doi          = {10.1126/scirobotics.aay7120}
}
@article{burkart2021survey,
	title        = {A survey on the explainability of supervised machine learning},
	author       = {Burkart, Nadia and Huber, Marco F},
	year         = 2021,
	journal      = {Journal of Artificial Intelligence Research},
	volume       = 70,
	pages        = {245--317},
	doi          = {10.1613/jair.1.12228}
}
@article{ekman1978facial,
	title        = {Facial action coding system: a technique for the measurement of facial movement},
	author       = {Ekman, Paul and Friesen, Wallace V.},
	year         = 1978,
	journal      = {Palo Alto},
	volume       = 3,
	number       = 2,
	pages        = 5
}

% REVIEWS
@article{ghayoumi2017quick,
	title        = {A Quick Review of Deep Learning in Facial Expression},
	author       = {Mehdi Ghayoumi},
	year         = 2017,
	month        = 10,
	journal      = {Journal of Communication and Computer},
	volume       = 14,
	doi          = {10.17265/1548-7709/2017.01.004}
}
@article{chulko2018brief,
	title        = {A Brief Review of Facial Emotion Recognition Based on Visual Information},
	author       = {Byoung Chul Ko},
	year         = 2018,
	journal      = {Sensors},
	volume       = 18,
	doi          = {10.3390/s18020401},
	issn         = {1424-8220},
	issue        = 2
}
@article{rashmiadyapady2023comprehensive,
	title        = {A comprehensive review of facial expression recognition techniques},
	author       = {R Rashmi Adyapady and B Annappa},
	year         = 2023,
	month        = 2,
	journal      = {Multimedia Systems},
	volume       = 29,
	pages        = {73--103},
	doi          = {10.1007/s00530-022-00984-w},
	issn         = {1432-1882},
	issue        = 1
}
@inproceedings{pranathi2021review,
	title        = {A Review on Various Facial Expression Recognition Techniques},
	author       = {P Pranathi and C Lakshmi and M Suneetha},
	year         = 2021,
	booktitle    = {2021 Fifth International Conference on I-SMAC (IoT in Social, Mobile, Analytics and Cloud) (I-SMAC)},
	pages        = {1246--1254},
	doi          = {10.1109/I-SMAC52330.2021.9640733}
}
@article{modi2022state-of-the-art,
	title        = {A State-of-the-Art Survey on Face Recognition Methods},
	author       = {Prashant Modi and Sanjay Patel},
	year         = 2022,
	journal      = {International Journal of Computer Vision and Image Processing (IJCVIP)},
	publisher    = {IGI Global},
	volume       = 12,
	pages        = {1--19},
	doi          = {10.4018/IJCVIP.2022010101},
	issn         = {2155-6997},
	city         = {Hershey, PA, USA},
	issue        = 1
}
@article{dalvi2021survey,
	title        = {A Survey of AI-Based Facial Emotion Recognition: Features, ML \& DL Techniques, Age-Wise Datasets and Future Directions},
	author       = {Chirag Dalvi and Manish Rathod and Shruti Patil and Shilpa Gite and Ketan Kotecha},
	year         = 2021,
	journal      = {IEEE Access},
	volume       = 9,
	pages        = {165806--165840},
	doi          = {10.1109/ACCESS.2021.3131733}
}
@article{liang2023survey,
	title        = {A Survey of Deep Learning-based Facial Expression Recognition Research},
	author       = {Chengxu Liang and Jianshe Dong},
	year         = 2023,
	month        = 9,
	journal      = {Frontiers in Computing and Intelligent Systems},
	volume       = 5,
	pages        = {56--60},
	doi          = {10.54097/fcis.v5i2.12445},
	issue        = 2
}
@inproceedings{labzour2023survey,
	title        = {A Survey on Facial Emotion Recognition for the Elderly},
	author       = {Nouhaila Labzour and Sanaa El Fkihi and Soukayna Benaissa and Yahya Zennayi and Omar Bourja},
	year         = 2023,
	booktitle    = {Digital Technologies and Applications},
	publisher    = {Springer Nature Switzerland},
	pages        = {561--575},
	isbn         = {978-3-031-29857-8},
	city         = {Cham},
	editor       = {Saad Motahhir and Badre Bossoufi}
}
@article{zagocanal2022survey,
	title        = {A survey on facial emotion recognition techniques: A state-of-the-art literature review},
	author       = {Felipe Zago Canal and Tobias Rossi Müller and Jhennifer Cristine Matias and Gustavo Gino Scotton and Antonio Reis de Sa Junior and Eliane Pozzebon and Antonio Carlos Sobieranski},
	year         = 2022,
	journal      = {Information Sciences},
	volume       = 582,
	pages        = {593--617},
	doi          = {10.1016/j.ins.2021.10.005},
	issn         = {0020-0255}
}
@inproceedings{milborrow2014active,
	title        = {Active shape models with SIFT descriptors and MARS},
	author       = {Milborrow, Stephen and Nicolls, Fred},
	year         = 2014,
	booktitle    = {2014 International Conference on Computer Vision Theory and Applications (VISAPP)},
	volume       = 2,
	number       = {},
	pages        = {380--387},
	doi          = {},
}
@article{revina2021survey,
	title        = {A Survey on Human Face Expression Recognition Techniques},
	author       = {I.Michael Revina and W R Sam Emmanuel},
	year         = 2021,
	journal      = {Journal of King Saud University - Computer and Information Sciences},
	volume       = 33,
	pages        = {619--628},
	doi          = {10.1016/j.jksuci.2018.09.002},
	issn         = {1319-1578},
	issue        = 6
}
@inproceedings{moolchandani2021survey,
	title        = {A survey on: Facial Emotion Recognition and Classification},
	author       = {Manoj Moolchandani and Shivangi Dwivedi and Samarth Nigam and Kapil Gupta},
	year         = 2021,
	booktitle    = {2021 5th International Conference on Computing Methodologies and Communication (ICCMC)},
	pages        = {1677--1686},
	doi          = {10.1109/ICCMC51019.2021.9418349}
}
@inproceedings{bhattacharya2019survey,
	title        = {A Survey on: Facial Emotion Recognition Invariant to Pose, Illumination and Age},
	author       = {Saswati Bhattacharya and Mousumi Gupta},
	year         = 2019,
	booktitle    = {2019 Second International Conference on Advanced Computational and Communication Paradigms (ICACCP)},
	pages        = {1--6},
	doi          = {10.1109/ICACCP.2019.8883015}
}
@inproceedings{ullah2021systematic,
	title        = {A Systematic Literature Review of Recognition of Compound Facial Expression of Emotions},
	author       = {Sana Ullah and Wenhong Tian},
	year         = 2021,
	booktitle    = {Proceedings of the 2020 4th International Conference on Video and Image Processing},
	publisher    = {Association for Computing Machinery},
	pages        = {116--121},
	doi          = {10.1145/3447450.3447469},
	isbn         = 9781450389075,
	city         = {New York, NY, USA}
}
@article{vinicioslopespinto2023systematic,
	title        = {A Systematic Review of Facial Expression Detection Methods},
	author       = {Lyanh Vinicios Lopes Pinto and Andre Vinicius Neves Alves and Alana Miranda Medeiros and Saulo William da Silva Costa and Yomara Pinheiro Pires and Fernando Augusto Ribeiro Costa and Marcos Cesar da Rocha Seruffo},
	year         = 2023,
	journal      = {IEEE Access},
	volume       = 11,
	pages        = {61881--61891},
	doi          = {10.1109/ACCESS.2023.3287090}
}
@article{muazu2021systematic,
	title        = {A Systematic Review of Methods of Emotion Recognition by Facial Expressions},
	author       = {Abdulwakil Muazu and Eric Manzi and Jibril Aminu},
	year         = 2021,
	month        = 10,
	journal      = {International Journal of Advanced Research},
	volume       = 9,
	pages        = {1141--1152},
	doi          = {10.21474/IJAR01/12951}
}
@inproceedings{azlinaabaziz2022systematic,
	title        = {A Systematic Review on Facial Expression Based Emotion Recognition System for Smart Homes},
	author       = {Nor Azlina Ab. Aziz and Tawsif Khan and Kamarulzaman Ab. Aziz and Muhammad Anas Hasnul and Sharifah Noor Masidayu Sayed Ismail},
	year         = 2022,
	booktitle    = {Proceedings of the Multimedia University Engineering Conference (MECON 2022)},
	publisher    = {Atlantis Press},
	pages        = {28--37},
	doi          = {10.2991/978-94-6463-082-4\_5},
	isbn         = {978-94-6463-082-4},
	issn         = {2352-5401}
}
@misc{maithri2022automated,
	title        = {Automated emotion recognition: Current trends and future perspectives},
	author       = {M. Maithri and U. Raghavendra and Anjan Gudigar and Jyothi Samanth and Prabal Datta Barua and Murugappan Murugappan and Yashas Chakole and U. Rajendra Acharya},
	year         = 2022,
	month        = 3,
	journal      = {Computer Methods and Programs in Biomedicine},
	publisher    = {Elsevier Ireland Ltd},
	volume       = 215,
	doi          = {10.1016/j.cmpb.2022.106646},
	issn         = 18727565,
	pmid         = 35093645
}
@article{sari2020automated,
	title        = {Automated Facial Expression Recognition Using Deep Learning Techniques: An Overview},
	author       = {Meriem Sari and Abdelouahab Moussaouı and Abdenour Hadid},
	year         = 2020,
	journal      = {International Journal of Informatics and Applied Mathematics},
	publisher    = {International Society of Academicians},
	volume       = 3,
	pages        = {39--53},
	issue        = 1
}
@article{martinez2019automatic,
	title        = {Automatic Analysis of Facial Actions: A Survey},
	author       = {Brais Martinez and Michel F Valstar and Bihan Jiang and Maja Pantic},
	year         = 2019,
	journal      = {IEEE Transactions on Affective Computing},
	volume       = 10,
	pages        = {325--347},
	doi          = {10.1109/TAFFC.2017.2731763},
	issue        = 3
}
@article{li2022deep,
	title        = {Deep Facial Expression Recognition: A Survey},
	author       = {Shan Li and Weihong Deng},
	year         = 2022,
	journal      = {IEEE Transactions on Affective Computing},
	volume       = 13,
	pages        = {1195--1215},
	doi          = {10.1109/TAFFC.2020.2981446},
	issue        = 3
}
@inproceedings{kumari2024emotion,
	title        = {Emotion Recognition from Facial Expression Using Deep Learning Model : A Review},
	author       = {Shalu Kumari and Nitika Kapoor and Ravinder Saini},
	year         = 2024,
	booktitle    = {2024 5th International Conference for Emerging Technology (INCET)},
	pages        = {1--6},
	doi          = {10.1109/INCET61516.2024.10592970}
}
@article{boughanem2023facial,
	title        = {Facial Emotion Recognition in-the-Wild Using Deep Neural Networks: A Comprehensive Review},
	author       = {Hadjer Boughanem and Haythem Ghazouani and Walid Barhoumi},
	year         = 2023,
	month        = 12,
	journal      = {SN Computer Science},
	volume       = 5,
	pages        = 96,
	doi          = {10.1007/s42979-023-02423-7},
	issn         = {2661-8907},
	issue        = 1
}
@article{rehmankhan2022facial,
	title        = {Facial Emotion Recognition Using Conventional Machine Learning and Deep Learning Methods: Current Achievements, Analysis and Remaining Challenges},
	author       = {Amjad Rehman Khan},
	year         = 2022,
	journal      = {Information},
	volume       = 13,
	doi          = {10.3390/info13060268},
	issn         = {2078-2489},
	issue        = 6
}
@article{kaur2024facial,
	title        = {Facial emotion recognition: A comprehensive review},
	author       = {Manmeet Kaur and Munish Kumar},
	year         = 2024,
	journal      = {Expert Systems},
	volume       = 41,
	pages        = {e13670},
	doi          = {10.1111/exsy.13670},
	issue        = 10
}
@article{chitleong2023facial,
	title        = {Facial expression and body gesture emotion recognition: A systematic review on the use of visual data in affective computing},
	author       = {Sze Chit Leong and Yuk Ming Tang and Chung Hin Lai and C K M Lee},
	year         = 2023,
	journal      = {Computer Science Review},
	volume       = 48,
	pages        = 100545,
	doi          = {10.1016/j.cosrev.2023.100545},
	issn         = {1574-0137}
}
@article{msaleemabdullah2021facial,
	title        = {Facial Expression Recognition Based on Deep Learning Convolution Neural Network: A Review},
	author       = {Sharmeen M. Saleem Abdullah and Adnan Mohsin Abdulazeez},
	year         = 2021,
	month        = 4,
	journal      = {Journal of Soft Computing and Data Mining},
	volume       = 2,
	pages        = {53--65},
	issue        = 1
}
@article{canedo2019facial,
	title        = {Facial Expression Recognition Using Computer Vision: A Systematic Review},
	author       = {Daniel Canedo and António J R Neves},
	year         = 2019,
	journal      = {Applied Sciences},
	volume       = 9,
	doi          = {10.3390/app9214678},
	issn         = {2076-3417},
	issue        = 21
}
@article{achinchanikar2019facial,
	title        = {Facial Expression Recognition Using Deep Learning: a Review},
	author       = {Neha A Chinchanikar},
	year         = 2019,
	month        = 6,
	journal      = {International Research Journal of Engineering and Technology},
	volume       = 3274,
	issn         = {2395-0072}
}
@article{mohana2024facial,
	title        = {Facial Expression Recognition Using Machine Learning and Deep Learning Techniques: A Systematic Review},
	author       = {M Mohana and P Subashini},
	year         = 2024,
	month        = 4,
	journal      = {SN Computer Science},
	volume       = 5,
	pages        = 432,
	doi          = {10.1007/s42979-024-02792-7},
	issn         = {2661-8907},
	issue        = 4
}
@article{almasoudi2023facial,
	title        = {Facial Expressions Decoded: A Survey of Facial Emotion Recognition},
	author       = {Ahad Almasoudi and Souad Baowidan and Shahenda Sarhan},
	year         = 2023,
	month        = 10,
	journal      = {International Journal of Computer Applications},
	volume       = 185,
	pages        = {1--11},
	doi          = {10.5120/ijca2023922765}
}
@article{patel2020facial,
	title        = {Facial Sentiment Analysis Using AI Techniques: State-of-the-Art, Taxonomies, and Challenges},
	author       = {Keyur Patel and Dev Mehta and Chinmay Mistry and Rajesh Gupta and Sudeep Tanwar and Neeraj Kumar and Mamoun Alazab},
	year         = 2020,
	journal      = {IEEE Access},
	volume       = 8,
	pages        = {90495--90519},
	doi          = {10.1109/ACCESS.2020.2993803}
}
@article{moehtay2021feature,
	title        = {Feature extraction and classification methods of facial expression: A survey},
	author       = {Moe Moe Htay},
	year         = 2021,
	journal      = {Computer Science and Information Technologies},
	volume       = 2,
	pages        = {26--32},
	doi          = {10.11591/csit.v2i1.p26-32},
	issn         = {2722-3221},
	issue        = 1
}
@inproceedings{rajeswari2018literature,
	title        = {Literature Survey on Facial Expression Recognition Techniques},
	author       = {G Rajeswari and P IthayaRani},
	year         = 2018,
	booktitle    = {2018 3rd International Conference on Communication and Electronics Systems (ICCES)},
	pages        = {137--142},
	doi          = {10.1109/CESYS.2018.8723953}
}
@article{guerdelli2022macro,
	title        = {Macro- and Micro-Expressions Facial Datasets: A Survey},
	author       = {Hajer Guerdelli and Claudio Ferrari and Walid Barhoumi and Haythem Ghazouani and Stefano Berretti},
	year         = 2022,
	journal      = {Sensors},
	volume       = 22,
	doi          = {10.3390/s22041524},
	issn         = {1424-8220},
	issue        = 4
}
@inproceedings{asad2017recent,
	title        = {Recent advancements in facial expression recognition systems: A survey},
	author       = {Uzair Asad and Nirbhay Kashyap and Shailendra Narayan Singh},
	year         = 2017,
	booktitle    = {2017 International Conference on Computing, Communication and Automation (ICCCA)},
	pages        = {1203--1208},
	doi          = {10.1109/CCAA.2017.8229981}
}
@inproceedings{raijain2021recent,
	title        = {Recent Trends in Artificial Intelligence for Emotion Detection using Facial Image Analysis},
	author       = {Priti Rai Jain and S M. K. Quadri and Muskan Lalit},
	year         = 2021,
	booktitle    = {Proceedings of the 2021 Thirteenth International Conference on Contemporary Computing},
	publisher    = {Association for Computing Machinery},
	pages        = {18--36},
	doi          = {10.1145/3474124.3474205},
	isbn         = 9781450389204,
	city         = {New York, NY, USA}
}
@inproceedings{yantililiana2018review,
	title        = {Review of Automatic Emotion Recognition Through Facial Expression Analysis},
	author       = {Dewi Yanti Liliana and T Basaruddin},
	year         = 2018,
	booktitle    = {2018 International Conference on Electrical Engineering and Computer Science (ICECOS)},
	pages        = {231--236},
	doi          = {10.1109/ICECOS.2018.8605222}
}
@inproceedings{svyas2019survey,
	title        = {Survey on Face Expression Recognition using CNN},
	author       = {Ankit S Vyas and Harshadkumar B Prajapati and Vipul K Dabhi},
	year         = 2019,
	booktitle    = {2019 5th International Conference on Advanced Computing \& Communication Systems (ICACCS)},
	pages        = {102--106},
	doi          = {10.1109/ICACCS.2019.8728330}
}
@article{ribeiroalexandre2020systematic,
	title        = {Systematic review of 3D facial expression recognition methods},
	author       = {Gilderlane Ribeiro Alexandre and José Marques Soares and George André Pereira Thé},
	year         = 2020,
	journal      = {Pattern Recognition},
	volume       = 100,
	pages        = 107108,
	doi          = {10.1016/j.patcog.2019.107108},
	issn         = {0031-3203}
}

% Aging effect
@article{isaacowitz2011bringing,
	title        = {Bringing an Ecological Perspective to the Study of Aging and Recognition of Emotional Facial Expressions: Past, Current, and Future Methods},
	author       = {Isaacowitz, Derek M. and Stanley, Jennifer Tehan},
	year         = 2011,
	month        = {Dec},
	day          = {01},
	journal      = {Journal of Nonverbal Behavior},
	volume       = 35,
	number       = 4,
	pages        = {261--278},
	doi          = {10.1007/s10919-011-0113-6},
	issn         = {1573-3653},
}
@article{ruffman2008meta,
	title        = {A meta-analytic review of emotion recognition and aging: Implications for neuropsychological models of aging},
	author       = {Ted Ruffman and Julie D. Henry and Vicki Livingstone and Louise H. Phillips},
	year         = 2008,
	journal      = {Neuroscience \& Biobehavioral Reviews},
	volume       = 32,
	number       = 4,
	pages        = {863--881},
	doi          = {10.1016/j.neubiorev.2008.01.001},
	issn         = {0149-7634},
}
@article{battinisonmez2019computational,
	title        = {A computational study on aging effect for facial expression recognition},
	author       = {Elena Battini Sönmez},
	year         = 2019,
	journal      = {Turkish Journal of Electrical Engineering and Computer Sciences},
	publisher    = {Turkiye Klinikleri},
	volume       = 27,
	pages        = {2430--2443},
	doi          = {10.3906/elk-1811-70},
	issn         = 13036203,
	issue        = 4,
}
@article{raghebatallah2019review,
	title        = {A review study: The effect of face aging at Estimating Age and Face Recognition},
	author       = {Rasha Ragheb Atallah and Amirrudin Kamsin and Maizatul Akmar Ismail},
	year         = 2019,
	month        = 12,
	journal      = {Journal of Physics: Conference Series},
	publisher    = {IOP Publishing},
	volume       = 1339,
	pages        = 12006,
	doi          = {10.1088/1742-6596/1339/1/012006},
	issue        = 1
}
@article{ko2021changes,
	title        = {Changes in Computer-Analyzed Facial Expressions with Age},
	author       = {Ko, Hyunwoong and Kim, Kisun and Bae, Minju and Seo, Myo-Geong and Nam, Gieun and Park, Seho and Park, Soowon and Ihm, Jungjoon and Lee, Jun-Young},
	year         = 2021,
	journal      = {Sensors},
	volume       = 21,
	number       = 14,
	doi          = {10.3390/s21144858},
	issn         = {1424-8220}
}
@article{fölster2014facial,
	title        = {Facial age affects emotional expression decoding},
	author       = {Mara Fölster and Ursula Hess and Katja Werheid},
	year         = 2014,
	journal      = {Frontiers in Psychology},
	volume       = 5,
	doi          = {10.3389/fpsyg.2014.00030},
	issn         = {1664-1078}
}
@article{park2022facial,
	title        = {Facial Emotion Recognition Analysis Based on Age-Biased Data},
	author       = {Hyungjoo Park and Youngha Shin and Kyu Song and Channyeong Yun and Dongyoung Jang},
	year         = 2022,
	journal      = {Applied Sciences},
	volume       = 12,
	doi          = {10.3390/app12167992},
	issn         = {2076-3417},
	issue        = 16
}
@article{ngrondhuis2021having,
	title        = {Having Difficulties Reading the Facial Expression of Older Individuals? Blame It on the Facial Muscles, Not the Wrinkles},
	author       = {Sabrina N Grondhuis and Angela Jimmy and Carolina Teague and Nicolas M Brunet},
	year         = 2021,
	journal      = {Frontiers in Psychology},
	volume       = 12,
	doi          = {10.3389/fpsyg.2021.620768},
	issn         = {1664-1078},
}
@inproceedings{al-garaawi2016study,
	title        = {Study on aging effect on facial expression recognition},
	author       = {Nora Al-Garaawi and Tim Morris},
	year         = 2016,
	month        = 10
}
@article{ebner2010faces,
	title        = {FACES-a database of facial expressions in young, middle-aged, and older women and men: Development and validation},
	author       = {Natalie C. Ebner and Michaela Riediger and Ulman Lindenberger},
	year         = 2010,
	month        = 2,
	journal      = {Behavior Research Methods},
	volume       = 42,
	pages        = {351--362},
	doi          = {10.3758/BRM.42.1.351},
	issn         = {1554351X},
	issue        = 1,
	pmid         = 20160315
}
@article{guo2013facial,
	title        = {Facial Expression Recognition Influenced by Human Aging},
	author       = {Guodong Guo and Rui Guo and Xin Li},
	year         = 2013,
	journal      = {IEEE Transactions on Affective Computing},
	volume       = 4,
	pages        = {291--298},
	doi          = {10.1109/T-AFFC.2013.13},
	issue        = 3
}
@article{wang2015facial,
	title        = {Facial expression recognition through modeling age-related spatial patterns},
	author       = {Shangfei Wang and Shan Wu and Zhen Gao and Qiang Ji},
	year         = 2015,
	month        = 11,
	journal      = {Multimedia Tools and Applications},
	publisher    = {Springer New York LLC},
	volume       = 75,
	pages        = {3937--3954},
	doi          = {10.1007/s11042-015-3107-2},
	issn         = 15737721,
	issue        = 7,
}
@inproceedings{al_garaawi2016study,
	title        = {Study on aging effect on facial expression recognition},
	author       = {Nora Al-Garaawi and Tim Morris},
        booktitle    = {Proceedings of the World Congress on Engineering},
        volume       = {1},
	year         = 2016,
	month        = 10
}
@inproceedings{lopes2018facial,
	title        = {Facial emotion recognition in the elderly using a SVM classifier},
	author       = {Nuno Lopes and André Silva and Salik Ram Khanal and Arsênio Reis and João Barroso and Vitor Filipe and Jaime Sampaio},
	year         = 2018,
	booktitle    = {2018 2nd International Conference on Technology and Innovation in Sports, Health and Wellbeing (TISHW)},
	pages        = {1--5},
	doi          = {10.1109/TISHW.2018.8559494}
}
@inproceedings{caroppo2017facial,
	title        = {Facial Expression Recognition in Older Adults using Deep Machine Learning},
	author       = {Andrea Caroppo and Alessandro Leone and Pietro Siciliano},
	year         = 2017,
	booktitle    = {AI*AAL@AI*IA},
	url          = {https://api.semanticscholar.org/CorpusID:3526345}
}
@inproceedings{caroppo2019facial,
	title        = {Facial Expression Recognition in Ageing Adults: A Comparative Study},
	author       = {Andrea Caroppo and Alessandro Leone and Pietro Siciliano},
	year         = 2019,
	booktitle    = {Ambient Assisted Living},
	publisher    = {Springer International Publishing},
	pages        = {349--359},
	isbn         = {978-3-030-05921-7},
	city         = {Cham},
	editor       = {Alessandro Leone and Andrea Caroppo and Gabriele Rescio and Giovanni Diraco and Pietro Siciliano}
}
@article{al_garaawi2022fully,
	title        = {Fully automated age-weighted expression classification using real and apparent age},
	author       = {Nora Al-Garaawi and Tim Morris and Timothy F. Cootes},
	year         = 2022,
	month        = 5,
	journal      = {Pattern Analysis and Applications},
	publisher    = {Springer Science and Business Media Deutschland GmbH},
	volume       = 25,
	pages        = {451--466},
	doi          = {10.1007/s10044-021-01044-1},
	issn         = {1433755X},
	issue        = 2,
}
@misc{lyons2020coding,
	title        = {Coding Facial Expressions with Gabor Wavelets (IVC Special Issue)},
	author       = {Lyons, Michael J and Kamachi, Miyuki and Gyoba, Jiro},
	year         = 2020,
	publisher    = {Zenodo},
	doi          = {10.5281/ZENODO.4029679},
}
@misc{dhall2007collecting,
	title        = {Collecting Large, Richly Annotated Facial-Expression Databases from Movies},
	author       = {Abhinav Dhall and Student Member and Roland Goecke and Simon Lucey and Tom Gedeon},
	year         = 2007,
	volume       = 6,
	issue        = 1
}
@article{khan2019novel,
	title        = {A novel database of children's spontaneous facial expressions (LIRIS-CSE)},
	author       = {Rizwan Ahmed Khan and Arthur Crenn and Alexandre Meyer and Saida Bouakaz},
	year         = 2019,
	month        = 3,
	journal      = {Image and Vision Computing},
	publisher    = {Elsevier Ltd},
	volume       = {83-84},
	pages        = {61--69},
	doi          = {10.1016/j.imavis.2019.02.004},
	issn         = {02628856},
}
@article{lobue2014child,
	title        = {The Child Affective Facial Expression (CAFE) set: Validity and reliability from untrained adults},
	author       = {Vanessa LoBue and Cat Thrasher},
	year         = 2014,
	journal      = {Frontiers in Psychology},
	publisher    = {Frontiers Media S.A.},
	volume       = 5,
	doi          = {10.3389/fpsyg.2014.01532},
	issn         = 16641078,
	issue        = {OCT},
}
@article{meuwissen2017creation,
	title        = {The creation and validation of the Developmental Emotional Faces Stimulus Set},
	author       = {Alyssa S. Meuwissen and Jacob E. Anderson and Philip David Zelazo},
	year         = 2017,
	month        = 6,
	journal      = {Behavior Research Methods},
	publisher    = {Springer New York LLC},
	volume       = 49,
	pages        = {960--966},
	doi          = {10.3758/s13428-016-0756-7},
	issn         = 15543528,
	issue        = 3,
	pmid         = 27325165
}

% List of relevant studies
@inproceedings{yan2020deep,
	title        = {A Deep Neural Network based Multimodal Video Recognition System for Caring},
	author       = {Chao Yan and Jiahua Xu and Bastian Klopfer and Andreas Nürnberger},
	year         = 2020,
	month        = 9,
	booktitle    = {2020 IEEE International Conference on Human-Machine Systems (ICHMS)},
	pages        = {1--5},
	doi          = {10.1109/ICHMS49158.2020.9209395}
}
@article{ziauddin2017facial1,
	title        = {A facial expression recognition system using robust face features from depth videos and deep learning},
	author       = {Md. Zia Uddin and Mohammed Mehedi Hassan and Ahmad Almogren and Mansour Zuair and Giancarlo Fortino and Jim Torresen},
	year         = 2017,
	month        = 10,
	journal      = {Computers \& Electrical Engineering},
	publisher    = {PERGAMON-ELSEVIER SCIENCE LTD},
	volume       = 63,
	pages        = {114--125},
	doi          = {10.1016/j.compeleceng.2017.04.019},
	issn         = {0045-7906},
	city         = {THE BOULEVARD, LANGFORD LANE, KIDLINGTON, OXFORD OX5 1GB, ENGLAND}
}
@article{fei2022novel,
	title        = {A Novel deep neural network-based emotion analysis system for automatic detection of mild cognitive impairment in the elderly},
	author       = {Zixiang Fei and Erfu Yang and Leijian Yu and Xia Li and Huiyu Zhou and Wenju Zhou},
	year         = 2022,
	journal      = {Neurocomputing},
	volume       = 468,
	pages        = {306 – 316},
	doi          = {10.1016/j.neucom.2021.10.038}
}
@inproceedings{kim2021age,
	title        = {Age Bias in Emotion Detection: An Analysis of Facial Emotion Recognition Performance on Young, Middle-Aged, and Older Adults},
	author       = {Eugenia Kim and De'Aira Bryant and Deepak Srikanth and Ayanna Howard},
	year         = 2021,
	booktitle    = {Proceedings of the 2021 AAAI/ACM Conference on AI, Ethics, and Society},
	publisher    = {Association for Computing Machinery},
	pages        = {638--644},
	doi          = {10.1145/3461702.3462609},
	isbn         = 9781450384735,
	city         = {New York, NY, USA}
}
@inproceedings{gaya-morey2024ai-powered,
	title        = {An AI-Powered Computer Vision Module for Social Interactive Agents},
	author       = {Gaya-Morey, F. Xavier and Manresa-Yee, Cristina and Buades-Rubio, Jose M.},
	year         = 2024,
	booktitle    = {Proceedings of the XXIV International Conference on Human Computer Interaction},
	publisher    = {Association for Computing Machinery},
	doi          = {10.1145/3657242.3658601},
	isbn         = 9798400717871,
	city         = {New York, NY, USA}
}
@inproceedings{jayanthi2024enhanced,
	title        = {An Enhanced Method for Recognition of Facial Expressions using Convolutional Neural Network},
	author       = {P Jayanthi and K Nirmaladevi and K C Kavin Bharathi and S K Krithiknimalan and S Vimalkumar},
	year         = 2024,
	booktitle    = {Proceedings - 2024 5th International Conference on Intelligent Communication Technologies and Virtual Mobile Networks, ICICV 2024},
	pages        = {173 – 175},
	doi          = {10.1109/ICICV62344.2024.00033}
}
@inproceedings{sharma2020audio-visual,
	title        = {Audio-Visual Weakly Supervised Approach for Apathy Detection in the Elderly},
	author       = {Garima Sharma and Jyoti Joshi and Radia Zeghari and Rachid Guerchouche},
	year         = 2020,
	month        = 7,
	booktitle    = {2020 International Joint Conference on Neural Networks (IJCNN)},
	pages        = {1--7},
	doi          = {10.1109/IJCNN48605.2020.9206829},
	issn         = {2161-4407}
}
@article{huang2024auto,
	title        = {Auto Diagnosis of Parkinson's Disease Via a Deep Learning Model Based on Mixed Emotional Facial Expressions},
	author       = {Wei Huang and Wenqiang Xu and Renjie Wan and Peng Zhang and Yufei Zha and Meng Pang},
	year         = 2024,
	month        = 5,
	journal      = {IEEE Journal of Biomedical and Health Informatics},
	publisher    = {IEEE-INST ELECTRICAL ELECTRONICS ENGINEERS INC},
	volume       = 28,
	pages        = {2547--2557},
	doi          = {10.1109/JBHI.2023.3239780},
	issn         = {2168-2194},
	city         = {445 HOES LANE, PISCATAWAY, NJ 08855-4141 USA},
	issue        = 5
}
@article{jiang2022automated,
	title        = {Automated analysis of facial emotions in subjects with cognitive impairment},
	author       = {Zifan Jiang and Salman Seyedi and Rafi U Haque and Alvince L Pongos and Kayci L Vickers and Cecelia M Manzanares and James J Lah and Allan I Levey and Gari D Clifford},
	year         = 2022,
	journal      = {PLoS ONE},
	volume       = 17,
	doi          = {10.1371/journal.pone.0262527},
	issue        = {1 January}
}
@article{caroppo2020comparison,
	title        = {Comparison Between Deep Learning Models and Traditional Machine Learning Approaches for Facial Expression Recognition in Ageing Adults},
	author       = {Andrea Caroppo and Alessandro Leone and Pietro Siciliano},
	year         = 2020,
	journal      = {Journal of Computer Science and Technology},
	volume       = 35,
	pages        = {1127 – 1146},
	doi          = {10.1007/s11390-020-9665-4},
	issue        = 5
}
@article{zhu2024defining,
	title        = {Defining Standard Values for FaceReader Facial Expression Software Output},
	author       = {Agnes Zhu and Thanapoom Boonipat and Sai Cherukuri and Uldis Bite},
	year         = 2024,
	month        = 3,
	journal      = {Aesthetic Plastic Surgery},
	publisher    = {SPRINGER},
	volume       = 48,
	pages        = {785--792},
	doi          = {10.1007/s00266-023-03468-y},
	issn         = {0364-216X},
	city         = {ONE NEW YORK PLAZA, SUITE 4600, NEW YORK, NY, UNITED STATES},
	issue        = 5
}
@inproceedings{carretopicón2022do,
	title        = {Do Machines Better Understand Synthetic Facial Expressions than People?},
	author       = {Ginés Carreto Picón and Maria Francesca Roig-Maimó and Miquel Mascaró Oliver and Esperança Amengual Alcover and Ramon Mas-Sansó},
	year         = 2022,
	booktitle    = {Proceedings of the XXII International Conference on Human Computer Interaction},
	publisher    = {Association for Computing Machinery},
	doi          = {10.1145/3549865.3549908},
	isbn         = 9781450397025,
	city         = {New York, NY, USA}
}
@article{bi2022dynamic,
	title        = {Dynamic Transfer Exemplar based Facial Emotion Recognition Model Toward Online Video},
	author       = {An-Qi Bi and Xiao-Yang Tian and Shui-Hua Wang and Yu-Dong Zhang},
	year         = 2022,
	month        = 10,
	journal      = {ACM Trans. Multimedia Comput. Commun. Appl.},
	publisher    = {Association for Computing Machinery},
	volume       = 18,
	doi          = {10.1145/3538385},
	issn         = {1551-6857},
	city         = {New York, NY, USA},
	issue        = {2s}
}
@article{sreevidya2022elder,
	title        = {Elder emotion classification through multimodal fusion of intermediate layers and cross-modal transfer learning},
	author       = {P Sreevidya and S Veni and O V Ramana Murthy},
	year         = 2022,
	month        = 1,
	journal      = {Signal Image Video Process.},
	publisher    = {Springer Science and Business Media LLC},
	volume       = 16,
	pages        = {1281--1288},
	issue        = 5
}
@inproceedings{khajontantichaikun2022emotion,
	title        = {Emotion Detection of Thai Elderly Facial Expressions using Hybrid Object Detection},
	author       = {Thanapong Khajontantichaikun and Saichon Jaiyen and Siam Yamsaengsung and Pornchai Mongkolnam and Unhawa Ninrutsirikun},
	year         = 2022,
	month        = 12,
	booktitle    = {2022 26th International Computer Science and Engineering Conference (ICSEC)},
	pages        = {219--223},
	doi          = {10.1109/ICSEC56337.2022.10049334}
}
@article{chen2023emotion-reading,
	title        = {Emotion-reading Nursing Care Environment Based on Facial Expression Recognition},
	author       = {Shang-Yuan Chen and Chi-Chuan Chen},
	year         = 2023,
	journal      = {SENSORS AND MATERIALS},
	publisher    = {MYU, SCIENTIFIC PUBLISHING DIVISION},
	volume       = 35,
	pages        = {1859--1869},
	doi          = {10.18494/SAM4314},
	issn         = {0914-4935},
	city         = {1-23-3-303 SENDAGI, TOKYO, 113-0022, JAPAN},
	issue        = 6
}
@inproceedings{wu2015enhanced,
	title        = {Enhanced facial expression recognition by age},
	author       = {Shan Wu and Shangfei Wang and Jun Wang},
	year         = 2015,
	month        = 5,
	booktitle    = {2015 11th IEEE International Conference and Workshops on Automatic Face and Gesture Recognition (FG)},
	volume       = 1,
	pages        = {1--6},
	doi          = {10.1109/FG.2015.7163117}
}
@inproceedings{nadjadecarolis2024exploring,
	title        = {Exploring the Role of Empathy in Designing Social Robots for Elderly People},
	author       = {Berardina Nadja De Carolis and Giuseppe Palestra and Giovanna Castellano},
	year         = 2024,
	booktitle    = {Adjunct Proceedings of the 32nd ACM Conference on User Modeling, Adaptation and Personalization},
	publisher    = {Association for Computing Machinery},
	pages        = {120--125},
	doi          = {10.1145/3631700.3664887},
	isbn         = 9798400704666,
	city         = {New York, NY, USA}
}
@inproceedings{rahatuljannat2021expression,
	title        = {Expression Recognition Across Age},
	author       = {Sk Rahatul Jannat and Shaun Canavan},
	year         = 2021,
	month        = 12,
	booktitle    = {2021 16th IEEE International Conference on Automatic Face and Gesture Recognition (FG 2021)},
	pages        = {1--5},
	doi          = {10.1109/FG52635.2021.9667062}
}
@inproceedings{khajontantichaikun2023facial,
	title        = {Facial Emotion Detection for Thai Elderly People using YOLOv7},
	author       = {Thanapong Khajontantichaikun and Saichon Jaiyen and Siam Yamsaengsung and Pornchai Mongkolnam and Thanitsorn Chirapornchai},
	year         = 2023,
	month        = 2,
	booktitle    = {2023 15th International Conference on Knowledge and Smart Technology (KST)},
	pages        = {1--4},
	doi          = {10.1109/KST57286.2023.10086786},
	issn         = {2374-314X}
}
@article{ekosantoso2022facial,
	title        = {FACIAL EMOTION RECOGNITION ON FER2013 USING VGGSPINALNET},
	author       = {Bambang Eko Santoso and Gede Putra Kusuma},
	year         = 2022,
	journal      = {Journal of Theoretical and Applied Information Technology},
	volume       = 100,
	pages        = {2088 – 2102},
	issue        = 7
}
@article{zhang2020facial,
	title        = {Facial expression recognition based on deep convolution long short-term memory networks of double-channel weighted mixture},
	author       = {Hepeng Zhang and Bin Huang and Guohui Tian},
	year         = 2020,
	journal      = {Pattern Recognition Letters},
	volume       = 131,
	pages        = {128 – 134},
	doi          = {10.1016/j.patrec.2019.12.013}
}
@inproceedings{caroppo2018facial,
	title        = {Facial expression recognition in older adults using deep machine learning},
	author       = {Andrea Caroppo and Alessandro Leone and Pietro Siciliano},
	year         = 2018,
	booktitle    = {CEUR Workshop Proceedings},
	volume       = 2061,
	pages        = {30 – 43}
}
@inproceedings{skibelirokkones2019facial,
	title        = {Facial Expression Recognition Using Robust Local Directional Strength Pattern Features and Recurrent Neural Network},
	author       = {Anders Skibeli Rokkones and Md Zia Uddin and Jim Torresen},
	year         = 2019,
	booktitle    = {2019 IEEE 9TH International  Conference on Consumer Electronics (ICCE-BERLIN)},
	publisher    = {IEEE},
	pages        = {283--288},
	doi          = {10.1109/icce-berlin47944.2019.8966234},
	isbn         = {978-1-7281-2745-3},
	city         = {345 E 47TH ST, NEW YORK, NY 10017 USA},
	editor       = {G Velikic and C Gross}
}
@article{ziauddin2017facial2,
	title        = {Facial Expression Recognition Utilizing Local Direction-Based Robust Features and Deep Belief Network},
	author       = {Md. Zia Uddin and Mohammad Mehedi Hassan and Ahmad Almogren and Atif Alamri and Majed Alrubaian and Giancarlo Fortino},
	year         = 2017,
	month        = 10,
	journal      = {IEEE Access},
	volume       = 5,
	pages        = {4525--4536},
	doi          = {10.1109/ACCESS.2017.2676238},
	issn         = {2169-3536}
}
@inproceedings{huang2024facial,
	title        = {Facial Expression Recognition with Age-Group Expression Feature Learning},
	author       = {Yansong Huang and Junjie Peng and Zesu Cai and Jiatao Guo and Gan Chen and Shuhua Tan},
	year         = 2024,
	month        = 6,
	booktitle    = {2024 International Joint Conference on Neural Networks (IJCNN)},
	pages        = {1--8},
	doi          = {10.1109/IJCNN60899.2024.10649944},
	issn         = {2161-4407}
}
@article{fan2022fer-pcvt,
	title        = {FER-PCVT: Facial Expression Recognition with Patch-Convolutional Vision Transformer for Stroke Patients},
	author       = {Yiming Fan and Hewei Wang and Xiaoyu Zhu and Xiangming Cao and Chuanjian Yi and Yao Chen and Jie Jia and Xiaofeng Lu},
	year         = 2022,
	journal      = {Brain Sciences},
	volume       = 12,
	doi          = {10.3390/brainsci12121626},
	issue        = 12
}
@article{fahn2022image,
	title        = {Image and Speech Recognition Technology in the Development of an Elderly Care Robot: Practical Issues Review and Improvement Strategies},
	author       = {Chin-Shyurng Fahn and Szu-Chieh Chen and Po-Yuan Wu and Tsung-Lan Chu and Cheng-Hung Li and Deng-Quan Hsu and Hsiu-Hung Wang and Hsiu-Min Tsai},
	year         = 2022,
	journal      = {Healthcare (Switzerland)},
	volume       = 10,
	doi          = {10.3390/healthcare10112252},
	issue        = 11
}
@article{yang2018joint,
	title        = {Joint Estimation of Age and Expression by Combining Scattering and Convolutional Networks},
	author       = {Huei-Fang Yang and Bo-Yao Lin and Kuang-Yu Chang and Chu-Song Chen},
	year         = 2018,
	month        = 1,
	journal      = {ACM Trans. Multimedia Comput. Commun. Appl.},
	publisher    = {Association for Computing Machinery},
	volume       = 14,
	doi          = {10.1145/3152118},
	issn         = {1551-6857},
	city         = {New York, NY, USA},
	issue        = 1
}
@inproceedings{petrou2023lightweight,
	title        = {Lightweight Mood Estimation Algorithm For Faces Under Partial Occlusion},
	author       = {Nikolas Petrou and Georgia Christodoulou and Konstantinos Avgerinakis and Pavlos Kosmides},
	year         = 2023,
	booktitle    = {Proceedings of the 16th International Conference on PErvasive Technologies Related to Assistive Environments},
	publisher    = {Association for Computing Machinery},
	pages        = {402--407},
	doi          = {10.1145/3594806.3596553},
	isbn         = 9798400700699,
	city         = {New York, NY, USA}
}
@inproceedings{anand2023multi-label,
	title        = {Multi-label Emotion Analysis in Conversation via Multimodal Knowledge Distillation},
	author       = {Sidharth Anand and Naresh Kumar Devulapally and Sreyasee Das Bhattacharjee and Junsong Yuan},
	year         = 2023,
	booktitle    = {Proceedings of the 31st ACM International Conference on Multimedia},
	publisher    = {Association for Computing Machinery},
	pages        = {6090--6100},
	doi          = {10.1145/3581783.3612517},
	isbn         = 9798400701085,
	city         = {New York, NY, USA}
}
