@article{achinchanikar2019facial,
	title        = {Facial Expression Recognition Using Deep Learning: a Review},
	author       = {Neha A Chinchanikar},
	year         = 2019,
	month        = 6,
	journal      = {International Research Journal of Engineering and Technology},
	volume       = 3274,
	issn         = {2395-0072}
}

@inproceedings{al_garaawi2016study,
	title        = {Study on aging effect on facial expression recognition},
	author       = {Nora Al-Garaawi and Tim Morris},
        booktitle    = {Proceedings of the World Congress on Engineering},
        volume       = {1},
	year         = 2016,
	month        = 10
}

@article{al_garaawi2022fully,
	title        = {Fully automated age-weighted expression classification using real and apparent age},
	author       = {Nora Al-Garaawi and Tim Morris and Timothy F. Cootes},
	year         = 2022,
	month        = 5,
	journal      = {Pattern Analysis and Applications},
	publisher    = {Springer Science and Business Media Deutschland GmbH},
	volume       = 25,
	pages        = {451--466},
	doi          = {10.1007/s10044-021-01044-1},
	issn         = {1433755X},
	issue        = 2,
}

@article{almasoudi2023facial,
	title        = {Facial Expressions Decoded: A Survey of Facial Emotion Recognition},
	author       = {Ahad Almasoudi and Souad Baowidan and Shahenda Sarhan},
	year         = 2023,
	month        = 10,
	journal      = {International Journal of Computer Applications},
	volume       = 185,
	pages        = {1--11},
	doi          = {10.5120/ijca2023922765}
}

@inproceedings{asad2017recent,
	title        = {Recent advancements in facial expression recognition systems: A survey},
	author       = {Uzair Asad and Nirbhay Kashyap and Shailendra Narayan Singh},
	year         = 2017,
	booktitle    = {2017 International Conference on Computing, Communication and Automation (ICCCA)},
	pages        = {1203--1208},
	doi          = {10.1109/CCAA.2017.8229981}
}

@inproceedings{azlinaabaziz2022systematic,
	title        = {A Systematic Review on Facial Expression Based Emotion Recognition System for Smart Homes},
	author       = {Nor Azlina Ab. Aziz and Tawsif Khan and Kamarulzaman Ab. Aziz and Muhammad Anas Hasnul and Sharifah Noor Masidayu Sayed Ismail},
	year         = 2022,
	booktitle    = {Proceedings of the Multimedia University Engineering Conference (MECON 2022)},
	publisher    = {Atlantis Press},
	pages        = {28--37},
	doi          = {10.2991/978-94-6463-082-4\_5},
	isbn         = {978-94-6463-082-4},
	issn         = {2352-5401}
}

@article{battinisonmez2019computational,
	title        = {A computational study on aging effect for facial expression recognition},
	author       = {Elena Battini Sönmez},
	year         = 2019,
	journal      = {Turkish Journal of Electrical Engineering and Computer Sciences},
	publisher    = {Turkiye Klinikleri},
	volume       = 27,
	pages        = {2430--2443},
	doi          = {10.3906/elk-1811-70},
	issn         = 13036203,
	issue        = 4,
}

@inproceedings{bhattacharya2019survey,
	title        = {A Survey on: Facial Emotion Recognition Invariant to Pose, Illumination and Age},
	author       = {Saswati Bhattacharya and Mousumi Gupta},
	year         = 2019,
	booktitle    = {2019 Second International Conference on Advanced Computational and Communication Paradigms (ICACCP)},
	pages        = {1--6},
	doi          = {10.1109/ICACCP.2019.8883015}
}

@article{boughanem2023facial,
	title        = {Facial Emotion Recognition in-the-Wild Using Deep Neural Networks: A Comprehensive Review},
	author       = {Hadjer Boughanem and Haythem Ghazouani and Walid Barhoumi},
	year         = 2023,
	month        = 12,
	journal      = {SN Computer Science},
	volume       = 5,
	pages        = 96,
	doi          = {10.1007/s42979-023-02423-7},
	issn         = {2661-8907},
	issue        = 1
}

@article{canedo2019facial,
	title        = {Facial Expression Recognition Using Computer Vision: A Systematic Review},
	author       = {Daniel Canedo and António J R Neves},
	year         = 2019,
	journal      = {Applied Sciences},
	volume       = 9,
	doi          = {10.3390/app9214678},
	issn         = {2076-3417},
	issue        = 21
}

@inproceedings{caroppo2017facial,
	title        = {Facial Expression Recognition in Older Adults using Deep Machine Learning},
	author       = {Andrea Caroppo and Alessandro Leone and Pietro Siciliano}

@inproceedings{caroppo2019facial,
	title        = {Facial Expression Recognition in Ageing Adults: A Comparative Study},
	author       = {Andrea Caroppo and Alessandro Leone and Pietro Siciliano},
	year         = 2019,
	booktitle    = {Ambient Assisted Living},
	publisher    = {Springer International Publishing},
	pages        = {349--359},
	isbn         = {978-3-030-05921-7},
	city         = {Cham},
	editor       = {Alessandro Leone and Andrea Caroppo and Gabriele Rescio and Giovanni Diraco and Pietro Siciliano}
}

@article{caroppo2020comparison,
	title        = {Comparison Between Deep Learning Models and Traditional Machine Learning Approaches for Facial Expression Recognition in Ageing Adults},
	author       = {Andrea Caroppo and Alessandro Leone and Pietro Siciliano},
	year         = 2020,
	journal      = {Journal of Computer Science and Technology},
	volume       = 35,
	pages        = {1127 – 1146},
	doi          = {10.1007/s11390-020-9665-4},
	issue        = 5
}

@article{chitleong2023facial,
	title        = {Facial expression and body gesture emotion recognition: A systematic review on the use of visual data in affective computing},
	author       = {Sze Chit Leong and Yuk Ming Tang and Chung Hin Lai and C K M Lee},
	year         = 2023,
	journal      = {Computer Science Review},
	volume       = 48,
	pages        = 100545,
	doi          = {10.1016/j.cosrev.2023.100545},
	issn         = {1574-0137}
}

@article{chulko2018brief,
	title        = {A Brief Review of Facial Emotion Recognition Based on Visual Information},
	author       = {Byoung Chul Ko},
	year         = 2018,
	journal      = {Sensors},
	volume       = 18,
	doi          = {10.3390/s18020401},
	issn         = {1424-8220},
	issue        = 2
}

@article{dalvi2021survey,
	title        = {A Survey of AI-Based Facial Emotion Recognition: Features, ML \& DL Techniques, Age-Wise Datasets and Future Directions},
	author       = {Chirag Dalvi and Manish Rathod and Shruti Patil and Shilpa Gite and Ketan Kotecha},
	year         = 2021,
	journal      = {IEEE Access},
	volume       = 9,
	pages        = {165806--165840},
	doi          = {10.1109/ACCESS.2021.3131733}
}

@misc{dhall2007collecting,
	title        = {Collecting Large, Richly Annotated Facial-Expression Databases from Movies},
	author       = {Abhinav Dhall and Student Member and Roland Goecke and Simon Lucey and Tom Gedeon},
	year         = 2007,
	volume       = 6,
	issue        = 1
}

@article{ebner2010faces,
	title        = {FACES-a database of facial expressions in young, middle-aged, and older women and men: Development and validation},
	author       = {Natalie C. Ebner and Michaela Riediger and Ulman Lindenberger},
	year         = 2010,
	month        = 2,
	journal      = {Behavior Research Methods},
	volume       = 42,
	pages        = {351--362},
	doi          = {10.3758/BRM.42.1.351},
	issn         = {1554351X},
	issue        = 1,
	pmid         = 20160315
}

@article{fei2019survey,
	title        = {A survey on computer vision techniques for detecting facial features towards the early diagnosis of mild cognitive impairment in the elderly},
	author       = {Zixiang Fei and Erfu Yang and David Day-Uei Li and Stephen Butler and Winifred Ijomah and Huiyu Zhou},
	year         = 2019,
	journal      = {Systems Science \& Control Engineering},
	publisher    = {Taylor \& Francis},
	volume       = 7,
	pages        = {252--263},
	doi          = {10.1080/21642583.2019.1647577},
	issue        = 1
}

@article{fölster2014facial,
	title        = {Facial age affects emotional expression decoding},
	author       = {Mara Fölster and Ursula Hess and Katja Werheid},
	year         = 2014,
	journal      = {Frontiers in Psychology},
	volume       = 5,
	doi          = {10.3389/fpsyg.2014.00030},
	issn         = {1664-1078}
}

@article{ghayoumi2017quick,
	title        = {A Quick Review of Deep Learning in Facial Expression},
	author       = {Mehdi Ghayoumi},
	year         = 2017,
	month        = 10,
	journal      = {Journal of Communication and Computer},
	volume       = 14,
	doi          = {10.17265/1548-7709/2017.01.004}
}

@inproceedings{goodfellow2013challenges,
	title        = {Challenges in Representation Learning: A Report on Three Machine Learning Contests},
	author       = {Goodfellow, Ian J. and Erhan, Dumitru and Carrier, Pierre Luc and Courville, Aaron and Mirza, Mehdi and Hamner, Ben and Cukierski, Will and Tang, Yichuan and Thaler, David and Lee, Dong-Hyun and Zhou, Yingbo and Ramaiah, Chetan and Feng, Fangxiang and Li, Ruifan and Wang, Xiaojie and Athanasakis, Dimitris and Shawe-Taylor, John and Milakov, Maxim and Park, John and Ionescu, Radu and Popescu, Marius and Grozea, Cristian and Bergstra, James and Xie, Jingjing and Romaszko, Lukasz and Xu, Bing and Chuang, Zhang and Bengio, Yoshua},
	year         = 2013,
	booktitle    = {Neural Information Processing},
	publisher    = {Springer Berlin Heidelberg},
	address      = {Berlin, Heidelberg},
	pages        = {117--124},
	isbn         = {978-3-642-42051-1},
	editor       = {Lee, Minho and Hirose, Akira and Hou, Zeng-Guang and Kil, Rhee Man},
}

@article{guerdelli2022macro,
	title        = {Macro- and Micro-Expressions Facial Datasets: A Survey},
	author       = {Hajer Guerdelli and Claudio Ferrari and Walid Barhoumi and Haythem Ghazouani and Stefano Berretti},
	year         = 2022,
	journal      = {Sensors},
	volume       = 22,
	doi          = {10.3390/s22041524},
	issn         = {1424-8220},
	issue        = 4
}

@article{guo2013facial,
	title        = {Facial Expression Recognition Influenced by Human Aging},
	author       = {Guodong Guo and Rui Guo and Xin Li},
	year         = 2013,
	journal      = {IEEE Transactions on Affective Computing},
	volume       = 4,
	pages        = {291--298},
	doi          = {10.1109/T-AFFC.2013.13},
	issue        = 3
}

@article{isaacowitz2011bringing,
	title        = {Bringing an Ecological Perspective to the Study of Aging and Recognition of Emotional Facial Expressions: Past, Current, and Future Methods},
	author       = {Isaacowitz, Derek M. and Stanley, Jennifer Tehan},
	year         = 2011,
	month        = {Dec},
	day          = {01},
	journal      = {Journal of Nonverbal Behavior},
	volume       = 35,
	number       = 4,
	pages        = {261--278},
	doi          = {10.1007/s10919-011-0113-6},
	issn         = {1573-3653},
}

@article{kaur2024facial,
	title        = {Facial emotion recognition: A comprehensive review},
	author       = {Manmeet Kaur and Munish Kumar},
	year         = 2024,
	journal      = {Expert Systems},
	volume       = 41,
	pages        = {e13670},
	doi          = {10.1111/exsy.13670},
	issue        = 10
}

@article{khan2019novel,
	title        = {A novel database of children's spontaneous facial expressions (LIRIS-CSE)},
	author       = {Rizwan Ahmed Khan and Arthur Crenn and Alexandre Meyer and Saida Bouakaz},
	year         = 2019,
	month        = 3,
	journal      = {Image and Vision Computing},
	publisher    = {Elsevier Ltd},
	volume       = {83-84},
	pages        = {61--69},
	doi          = {10.1016/j.imavis.2019.02.004},
	issn         = {02628856},
}

@misc{kitchenham2007guidelines,
	title        = {Guidelines for performing Systematic Literature Reviews in Software Engineering},
	author       = {Barbara Kitchenham and Stuart Charters},
	year         = 2007,
	month        = 12,
	volume       = 2
}

@article{ko2021changes,
	title        = {Changes in Computer-Analyzed Facial Expressions with Age},
	author       = {Ko, Hyunwoong and Kim, Kisun and Bae, Minju and Seo, Myo-Geong and Nam, Gieun and Park, Seho and Park, Soowon and Ihm, Jungjoon and Lee, Jun-Young},
	year         = 2021,
	journal      = {Sensors},
	volume       = 21,
	number       = 14,
	doi          = {10.3390/s21144858},
	issn         = {1424-8220}
}

@inproceedings{kumari2024emotion,
	title        = {Emotion Recognition from Facial Expression Using Deep Learning Model : A Review},
	author       = {Shalu Kumari and Nitika Kapoor and Ravinder Saini},
	year         = 2024,
	booktitle    = {2024 5th International Conference for Emerging Technology (INCET)},
	pages        = {1--6},
	doi          = {10.1109/INCET61516.2024.10592970}
}

@inproceedings{labzour2023survey,
	title        = {A Survey on Facial Emotion Recognition for the Elderly},
	author       = {Nouhaila Labzour and Sanaa El Fkihi and Soukayna Benaissa and Yahya Zennayi and Omar Bourja},
	year         = 2023,
	booktitle    = {Digital Technologies and Applications},
	publisher    = {Springer Nature Switzerland},
	pages        = {561--575},
	isbn         = {978-3-031-29857-8},
	city         = {Cham},
	editor       = {Saad Motahhir and Badre Bossoufi}
}

@article{li2022deep,
	title        = {Deep Facial Expression Recognition: A Survey},
	author       = {Shan Li and Weihong Deng},
	year         = 2022,
	journal      = {IEEE Transactions on Affective Computing},
	volume       = 13,
	pages        = {1195--1215},
	doi          = {10.1109/TAFFC.2020.2981446},
	issue        = 3
}

@article{liang2023survey,
	title        = {A Survey of Deep Learning-based Facial Expression Recognition Research},
	author       = {Chengxu Liang and Jianshe Dong},
	year         = 2023,
	month        = 9,
	journal      = {Frontiers in Computing and Intelligent Systems},
	volume       = 5,
	pages        = {56--60},
	doi          = {10.54097/fcis.v5i2.12445},
	issue        = 2
}

@article{lobue2014child,
	title        = {The Child Affective Facial Expression (CAFE) set: Validity and reliability from untrained adults},
	author       = {Vanessa LoBue and Cat Thrasher},
	year         = 2014,
	journal      = {Frontiers in Psychology},
	publisher    = {Frontiers Media S.A.},
	volume       = 5,
	doi          = {10.3389/fpsyg.2014.01532},
	issn         = 16641078,
	issue        = {OCT},
}

@inproceedings{lopes2018facial,
	title        = {Facial emotion recognition in the elderly using a SVM classifier},
	author       = {Nuno Lopes and André Silva and Salik Ram Khanal and Arsênio Reis and João Barroso and Vitor Filipe and Jaime Sampaio},
	year         = 2018,
	booktitle    = {2018 2nd International Conference on Technology and Innovation in Sports, Health and Wellbeing (TISHW)},
	pages        = {1--5},
	doi          = {10.1109/TISHW.2018.8559494}
}

@misc{lucey2010extended,
	title        = {The Extended Cohn-Kanade Dataset (CK+): A complete dataset for action unit and emotion-specified expression},
	author       = {Patrick Lucey and Jeffrey F Cohn and Takeo Kanade and Jason Saragih and Zara Ambadar and Iain Matthews},
	year         = 2010
}

@misc{lyons2020coding,
	title        = {Coding Facial Expressions with Gabor Wavelets (IVC Special Issue)},
	author       = {Lyons, Michael J and Kamachi, Miyuki and Gyoba, Jiro},
	year         = 2020,
	publisher    = {Zenodo},
	doi          = {10.5281/ZENODO.4029679},
}

@inproceedings{ma2019elderreact,
	title        = {ElderReact: A multimodal dataset for recognizing emotional response in aging adults},
	author       = {Kaixin Ma and Xinyu Wang and Xinru Yang and Mingtong Zhang and Jeffrey M. Girard and Louis Philippe Morency},
	year         = 2019,
	month        = 10,
	booktitle    = {ICMI 2019 - Proceedings of the 2019 International Conference on Multimodal Interaction},
	publisher    = {Association for Computing Machinery, Inc},
	pages        = {349--357},
	doi          = {10.1145/3340555.3353747},
	isbn         = 9781450368605
}

@misc{maithri2022automated,
	title        = {Automated emotion recognition: Current trends and future perspectives},
	author       = {M. Maithri and U. Raghavendra and Anjan Gudigar and Jyothi Samanth and Prabal Datta Barua and Murugappan Murugappan and Yashas Chakole and U. Rajendra Acharya},
	year         = 2022,
	month        = 3,
	journal      = {Computer Methods and Programs in Biomedicine},
	publisher    = {Elsevier Ireland Ltd},
	volume       = 215,
	doi          = {10.1016/j.cmpb.2022.106646},
	issn         = 18727565,
	pmid         = 35093645
}

@article{martinez2019automatic,
	title        = {Automatic Analysis of Facial Actions: A Survey},
	author       = {Brais Martinez and Michel F Valstar and Bihan Jiang and Maja Pantic},
	year         = 2019,
	journal      = {IEEE Transactions on Affective Computing},
	volume       = 10,
	pages        = {325--347},
	doi          = {10.1109/TAFFC.2017.2731763},
	issue        = 3
}

@inproceedings{mary2016review,
	title        = {A review on how human aging influences facial expression recognition (FER)},
	author       = {Robson Mary and T. V. Jayakumar},
	year         = 2016,
	booktitle    = {Advances in Intelligent Systems and Computing},
	publisher    = {Springer Verlag},
	volume       = 424,
	pages        = {313--322},
	doi          = {10.1007/978-3-319-28031-8\_27},
	isbn         = 9783319280301,
	issn         = 21945357,
}

@article{meuwissen2017creation,
	title        = {The creation and validation of the Developmental Emotional Faces Stimulus Set},
	author       = {Alyssa S. Meuwissen and Jacob E. Anderson and Philip David Zelazo},
	year         = 2017,
	month        = 6,
	journal      = {Behavior Research Methods},
	publisher    = {Springer New York LLC},
	volume       = 49,
	pages        = {960--966},
	doi          = {10.3758/s13428-016-0756-7},
	issn         = 15543528,
	issue        = 3,
	pmid         = 27325165
}

@article{minear2004lifespan,
	title        = {A lifespan database of adult facial stimuli},
	author       = {Meredith Minear and Denise C Park},
	year         = 2004,
	journal      = {Behavior Research Methods, Instruments, \& Computers},
	volume       = 36,
	pages        = {630--633},
	doi          = {10.3758/BF03206543},
	issn         = {1532-5970},
	issue        = 4
}

@article{modi2022state-of-the-art,
	title        = {A State-of-the-Art Survey on Face Recognition Methods},
	author       = {Prashant Modi and Sanjay Patel},
	year         = 2022,
	journal      = {International Journal of Computer Vision and Image Processing (IJCVIP)},
	publisher    = {IGI Global},
	volume       = 12,
	pages        = {1--19},
	doi          = {10.4018/IJCVIP.2022010101},
	issn         = {2155-6997},
	city         = {Hershey, PA, USA},
	issue        = 1
}

@article{moehtay2021feature,
	title        = {Feature extraction and classification methods of facial expression: A survey},
	author       = {Moe Moe Htay},
	year         = 2021,
	journal      = {Computer Science and Information Technologies},
	volume       = 2,
	pages        = {26--32},
	doi          = {10.11591/csit.v2i1.p26-32},
	issn         = {2722-3221},
	issue        = 1
}

@article{mohana2024facial,
	title        = {Facial Expression Recognition Using Machine Learning and Deep Learning Techniques: A Systematic Review},
	author       = {M Mohana and P Subashini},
	year         = 2024,
	month        = 4,
	journal      = {SN Computer Science},
	volume       = 5,
	pages        = 432,
	doi          = {10.1007/s42979-024-02792-7},
	issn         = {2661-8907},
	issue        = 4
}

@inproceedings{moolchandani2021survey,
	title        = {A survey on: Facial Emotion Recognition and Classification},
	author       = {Manoj Moolchandani and Shivangi Dwivedi and Samarth Nigam and Kapil Gupta},
	year         = 2021,
	booktitle    = {2021 5th International Conference on Computing Methodologies and Communication (ICCMC)},
	pages        = {1677--1686},
	doi          = {10.1109/ICCMC51019.2021.9418349}
}

@article{msaleemabdullah2021facial,
	title        = {Facial Expression Recognition Based on Deep Learning Convolution Neural Network: A Review},
	author       = {Sharmeen M. Saleem Abdullah and Adnan Mohsin Abdulazeez},
	year         = 2021,
	month        = 4,
	journal      = {Journal of Soft Computing and Data Mining},
	volume       = 2,
	pages        = {53--65},
	issue        = 1
}

@article{muazu2021systematic,
	title        = {A Systematic Review of Methods of Emotion Recognition by Facial Expressions},
	author       = {Abdulwakil Muazu and Eric Manzi and Jibril Aminu},
	year         = 2021,
	month        = 10,
	journal      = {International Journal of Advanced Research},
	volume       = 9,
	pages        = {1141--1152},
	doi          = {10.21474/IJAR01/12951}
}

@article{ngrondhuis2021having,
	title        = {Having Difficulties Reading the Facial Expression of Older Individuals? Blame It on the Facial Muscles, Not the Wrinkles},
	author       = {Sabrina N Grondhuis and Angela Jimmy and Carolina Teague and Nicolas M Brunet},
	year         = 2021,
	journal      = {Frontiers in Psychology},
	volume       = 12,
	doi          = {10.3389/fpsyg.2021.620768},
	issn         = {1664-1078},
}

@inproceedings{nojavanasghari2016emoreact,
	title        = {EmoReact: a multimodal approach and dataset for recognizing emotional responses in children},
	author       = {Nojavanasghari, Behnaz and Baltru\v{s}aitis, Tadas and Hughes, Charles E. and Morency, Louis-Philippe},
	year         = 2016,
	booktitle    = {Proceedings of the 18th ACM International Conference on Multimodal Interaction},
	location     = {Tokyo, Japan},
	publisher    = {Association for Computing Machinery},
	address      = {New York, NY, USA},
	series       = {ICMI '16},
	pages        = {137–144},
	doi          = {10.1145/2993148.2993168},
	isbn         = 9781450345569,
	numpages     = 8
}

@article{park2022facial,
	title        = {Facial Emotion Recognition Analysis Based on Age-Biased Data},
	author       = {Hyungjoo Park and Youngha Shin and Kyu Song and Channyeong Yun and Dongyoung Jang},
	year         = 2022,
	journal      = {Applied Sciences},
	volume       = 12,
	doi          = {10.3390/app12167992},
	issn         = {2076-3417},
	issue        = 16
}

@article{patel2020facial,
	title        = {Facial Sentiment Analysis Using AI Techniques: State-of-the-Art, Taxonomies, and Challenges},
	author       = {Keyur Patel and Dev Mehta and Chinmay Mistry and Rajesh Gupta and Sudeep Tanwar and Neeraj Kumar and Mamoun Alazab},
	year         = 2020,
	journal      = {IEEE Access},
	volume       = 8,
	pages        = {90495--90519},
	doi          = {10.1109/ACCESS.2020.2993803}
}

@inproceedings{pranathi2021review,
	title        = {A Review on Various Facial Expression Recognition Techniques},
	author       = {P Pranathi and C Lakshmi and M Suneetha},
	year         = 2021,
	booktitle    = {2021 Fifth International Conference on I-SMAC (IoT in Social, Mobile, Analytics and Cloud) (I-SMAC)},
	pages        = {1246--1254},
	doi          = {10.1109/I-SMAC52330.2021.9640733}
}

@article{raghebatallah2019review,
	title        = {A review study: The effect of face aging at Estimating Age and Face Recognition},
	author       = {Rasha Ragheb Atallah and Amirrudin Kamsin and Maizatul Akmar Ismail},
	year         = 2019,
	month        = 12,
	journal      = {Journal of Physics: Conference Series},
	publisher    = {IOP Publishing},
	volume       = 1339,
	pages        = 12006,
	doi          = {10.1088/1742-6596/1339/1/012006},
	issue        = 1
}

@inproceedings{rahatuljannat2021expression,
	title        = {Expression Recognition Across Age},
	author       = {Sk Rahatul Jannat and Shaun Canavan},
	year         = 2021,
	month        = 12,
	booktitle    = {2021 16th IEEE International Conference on Automatic Face and Gesture Recognition (FG 2021)},
	pages        = {1--5},
	doi          = {10.1109/FG52635.2021.9667062}
}

@inproceedings{raijain2021recent,
	title        = {Recent Trends in Artificial Intelligence for Emotion Detection using Facial Image Analysis},
	author       = {Priti Rai Jain and S M. K. Quadri and Muskan Lalit},
	year         = 2021,
	booktitle    = {Proceedings of the 2021 Thirteenth International Conference on Contemporary Computing},
	publisher    = {Association for Computing Machinery},
	pages        = {18--36},
	doi          = {10.1145/3474124.3474205},
	isbn         = 9781450389204,
	city         = {New York, NY, USA}
}

@inproceedings{rajeswari2018literature,
	title        = {Literature Survey on Facial Expression Recognition Techniques},
	author       = {G Rajeswari and P IthayaRani},
	year         = 2018,
	booktitle    = {2018 3rd International Conference on Communication and Electronics Systems (ICCES)},
	pages        = {137--142},
	doi          = {10.1109/CESYS.2018.8723953}
}

@article{rashmiadyapady2023comprehensive,
	title        = {A comprehensive review of facial expression recognition techniques},
	author       = {R Rashmi Adyapady and B Annappa},
	year         = 2023,
	month        = 2,
	journal      = {Multimedia Systems},
	volume       = 29,
	pages        = {73--103},
	doi          = {10.1007/s00530-022-00984-w},
	issn         = {1432-1882},
	issue        = 1
}

@article{rehmankhan2022facial,
	title        = {Facial Emotion Recognition Using Conventional Machine Learning and Deep Learning Methods: Current Achievements, Analysis and Remaining Challenges},
	author       = {Amjad Rehman Khan},
	year         = 2022,
	journal      = {Information},
	volume       = 13,
	doi          = {10.3390/info13060268},
	issn         = {2078-2489},
	issue        = 6
}

@article{revina2021survey,
	title        = {A Survey on Human Face Expression Recognition Techniques},
	author       = {I.Michael Revina and W R Sam Emmanuel},
	year         = 2021,
	journal      = {Journal of King Saud University - Computer and Information Sciences},
	volume       = 33,
	pages        = {619--628},
	doi          = {10.1016/j.jksuci.2018.09.002},
	issn         = {1319-1578},
	issue        = 6
}

@article{ribeiroalexandre2020systematic,
	title        = {Systematic review of 3D facial expression recognition methods},
	author       = {Gilderlane Ribeiro Alexandre and José Marques Soares and George André Pereira Thé},
	year         = 2020,
	journal      = {Pattern Recognition},
	volume       = 100,
	pages        = 107108,
	doi          = {10.1016/j.patcog.2019.107108},
	issn         = {0031-3203}
}

@article{ruffman2008meta,
	title        = {A meta-analytic review of emotion recognition and aging: Implications for neuropsychological models of aging},
	author       = {Ted Ruffman and Julie D. Henry and Vicki Livingstone and Louise H. Phillips},
	year         = 2008,
	journal      = {Neuroscience \& Biobehavioral Reviews},
	volume       = 32,
	number       = 4,
	pages        = {863--881},
	doi          = {10.1016/j.neubiorev.2008.01.001},
	issn         = {0149-7634},
}

@article{sari2020automated,
	title        = {Automated Facial Expression Recognition Using Deep Learning Techniques: An Overview},
	author       = {Meriem Sari and Abdelouahab Moussaouı and Abdenour Hadid},
	year         = 2020,
	journal      = {International Journal of Informatics and Applied Mathematics},
	publisher    = {International Society of Academicians},
	volume       = 3,
	pages        = {39--53},
	issue        = 1
}

@inproceedings{svyas2019survey,
	title        = {Survey on Face Expression Recognition using CNN},
	author       = {Ankit S Vyas and Harshadkumar B Prajapati and Vipul K Dabhi},
	year         = 2019,
	booktitle    = {2019 5th International Conference on Advanced Computing \& Communication Systems (ICACCS)},
	pages        = {102--106},
	doi          = {10.1109/ICACCS.2019.8728330}
}

@inproceedings{ullah2021systematic,
	title        = {A Systematic Literature Review of Recognition of Compound Facial Expression of Emotions},
	author       = {Sana Ullah and Wenhong Tian},
	year         = 2021,
	booktitle    = {Proceedings of the 2020 4th International Conference on Video and Image Processing},
	publisher    = {Association for Computing Machinery},
	pages        = {116--121},
	doi          = {10.1145/3447450.3447469},
	isbn         = 9781450389075,
	city         = {New York, NY, USA}
}

@article{vinicioslopespinto2023systematic,
	title        = {A Systematic Review of Facial Expression Detection Methods},
	author       = {Lyanh Vinicios Lopes Pinto and Andre Vinicius Neves Alves and Alana Miranda Medeiros and Saulo William da Silva Costa and Yomara Pinheiro Pires and Fernando Augusto Ribeiro Costa and Marcos Cesar da Rocha Seruffo},
	year         = 2023,
	journal      = {IEEE Access},
	volume       = 11,
	pages        = {61881--61891},
	doi          = {10.1109/ACCESS.2023.3287090}
}

@article{wang2015facial,
	title        = {Facial expression recognition through modeling age-related spatial patterns},
	author       = {Shangfei Wang and Shan Wu and Zhen Gao and Qiang Ji},
	year         = 2015,
	month        = 11,
	journal      = {Multimedia Tools and Applications},
	publisher    = {Springer New York LLC},
	volume       = 75,
	pages        = {3937--3954},
	doi          = {10.1007/s11042-015-3107-2},
	issn         = 15737721,
	issue        = 7,
}

@inproceedings{wu2015enhanced,
	title        = {Enhanced facial expression recognition by age},
	author       = {Shan Wu and Shangfei Wang and Jun Wang},
	year         = 2015,
	month        = 5,
	booktitle    = {2015 11th IEEE International Conference and Workshops on Automatic Face and Gesture Recognition (FG)},
	volume       = 1,
	pages        = {1--6},
	doi          = {10.1109/FG.2015.7163117}
}

@article{yang2020tsinghua,
	title        = {Tsinghua facial expression database – A database of facial expressions in Chinese young and older women and men: Development and validation},
	author       = {Yang, Tao AND Yang, Zeyun AND Xu, Guangzheng AND Gao, Duoling AND Zhang, Ziheng AND Wang, Hui AND Liu, Shiyu AND Han, Linfeng AND Zhu, Zhixin AND Tian, Yang AND Huang, Yuqi AND Zhao, Lei AND Zhong, Kui AND Shi, Bolin AND Li, Juan AND Fu, Shimin AND Liang, Peipeng AND Banissy, Michael J. AND Sun, Pei},
	year         = 2020,
	month        = {04},
	journal      = {PLOS ONE},
	publisher    = {Public Library of Science},
	volume       = 15,
	number       = 4,
	pages        = {1--14},
	doi          = {10.1371/journal.pone.0231304}
}

@inproceedings{yantililiana2018review,
	title        = {Review of Automatic Emotion Recognition Through Facial Expression Analysis},
	author       = {Dewi Yanti Liliana and T Basaruddin},
	year         = 2018,
	booktitle    = {2018 International Conference on Electrical Engineering and Computer Science (ICECOS)},
	pages        = {231--236},
	doi          = {10.1109/ICECOS.2018.8605222}
}

@article{zagocanal2022survey,
	title        = {A survey on facial emotion recognition techniques: A state-of-the-art literature review},
	author       = {Felipe Zago Canal and Tobias Rossi Müller and Jhennifer Cristine Matias and Gustavo Gino Scotton and Antonio Reis de Sa Junior and Eliane Pozzebon and Antonio Carlos Sobieranski},
	year         = 2022,
	journal      = {Information Sciences},
	volume       = 582,
	pages        = {593--617},
	doi          = {10.1016/j.ins.2021.10.005},
	issn         = {0020-0255}
}

