%% references in extra related work

@misc{openai2024gpts, url={https://openai.com/index/introducing-gpts/}, author={openai}, year={2024}, month={Aug}} 
@misc{moodgenerator2024spotify, url={https://playlistable.io/}, author={spotify}, year={2024}, month={Aug}} 
@misc{amazon2024personalize, url={https://aws.amazon.com/ko/personalize/features/}, author={amazon}, year={2024}, month={Aug}} 

@book{boyatzis1998transforming,
  title={Transforming qualitative information: Thematic analysis and code development},
  author={Boyatzis, Richard E},
  year={1998},
  publisher={sage}
}

@inproceedings{kim2019co,
  title={Co-performing agent: Design for building user-agent partnership in learning and adaptive services},
  author={Kim, Da-jung and Lim, Youn-kyung},
  booktitle={Proceedings of the 2019 CHI conference on human factors in computing systems},
  pages={1--14},
  year={2019}
}

@article{stray2024building,
  title={Building human values into recommender systems: An interdisciplinary synthesis},
  author={Stray, Jonathan and Halevy, Alon and Assar, Parisa and Hadfield-Menell, Dylan and Boutilier, Craig and Ashar, Amar and Bakalar, Chloe and Beattie, Lex and Ekstrand, Michael and Leibowicz, Claire and others},
  journal={ACM Transactions on Recommender Systems},
  volume={2},
  number={3},
  pages={1--57},
  year={2024},
  publisher={ACM New York, NY}
}

@inproceedings{jin2019musicbot,
  title={MusicBot: Evaluating critiquing-based music recommenders with conversational interaction},
  author={Jin, Yucheng and Cai, Wanling and Chen, Li and Htun, Nyi Nyi and Verbert, Katrien},
  booktitle={Proceedings of the 28th ACM International Conference on Information and Knowledge Management},
  pages={951--960},
  year={2019}
}

@article{deng2023unified,
  title={A unified multi-task learning framework for multi-goal conversational recommender systems},
  author={Deng, Yang and Zhang, Wenxuan and Xu, Weiwen and Lei, Wenqiang and Chua, Tat-Seng and Lam, Wai},
  journal={ACM Transactions on Information Systems},
  volume={41},
  number={3},
  pages={1--25},
  year={2023},
  publisher={ACM New York, NY}
}


@inproceedings{zhang2024towards,
  title={Towards empathetic conversational recommender systems},
  author={Zhang, Xiaoyu and Xie, Ruobing and Lyu, Yougang and Xin, Xin and Ren, Pengjie and Liang, Mingfei and Zhang, Bo and Kang, Zhanhui and de Rijke, Maarten and Ren, Zhaochun},
  booktitle={Proceedings of the 18th ACM Conference on Recommender Systems},
  pages={84--93},
  year={2024}
}


@inproceedings{mahmood2007learning,
  title={Learning and adaptivity in interactive recommender systems},
  author={Mahmood, Tariq and Ricci, Francesco},
  booktitle={Proceedings of the ninth international conference on Electronic commerce},
  pages={75--84},
  year={2007}
}

@inproceedings{russell1993cost,
  title={The cost structure of sensemaking},
  author={Russell, Daniel M and Stefik, Mark J and Pirolli, Peter and Card, Stuart K},
  booktitle={Proceedings of the INTERACT'93 and CHI'93 conference on Human factors in computing systems},
  pages={269--276},
  year={1993}
}

@inproceedings{kwak2024investigating,
  title={Investigating the Potential of Group Recommendation Systems As a Medium of Social Interactions: A Case of Spotify Blend Experiences between Two Users},
  author={Kwak, Daehyun and Park, Soobin and Cha, Inha and Kim, Hankyung and Lim, Youn-Kyung},
  booktitle={Proceedings of the CHI Conference on Human Factors in Computing Systems},
  pages={1--15},
  year={2024}
}

@inproceedings{sivertsen2024machine,
  title={Machine Learning Processes as Sources of Ambiguity: Insights from AI Art},
  author={Sivertsen, Christian and Salimbeni, Guido and L{\o}vlie, Anders Sundnes and Benford, Steven David and Zhu, Jichen},
  booktitle={Proceedings of the CHI Conference on Human Factors in Computing Systems},
  pages={1--14},
  year={2024}
}

@inproceedings{schoeffer2024explanations,
  title={Explanations, Fairness, and Appropriate Reliance in Human-AI Decision-Making},
  author={Schoeffer, Jakob and De-Arteaga, Maria and Kuehl, Niklas},
  booktitle={Proceedings of the CHI Conference on Human Factors in Computing Systems},
  pages={1--18},
  year={2024}
}


@article{buccinca2021trust,
  title={To trust or to think: cognitive forcing functions can reduce overreliance on AI in AI-assisted decision-making},
  author={Bu{\c{c}}inca, Zana and Malaya, Maja Barbara and Gajos, Krzysztof Z},
  journal={Proceedings of the ACM on Human-computer Interaction},
  volume={5},
  number={CSCW1},
  pages={1--21},
  year={2021},
  publisher={ACM New York, NY, USA}
}


@inproceedings{zhang2022towards,
  title={Towards relatable explainable AI with the perceptual process},
  author={Zhang, Wencan and Lim, Brian Y},
  booktitle={Proceedings of the 2022 CHI Conference on Human Factors in Computing Systems},
  pages={1--24},
  year={2022}
}


@inproceedings{wang2021explanations,
  title={Are explanations helpful? a comparative study of the effects of explanations in ai-assisted decision-making},
  author={Wang, Xinru and Yin, Ming},
  booktitle={Proceedings of the 26th International Conference on Intelligent User Interfaces},
  pages={318--328},
  year={2021}
}


@inproceedings{bansal2021does,
  title={Does the whole exceed its parts? the effect of ai explanations on complementary team performance},
  author={Bansal, Gagan and Wu, Tongshuang and Zhou, Joyce and Fok, Raymond and Nushi, Besmira and Kamar, Ece and Ribeiro, Marco Tulio and Weld, Daniel},
  booktitle={Proceedings of the 2021 CHI conference on human factors in computing systems},
  pages={1--16},
  year={2021}
}

@article{lee2023understanding,
  title={Understanding the effect of counterfactual explanations on trust and reliance on ai for human-ai collaborative clinical decision making},
  author={Lee, Min Hun and Chew, Chong Jun},
  journal={Proceedings of the ACM on Human-Computer Interaction},
  volume={7},
  number={CSCW2},
  pages={1--22},
  year={2023},
  publisher={ACM New York, NY, USA}
}



@book{white2009exploratory,
  title={Exploratory search: Beyond the query-response paradigm},
  author={White, Ryen W and Roth, Resa A},
  number={3},
  year={2009},
  publisher={Morgan \& Claypool Publishers}
}

@inproceedings{zamfirescu2023johnny,
  title={Why Johnny can’t prompt: how non-AI experts try (and fail) to design LLM prompts},
  author={Zamfirescu-Pereira, JD and Wong, Richmond Y and Hartmann, Bjoern and Yang, Qian},
  booktitle={Proceedings of the 2023 CHI Conference on Human Factors in Computing Systems},
  pages={1--21},
  year={2023}
}

@inproceedings{pirolli2005sensemaking,
  title={The sensemaking process and leverage points for analyst technology as identified through cognitive task analysis},
  author={Pirolli, Peter and Card, Stuart},
  booktitle={Proceedings of international conference on intelligence analysis},
  volume={5},
  pages={2--4},
  year={2005},
  organization={McLean, VA, USA}
}


@article{qu2008model,
  title={Model-driven formative evaluation of exploratory search: A study under a sensemaking framework},
  author={Qu, Yan and Furnas, George W},
  journal={Information Processing \& Management},
  volume={44},
  number={2},
  pages={534--555},
  year={2008},
  publisher={Elsevier}
}


@inproceedings{song2024exploring,
  title={Exploring the Impact of User-Participated Customization in Experiencing Chatbot Failure},
  author={Song, Hyungwoo and Kim, Kyusik and Kim, Kitae and Ryu, Jeongwoo and Suh, Bongwon},
  booktitle={Extended Abstracts of the CHI Conference on Human Factors in Computing Systems},
  pages={1--7},
  year={2024}
}

@inproceedings{palagi2017survey,
  title={A survey of definitions and models of exploratory search},
  author={Palagi, Emilie and Gandon, Fabien and Giboin, Alain and Troncy, Rapha{\"e}l},
  booktitle={Proceedings of the 2017 ACM workshop on exploratory search and interactive data analytics},
  pages={3--8},
  year={2017}
}

@article{marchionini2006exploratory,
  title={Exploratory search: from finding to understanding},
  author={Marchionini, Gary},
  journal={Communications of the ACM},
  volume={49},
  number={4},
  pages={41--46},
  year={2006},
  publisher={ACM New York, NY, USA}
}


@inproceedings{crescenzi2021supporting,
  title={Supporting metacognition during exploratory search with the OrgBox},
  author={Crescenzi, Anita and Ward, Austin R and Li, Yuan and Capra, Rob},
  booktitle={Proceedings of the 44th international ACM SIGIR conference on research and development in information retrieval},
  pages={1197--1207},
  year={2021}
}


@inproceedings{chang2019searchlens,
  title={SearchLens: Composing and capturing complex user interests for exploratory search},
  author={Chang, Joseph Chee and Hahn, Nathan and Perer, Adam and Kittur, Aniket},
  booktitle={Proceedings of the 24th International Conference on Intelligent User Interfaces},
  pages={498--509},
  year={2019}
}


@inproceedings{bhuiyan2022othertube,
  title={Othertube: Facilitating content discovery and reflection by exchanging youtube recommendations with strangers},
  author={Bhuiyan, Md Momen and Bautista Isaza, Carlos Augusto and Mitra, Tanushree and Lee, Sang Won},
  booktitle={Proceedings of the 2022 CHI Conference on Human Factors in Computing Systems},
  pages={1--17},
  year={2022}
}


@inproceedings{rezk2024agency,
  title={Agency Aspirations: Understanding Users' Preferences And Perceptions Of Their Role In Personalised News Curation},
  author={Rezk, Anna Marie and Simkute, Auste and Luger, Ewa and Vines, John and Elsden, Chris and Evans, Michael and Jones, Rhianne},
  booktitle={Proceedings of the CHI Conference on Human Factors in Computing Systems},
  pages={1--16},
  year={2024}
}


@inproceedings{kang2023synergi,
  title={Synergi: A Mixed-Initiative System for Scholarly Synthesis and Sensemaking},
  author={Kang, Hyeonsu B and Wu, Tongshuang and Chang, Joseph Chee and Kittur, Aniket},
  booktitle={Proceedings of the 36th Annual ACM Symposium on User Interface Software and Technology},
  pages={1--19},
  year={2023}
}

@inproceedings{overney2024sensemate,
  title={SenseMate: An Accessible and Beginner-Friendly Human-AI Platform for Qualitative Data Analysis},
  author={Overney, Cassandra and Sald{\'\i}as, Bel{\'e}n and Dimitrakopoulou, Dimitra and Roy, Deb},
  booktitle={Proceedings of the 29th International Conference on Intelligent User Interfaces},
  pages={922--939},
  year={2024}
}

@inproceedings{gu2024data,
  title={How do data analysts respond to ai assistance? a wizard-of-oz study},
  author={Gu, Ken and Grunde-McLaughlin, Madeleine and McNutt, Andrew and Heer, Jeffrey and Althoff, Tim},
  booktitle={Proceedings of the CHI Conference on Human Factors in Computing Systems},
  pages={1--22},
  year={2024}
}

@inproceedings{masson2024directgpt,
  title={Directgpt: A direct manipulation interface to interact with large language models},
  author={Masson, Damien and Malacria, Sylvain and Casiez, G{\'e}ry and Vogel, Daniel},
  booktitle={Proceedings of the CHI Conference on Human Factors in Computing Systems},
  pages={1--16},
  year={2024}
}

@inproceedings{fok2024marco,
  title={Marco: Supporting Business Document Workflows via Collection-Centric Information Foraging with Large Language Models},
  author={Fok, Raymond and Lipka, Nedim and Sun, Tong and Siu, Alexa F},
  booktitle={Proceedings of the CHI Conference on Human Factors in Computing Systems},
  pages={1--20},
  year={2024}
}



@inproceedings{yen2024memolet,
  title={Memolet: Reifying the Reuse of User-AI Conversational Memories},
  author={Yen, Ryan and Zhao, Jian},
  booktitle={Proceedings of the 37th Annual ACM Symposium on User Interface Software and Technology},
  pages={1--22},
  year={2024}
}


@inproceedings{lee2024paperweaver,
  title={PaperWeaver: Enriching Topical Paper Alerts by Contextualizing Recommended Papers with User-collected Papers},
  author={Lee, Yoonjoo and Kang, Hyeonsu B and Latzke, Matt and Kim, Juho and Bragg, Jonathan and Chang, Joseph Chee and Siangliulue, Pao},
  booktitle={Proceedings of the CHI Conference on Human Factors in Computing Systems},
  pages={1--19},
  year={2024}
}


@inproceedings{gu2024analysts,
  title={How Do Analysts Understand and Verify AI-Assisted Data Analyses?},
  author={Gu, Ken and Shang, Ruoxi and Althoff, Tim and Wang, Chenglong and Drucker, Steven M},
  booktitle={Proceedings of the CHI Conference on Human Factors in Computing Systems},
  pages={1--22},
  year={2024}
}


@inproceedings{almeda2024prompting,
  title={Prompting for Discovery: Flexible Sense-Making for AI Art-Making with Dreamsheets},
  author={Almeda, Shm Garanganao and Zamfirescu-Pereira, JD and Kim, Kyu Won and Mani Rathnam, Pradeep and Hartmann, Bjoern},
  booktitle={Proceedings of the CHI Conference on Human Factors in Computing Systems},
  pages={1--17},
  year={2024}
}


@inproceedings{stromel2024narrating,
  title={Narrating Fitness: Leveraging Large Language Models for Reflective Fitness Tracker Data Interpretation},
  author={Str{\"o}mel, Konstantin R and Henry, Stanislas and Johansson, Tim and Niess, Jasmin and Wo{\'z}niak, Pawe{\l} W},
  booktitle={Proceedings of the CHI Conference on Human Factors in Computing Systems},
  pages={1--16},
  year={2024}
}


@inproceedings{kazemitabaar2024improving,
  title={Improving steering and verification in AI-assisted data analysis with interactive task decomposition},
  author={Kazemitabaar, Majeed and Williams, Jack and Drosos, Ian and Grossman, Tovi and Henley, Austin Zachary and Negreanu, Carina and Sarkar, Advait},
  booktitle={Proceedings of the 37th Annual ACM Symposium on User Interface Software and Technology},
  pages={1--19},
  year={2024}
}


@inproceedings{zheng2024disciplink,
  title={DiscipLink: Unfolding Interdisciplinary Information Seeking Process via Human-AI Co-Exploration},
  author={Zheng, Chengbo and Zhang, Yuanhao and Huang, Zeyu and Shi, Chuhan and Xu, Minrui and Ma, Xiaojuan},
  booktitle={Proceedings of the 37th Annual ACM Symposium on User Interface Software and Technology},
  pages={1--20},
  year={2024}
}


@inproceedings{subramonyam2024bridging,
  title={Bridging the Gulf of Envisioning: Cognitive Challenges in Prompt Based Interactions with LLMs},
  author={Subramonyam, Hari and Pea, Roy and Pondoc, Christopher and Agrawala, Maneesh and Seifert, Colleen},
  booktitle={Proceedings of the CHI Conference on Human Factors in Computing Systems},
  pages={1--19},
  year={2024}
}

@article{jiayu2024jamplate,
  title={Jamplate: Exploring LLM-Enhanced Templates for Idea Reflection.(2024)},
  author={JIAYU, YIN and CATHERINE, GU and JENNY, MAR and SYDNEY, ZHANG and STEVEN, PDOW},
  year={2024}
}

@inproceedings{suh2023sensecape,
  title={Sensecape: Enabling multilevel exploration and sensemaking with large language models},
  author={Suh, Sangho and Min, Bryan and Palani, Srishti and Xia, Haijun},
  booktitle={Proceedings of the 36th Annual ACM Symposium on User Interface Software and Technology},
  pages={1--18},
  year={2023}
}


@inproceedings{liu2024selenite,
  title={Selenite: Scaffolding Online Sensemaking with Comprehensive Overviews Elicited from Large Language Models},
  author={Liu, Michael Xieyang and Wu, Tongshuang and Chen, Tianying and Li, Franklin Mingzhe and Kittur, Aniket and Myers, Brad A},
  booktitle={Proceedings of the CHI Conference on Human Factors in Computing Systems},
  pages={1--26},
  year={2024}
}


@inproceedings{krook2023recommender,
  title={Recommender systems, autonomy and user engagement},
  author={Krook, Joshua and Blockx, Jan},
  booktitle={Proceedings of the First International Symposium on Trustworthy Autonomous Systems},
  pages={1--9},
  year={2023}
}

@inproceedings{cai2022impacts,
  title={Impacts of personal characteristics on user trust in conversational recommender systems},
  author={Cai, Wanling and Jin, Yucheng and Chen, Li},
  booktitle={Proceedings of the 2022 CHI Conference on Human Factors in Computing Systems},
  pages={1--14},
  year={2022}
}


@inproceedings{cai2020predicting,
  title={Predicting user intents and satisfaction with dialogue-based conversational recommendations},
  author={Cai, Wanling and Chen, Li},
  booktitle={Proceedings of the 28th ACM Conference on User Modeling, Adaptation and Personalization},
  pages={33--42},
  year={2020}
}

@article{jugovac2017interacting,
  title={Interacting with recommenders—overview and research directions},
  author={Jugovac, Michael and Jannach, Dietmar},
  journal={ACM Transactions on Interactive Intelligent Systems (TiiS)},
  volume={7},
  number={3},
  pages={1--46},
  year={2017},
  publisher={ACM New York, NY, USA}
}

@inproceedings{cai2021critiquing,
  title={Critiquing for music exploration in conversational recommender systems},
  author={Cai, Wanling and Jin, Yucheng and Chen, Li},
  booktitle={Proceedings of the 26th International Conference on Intelligent User Interfaces},
  pages={480--490},
  year={2021}
}

@article{jannach2021survey,
  title={A survey on conversational recommender systems},
  author={Jannach, Dietmar and Manzoor, Ahtsham and Cai, Wanling and Chen, Li},
  journal={ACM Computing Surveys (CSUR)},
  volume={54},
  number={5},
  pages={1--36},
  year={2021},
  publisher={ACM New York, NY, USA}
}


@article{narducci2020investigation,
  title={An investigation on the user interaction modes of conversational recommender systems for the music domain},
  author={Narducci, Fedelucio and Basile, Pierpaolo and de Gemmis, Marco and Lops, Pasquale and Semeraro, Giovanni},
  journal={User Modeling and User-Adapted Interaction},
  volume={30},
  pages={251--284},
  year={2020},
  publisher={Springer}
}


@inproceedings{feng2024mapping,
  title={Mapping the Design Space of Teachable Social Media Feed Experiences},
  author={Feng, KJ Kevin and Koo, Xander and Tan, Lawrence and Bruckman, Amy and McDonald, David W and Zhang, Amy X},
  booktitle={Proceedings of the CHI Conference on Human Factors in Computing Systems},
  pages={1--20},
  year={2024}
}

@inproceedings{sharma2024generative,
  title={Generative Echo Chamber? Effect of LLM-Powered Search Systems on Diverse Information Seeking},
  author={Sharma, Nikhil and Liao, Q Vera and Xiao, Ziang},
  booktitle={Proceedings of the CHI Conference on Human Factors in Computing Systems},
  pages={1--17},
  year={2024}
}

@inproceedings{anelli2024sixth,
  title={Sixth Knowledge-aware and Conversational Recommender Systems Workshop (KaRS)},
  author={Anelli, Vito Walter and Ferrara, Antonio and Musto, Cataldo and Narducci, Fedelucio and Ragone, Azzurra and Zanker, Markus},
  booktitle={Proceedings of the 18th ACM Conference on Recommender Systems},
  pages={1245--1249},
  year={2024}
}

@inproceedings{nimmo2024user,
  title={User Characteristics in Explainable AI: The Rabbit Hole of Personalization?},
  author={Nimmo, Robert and Constantinides, Marios and Zhou, Ke and Quercia, Daniele and Stumpf, Simone},
  booktitle={Proceedings of the CHI Conference on Human Factors in Computing Systems},
  pages={1--13},
  year={2024}
}

@inproceedings{petruzzelli2024towards,
  title={Towards Symbiotic Recommendations: Leveraging LLMs for Conversational Recommendation Systems},
  author={Petruzzelli, Alessandro},
  booktitle={Proceedings of the 18th ACM Conference on Recommender Systems},
  pages={1361--1367},
  year={2024}
}

@inproceedings{acharya2023llm,
  title={Llm based generation of item-description for recommendation system},
  author={Acharya, Arkadeep and Singh, Brijraj and Onoe, Naoyuki},
  booktitle={Proceedings of the 17th ACM Conference on Recommender Systems},
  pages={1204--1207},
  year={2023}
}

@inproceedings{kim2023investigating,
  title={Investigating How Users Design Everyday Intelligent Systems in Use},
  author={Kim, Hankyung and Lim, Youn-Kyung},
  booktitle={Proceedings of the 2023 ACM Designing Interactive Systems Conference},
  pages={702--711},
  year={2023}
}


@inproceedings{zhang2024see,
  title={See Widely, Think Wisely: Toward Designing a Generative Multi-agent System to Burst Filter Bubbles},
  author={Zhang, Yu and Sun, Jingwei and Feng, Li and Yao, Cen and Fan, Mingming and Zhang, Liuxin and Wang, Qianying and Geng, Xin and Rui, Yong},
  booktitle={Proceedings of the CHI Conference on Human Factors in Computing Systems},
  pages={1--24},
  year={2024}
}

@inproceedings{bao2023large,
  title={Large language models for recommendation: Progresses and future directions},
  author={Bao, Keqin and Zhang, Jizhi and Zhang, Yang and Wenjie, Wang and Feng, Fuli and He, Xiangnan},
  booktitle={Proceedings of the Annual International ACM SIGIR Conference on Research and Development in Information Retrieval in the Asia Pacific Region},
  pages={306--309},
  year={2023}
}

@inproceedings{wang2024large,
  title={Large Language Models as Data Augmenters for Cold-Start Item Recommendation},
  author={Wang, Jianling and Lu, Haokai and Caverlee, James and Chi, Ed H and Chen, Minmin},
  booktitle={Companion Proceedings of the ACM on Web Conference 2024},
  pages={726--729},
  year={2024}
}

@inproceedings{zhu2024reliable,
  title={How Reliable is Your Simulator? Analysis on the Limitations of Current LLM-based User Simulators for Conversational Recommendation},
  author={Zhu, Lixi and Huang, Xiaowen and Sang, Jitao},
  booktitle={Companion Proceedings of the ACM on Web Conference 2024},
  pages={1726--1732},
  year={2024}
}

@article{friedman2023leveraging,
  title={Leveraging large language models in conversational recommender systems},
  author={Friedman, Luke and Ahuja, Sameer and Allen, David and Tan, Zhenning and Sidahmed, Hakim and Long, Changbo and Xie, Jun and Schubiner, Gabriel and Patel, Ajay and Lara, Harsh and others},
  journal={arXiv preprint arXiv:2305.07961},
  year={2023}
}


@article{gao2023chat,
  title={Chat-rec: Towards interactive and explainable llms-augmented recommender system},
  author={Gao, Yunfan and Sheng, Tao and Xiang, Youlin and Xiong, Yun and Wang, Haofen and Zhang, Jiawei},
  journal={arXiv preprint arXiv:2303.14524},
  year={2023}
}

@inproceedings{kim2023help,
  title={" Help Me Help the AI": Understanding How Explainability Can Support Human-AI Interaction},
  author={Kim, Sunnie SY and Watkins, Elizabeth Anne and Russakovsky, Olga and Fong, Ruth and Monroy-Hern{\'a}ndez, Andr{\'e}s},
  booktitle={Proceedings of the 2023 CHI Conference on Human Factors in Computing Systems},
  pages={1--17},
  year={2023}
}

@article{urquhart2013using,
  title={Using grounded theory method in information systems: The researcher as blank slate and other myths},
  author={Urquhart, Cathy and Fern{\'a}ndez, Walter},
  journal={Journal of Information Technology},
  volume={28},
  pages={224--236},
  year={2013},
  publisher={Springer}
}

@inproceedings{andalibi2017sensitive,
  title={Sensitive Self-disclosures, Responses, and Social Support on Instagram: the case of\# depression},
  author={Andalibi, Nazanin and Ozturk, Pinar and Forte, Andrea},
  booktitle={Proceedings of the 2017 ACM conference on computer supported cooperative work and social computing},
  pages={1485--1500},
  year={2017}
}

@inproceedings{thieme2013design,
  title={Design to promote mindfulness practice and sense of self for vulnerable women in secure hospital services},
  author={Thieme, Anja and Wallace, Jayne and Johnson, Paula and McCarthy, John and Lindley, Si{\^a}n and Wright, Peter and Olivier, Patrick and Meyer, Thomas D},
  booktitle={Proceedings of the SIGCHI Conference on Human Factors in Computing Systems},
  pages={2647--2656},
  year={2013}
}

@inproceedings{baumer2015reflective,
  title={Reflective informatics: conceptual dimensions for designing technologies of reflection},
  author={Baumer, Eric PS},
  booktitle={Proceedings of the 33rd Annual ACM Conference on Human Factors in Computing Systems},
  pages={585--594},
  year={2015}
}

@inproceedings{bentvelzen2021technology,
  title={The Technology-Mediated Reflection Model: Barriers and Assistance in Data-Driven Reflection},
  author={Bentvelzen, Marit and Niess, Jasmin and Wo{\'z}niak, Pawe{\l} W},
  booktitle={Proceedings of the 2021 CHI Conference on Human Factors in Computing Systems},
  pages={1--12},
  year={2021}
}

@misc{ploderer2014social,
  title={Social interaction and reflection for behaviour change},
  author={Ploderer, Bernd and Reitberger, Wolfgang and Oinas-Kukkonen, Harri and van Gemert-Pijnen, Julia},
  journal={Personal and ubiquitous computing},
  volume={18},
  number={7},
  pages={1667--1676},
  year={2014},
  publisher={Springer}
}

@inproceedings{nissen2015data,
  title={Data-things: digital fabrication situated within participatory data translation activities},
  author={Nissen, Bettina and Bowers, John},
  booktitle={Proceedings of the 33rd Annual ACM Conference on Human Factors in Computing Systems},
  pages={2467--2476},
  year={2015}
}

@inproceedings{bhuiyan2018feedreflect,
  title={FeedReflect: A tool for nudging users to assess news credibility on twitter},
  author={Bhuiyan, Md Momen and Zhang, Kexin and Vick, Kelsey and Horning, Michael A and Mitra, Tanushree},
  booktitle={Companion of the 2018 ACM Conference on Computer Supported Cooperative Work and Social Computing},
  pages={205--208},
  year={2018}
}

@article{travers2011unveiling,
  title={Unveiling a reflective diary methodology for exploring the lived experiences of stress and coping},
  author={Travers, Cheryl},
  journal={Journal of Vocational Behavior},
  volume={79},
  number={1},
  pages={204--216},
  year={2011},
  publisher={Elsevier}
}

@incollection{elsden2014quantified,
  title={A quantified past: remembering with personal informatics},
  author={Elsden, Chris and Kirk, David S},
  booktitle={Proceedings of the 2014 companion publication on Designing interactive systems},
  pages={45--48},
  year={2014}
}

@inproceedings{elsden2017designing,
  title={Designing documentary informatics},
  author={Elsden, Chris and Durrant, Abigail C and Chatting, David and Kirk, David S},
  booktitle={Proceedings of the 2017 Conference on Designing Interactive Systems},
  pages={649--661},
  year={2017}
}

@article{elsden2016fitter,
  title={Fitter, happier, more productive: what to ask of a data-driven life},
  author={Elsden, Chris and Selby, Mark and Durrant, Abigail and Kirk, David},
  journal={interactions},
  volume={23},
  number={5},
  pages={45--45},
  year={2016},
  publisher={ACM New York, NY, USA}
}

@inproceedings{chung2017personal,
  title={When personal tracking becomes social: Examining the use of Instagram for healthy eating},
  author={Chung, Chia-Fang and Agapie, Elena and Schroeder, Jessica and Mishra, Sonali and Fogarty, James and Munson, Sean A},
  booktitle={Proceedings of the 2017 CHI Conference on human factors in computing systems},
  pages={1674--1687},
  year={2017}
}

@article{sas2011designing,
  title={Designing for reflection on personal experience},
  author={Sas, Corina and Dix, Alan},
  journal={International Journal of Human-Computer Studies},
  volume={69},
  number={5},
  pages={281--282},
  year={2011}
}

@inproceedings{epstein2015lived,
  title={A lived informatics model of personal informatics},
  author={Epstein, Daniel A and Ping, An and Fogarty, James and Munson, Sean A},
  booktitle={Proceedings of the 2015 ACM international joint conference on pervasive and ubiquitous computing},
  pages={731--742},
  year={2015}
}

@book{schon2017reflective,
  title={The reflective practitioner: How professionals think in action},
  author={Sch{\"o}n, Donald A},
  year={2017},
  publisher={Routledge}
}

@article{kersten2017personal,
  title={Personal informatics, self-insight, and behavior change: A critical review of current literature},
  author={Kersten-van Dijk, Elisabeth T and Westerink, Joyce HDM and Beute, Femke and IJsselsteijn, Wijnand A},
  journal={Human--Computer Interaction},
  volume={32},
  number={5-6},
  pages={268--296},
  year={2017},
  publisher={Taylor \& Francis}
}

@inproceedings{isaacs2013echoes,
  title={Echoes from the past: how technology mediated reflection improves well-being},
  author={Isaacs, Ellen and Konrad, Artie and Walendowski, Alan and Lennig, Thomas and Hollis, Victoria and Whittaker, Steve},
  booktitle={Proceedings of the SIGCHI conference on human factors in computing systems},
  pages={1071--1080},
  year={2013}
}

@inproceedings{baumer2015reflective,
  title={Reflective informatics: conceptual dimensions for designing technologies of reflection},
  author={Baumer, Eric PS},
  booktitle={Proceedings of the 33rd Annual ACM Conference on Human Factors in Computing Systems},
  pages={585--594},
  year={2015}
}

@inproceedings{baumer2014reviewing,
  title={Reviewing reflection: on the use of reflection in interactive system design},
  author={Baumer, Eric PS and Khovanskaya, Vera and Matthews, Mark and Reynolds, Lindsay and Schwanda Sosik, Victoria and Gay, Geri},
  booktitle={Proceedings of the 2014 conference on Designing interactive systems},
  pages={93--102},
  year={2014}
}

@article{choe2015characterizing,
  title={Characterizing visualization insights from quantified selfers' personal data presentations},
  author={Choe, Eun Kyoung and Lee, Bongshin and others},
  journal={IEEE computer graphics and applications},
  volume={35},
  number={4},
  pages={28--37},
  year={2015},
  publisher={IEEE}
}

@inproceedings{feuston2019everyday,
  title={Everyday experiences: small stories and mental illness on Instagram},
  author={Feuston, Jessica L and Piper, Anne Marie},
  booktitle={Proceedings of the 2019 CHI conference on human factors in computing systems},
  pages={1--14},
  year={2019}
}

@inproceedings{gaver2003ambiguity,
  title={Ambiguity as a resource for design},
  author={Gaver, William W and Beaver, Jacob and Benford, Steve},
  booktitle={Proceedings of the SIGCHI conference on Human factors in computing systems},
  pages={233--240},
  year={2003}
}

@inproceedings{gaver2006history,
  title={The history tablecloth: illuminating domestic activity},
  author={Gaver, William and Bowers, John and Boucher, Andy and Law, Andy and Pennington, Sarah and Villar, Nicholas},
  booktitle={Proceedings of the 6th conference on Designing Interactive systems},
  pages={199--208},
  year={2006}
}

@inproceedings{li2010stage,
  title={A stage-based model of personal informatics systems},
  author={Li, Ian and Dey, Anind and Forlizzi, Jodi},
  booktitle={Proceedings of the SIGCHI conference on human factors in computing systems},
  pages={557--566},
  year={2010}
}

@inproceedings{li2011understanding,
  title={Understanding my data, myself: supporting self-reflection with ubicomp technologies},
  author={Li, Ian and Dey, Anind K and Forlizzi, Jodi},
  booktitle={Proceedings of the 13th international conference on Ubiquitous computing},
  pages={405--414},
  year={2011}
}

@inproceedings{isaacs2013echoes,
  title={Echoes from the past: how technology mediated reflection improves well-being},
  author={Isaacs, Ellen and Konrad, Artie and Walendowski, Alan and Lennig, Thomas and Hollis, Victoria and Whittaker, Steve},
  booktitle={Proceedings of the SIGCHI conference on human factors in computing systems},
  pages={1071--1080},
  year={2013}
}

@article{wright2001mastery,
  title={Mastery or mystery? Therapeutic writing: A review of the literature},
  author={Wright, Jeannie and Chung, Man Cheung},
  journal={British Journal of Guidance \& Counselling},
  volume={29},
  number={3},
  pages={277--291},
  year={2001},
  publisher={Taylor \& Francis}
}

@article{moon1999reflection,
  title={Reflection in learning \& professional development: Theory and practice. oxon: RoutledgeFalmer},
  author={Moon, JA},
  year={1999}
}

@article{kalnikaite2011saunter,
  title={A saunter down memory lane: Digital reflection on personal mementos},
  author={Kalnikait{\.e}, Vaiva and Whittaker, Steve},
  journal={International Journal of Human-Computer Studies},
  volume={69},
  number={5},
  pages={298--310},
  year={2011},
  publisher={Elsevier}
}

@inproceedings{karaturhan2021layer,
  title={Layer Zero: An Approach for Deepening Self-reflection on Instagram Shares},
  author={Karaturhan, Pelin and Yanta{\c{c}}, Asim Evren and Kuscu, Kemal},
  booktitle={International Conference on Human-Computer Interaction},
  pages={352--372},
  year={2021},
  organization={Springer}
}

@article{collie2006narrative,
  title={A narrative view of art therapy and art making by women with breast cancer},
  author={Collie, Kate and Bottorff, Joan L and Long, Bonita C},
  journal={Journal of Health Psychology},
  volume={11},
  number={5},
  pages={761--775},
  year={2006},
  publisher={Sage Publications Sage CA: Thousand Oaks, CA}
}

@article{kocielnik2018reflection,
  title={Reflection companion: a conversational system for engaging users in reflection on physical activity},
  author={Kocielnik, Rafal and Xiao, Lillian and Avrahami, Daniel and Hsieh, Gary},
  journal={Proceedings of the ACM on Interactive, Mobile, Wearable and Ubiquitous Technologies},
  volume={2},
  number={2},
  pages={1--26},
  year={2018},
  publisher={ACM New York, NY, USA}
}

@article{hallnas2001slow,
  title={Slow technology--designing for reflection},
  author={Halln{\"a}s, Lars and Redstr{\"o}m, Johan},
  journal={Personal and ubiquitous computing},
  volume={5},
  number={3},
  pages={201--212},
  year={2001},
  publisher={Springer}
}

@inproceedings{lee2020dayclo,
  title={DayClo: an everyday table clock providing interaction with personal schedule data for self-reflection},
  author={Lee, Kyung-Ryong and Ju, Somi and Dzhoroev, Temirlan and Goh, Geonil and Lee, Moon-Hwan and Park, Young-Woo},
  booktitle={Proceedings of the 2020 ACM Designing Interactive Systems Conference},
  pages={1793--1806},
  year={2020}
}

@incollection{li2010know,
  title={Know thyself: monitoring and reflecting on facets of one's life},
  author={Li, Ian and Forlizzi, Jodi and Dey, Anind},
  booktitle={CHI'10 Extended Abstracts on Human Factors in Computing Systems},
  pages={4489--4492},
  year={2010}
}

@inproceedings{mols2012dear,
  title={Dear diary: a design exploration on motivating reflective diary writing},
  author={Mols, Ine and Markopoulos, Panos},
  booktitle={Persuasive Technology: Design for Health and Safety; The 7th International Conference on Persuasive Technology; PERSUASIVE 2012; Link{\"o}ping; Sweden; June 6-8; Adjunct Proceedings},
  number={068},
  pages={29--32},
  year={2012},
  organization={Link{\"o}ping University Electronic Press}
}

@article{braun2006using,
  title={Using thematic analysis in psychology},
  author={Braun, Virginia and Clarke, Victoria},
  journal={Qualitative research in psychology},
  volume={3},
  number={2},
  pages={77--101},
  year={2006},
  publisher={Taylor \& Francis}
}

@book{strauss1987qualitative,
  title={Qualitative analysis for social scientists},
  author={Strauss, Anselm L},
  year={1987},
  publisher={Cambridge university press}
}

@inproceedings{bentvelzen2021technology,
  title={The technology-mediated reflection model: Barriers and assistance in data-driven reflection},
  author={Bentvelzen, Marit and Niess, Jasmin and Wo{\'z}niak, Pawe{\l} W},
  booktitle={Proceedings of the 2021 CHI Conference on Human Factors in Computing Systems},
  pages={1--12},
  year={2021}
}

@inproceedings{mols2016technologies,
  title={Technologies for everyday life reflection: Illustrating a design space},
  author={Mols, Ine and Van Den Hoven, Elise and Eggen, Berry},
  booktitle={Proceedings of the TEI'16: Tenth International Conference on Tangible, Embedded, and Embodied Interaction},
  pages={53--61},
  year={2016}
}

@inproceedings{mols2016informing,
  title={Informing design for reflection: an overview of current everyday practices},
  author={Mols, Ine and Van den Hoven, Elise and Eggen, Berry},
  booktitle={Proceedings of the 9th Nordic Conference on Human-Computer Interaction},
  pages={1--10},
  year={2016}
}

@inproceedings{mols2020everyday,
  title={Everyday life reflection: Exploring media interaction with balance, cogito \& dott},
  author={Mols, Ine and Van Den Hoven, Elise and Eggen, Berry},
  booktitle={Proceedings of the Fourteenth International Conference on Tangible, Embedded, and Embodied Interaction},
  pages={67--79},
  year={2020}
}

@inproceedings{nguyen2016nowandthen,
  title={NowAndThen: a social network-based photo recommendation tool supporting reminiscence},
  author={Nguyen, Vinh-Tiep and Le, Khanh-Duy and Tran, Minh-Triet and Fjeld, Morten},
  booktitle={Proceedings of the 15th International Conference on Mobile and Ubiquitous Multimedia},
  pages={159--168},
  year={2016}
}

@inproceedings{sengers2005reflective,
  title={Reflective design},
  author={Sengers, Phoebe and Boehner, Kirsten and David, Shay and Kaye, Joseph'Jofish'},
  booktitle={Proceedings of the 4th decennial conference on Critical computing: between sense and sensibility},
  pages={49--58},
  year={2005}
}

@inproceedings{fleck2010reflecting,
  title={Reflecting on reflection: framing a design landscape},
  author={Fleck, Rowanne and Fitzpatrick, Geraldine},
  booktitle={Proceedings of the 22nd Conference of the Computer-Human Interaction Special Interest Group of Australia on Computer-Human Interaction},
  pages={216--223},
  year={2010}
}

@inproceedings{huron2014constructive,
  title={Constructive visualization},
  author={Huron, Samuel and Carpendale, Sheelagh and Thudt, Alice and Tang, Anthony and Mauerer, Michael},
  booktitle={Proceedings of the 2014 conference on Designing interactive systems},
  pages={433--442},
  year={2014}
}

@article{schacter2007cognitive,
  title={The cognitive neuroscience of constructive memory: remembering the past and imagining the future},
  author={Schacter, Daniel L and Addis, Donna Rose},
  journal={Philosophical Transactions of the Royal Society B: Biological Sciences},
  volume={362},
  number={1481},
  pages={773--786},
  year={2007},
  publisher={The Royal Society London}
}

@inproceedings{sengers2005reflective,
  title={Reflective design},
  author={Sengers, Phoebe and Boehner, Kirsten and David, Shay and Kaye, Joseph'Jofish'},
  booktitle={Proceedings of the 4th decennial conference on Critical computing: between sense and sensibility},
  pages={49--58},
  year={2005}
}

@inproceedings{slovak2017reflective,
  title={Reflective practicum: A framework of sensitising concepts to design for transformative reflection},
  author={Slov{\'a}k, Petr and Frauenberger, Christopher and Fitzpatrick, Geraldine},
  booktitle={Proceedings of the 2017 CHI Conference on Human Factors in Computing Systems},
  pages={2696--2707},
  year={2017}
}

@inproceedings{staahl2008reflecting,
  title={Reflecting on the design process of the Affective Diary},
  author={St{\aa}hl, Anna and H{\"o}{\"o}k, Kristina},
  booktitle={Proceedings of the 5th Nordic conference on Human-computer interaction: building bridges},
  pages={559--564},
  year={2008}
}

@inproceedings{consolvo2009theory,
  title={Theory-driven design strategies for technologies that support behavior change in everyday life},
  author={Consolvo, Sunny and McDonald, David W and Landay, James A},
  booktitle={Proceedings of the SIGCHI conference on human factors in computing systems},
  pages={405--414},
  year={2009}
}

@article{thomas2018exploring,
  title={Exploring digital remediation in support of personal reflection},
  author={Thomas, Lisa and Briggs, Pam and Kerrigan, Finola and Hart, Andrew},
  journal={International Journal of Human-Computer Studies},
  volume={110},
  pages={53--62},
  year={2018},
  publisher={Elsevier}
}

@inproceedings{thudt2018self,
  title={Self-reflection and personal physicalization construction},
  author={Thudt, Alice and Hinrichs, Uta and Huron, Samuel and Carpendale, Sheelagh},
  booktitle={Proceedings of the 2018 CHI Conference on Human Factors in Computing Systems},
  pages={1--13},
  year={2018}
}

@article{staudinger2001life,
  title={Life reflection: A social--cognitive analysis of life review},
  author={Staudinger, Ursula M},
  journal={Review of general psychology},
  volume={5},
  number={2},
  pages={148--160},
  year={2001},
  publisher={SAGE Publications Sage CA: Los Angeles, CA}
}

@inproceedings{gaver2006history,
  title={The history tablecloth: illuminating domestic activity},
  author={Gaver, William and Bowers, John and Boucher, Andy and Law, Andy and Pennington, Sarah and Villar, Nicholas},
  booktitle={Proceedings of the 6th conference on Designing Interactive systems},
  pages={199--208},
  year={2006}
}

@inproceedings{alqahtani2020role,
  title={The Role of Uncertainty as a Facilitator to Reflection in Self-Tracking},
  author={Alqahtani, Deemah and Jay, Caroline and Vigo, Markel},
  booktitle={Proceedings of the 2020 ACM Designing Interactive Systems Conference},
  pages={1807--1818},
  year={2020}
}

@article{conway2000construction,
  title={The construction of autobiographical memories in the self-memory system.},
  author={Conway, Martin A and Pleydell-Pearce, Christopher W},
  journal={Psychological review},
  volume={107},
  number={2},
  pages={261},
  year={2000},
  publisher={American Psychological Association}
}

@inproceedings{ekstrand2016behaviorism,
  title={Behaviorism is not enough: better recommendations through listening to users},
  author={Ekstrand, Michael D and Willemsen, Martijn C},
  booktitle={Proceedings of the 10th ACM conference on recommender systems},
  pages={221--224},
  year={2016}
}

@inproceedings{elsden2016metadating,
  title={Metadating: exploring the romance and future of personal data},
  author={Elsden, Chris and Nissen, Bettina and Garbett, Andrew and Chatting, David and Kirk, David and Vines, John},
  booktitle={Proceedings of the 2016 CHI Conference on Human Factors in Computing Systems},
  pages={685--698},
  year={2016}
}

@article{lim2012discovery,
  title={Discovery-driven prototyping for user-driven creativity},
  author={Lim, Youn-kyung and Kim, Daesung and Jo, Jaesung and Woo, Jong-bum},
  journal={IEEE Pervasive Computing},
  volume={12},
  number={3},
  pages={74--80},
  year={2012},
  publisher={IEEE}
}

@article{yu2020semantic,
  title={Semantic-aware spatio-temporal app usage representation via graph convolutional network},
  author={Yu, Yue and Xia, Tong and Wang, Huandong and Feng, Jie and Li, Yong},
  journal={Proceedings of the ACM on Interactive, Mobile, Wearable and Ubiquitous Technologies},
  volume={4},
  number={3},
  pages={1--24},
  year={2020},
  publisher={ACM New York, NY, USA}
}

@inproceedings{yin2013app,
  title={App recommendation: a contest between satisfaction and temptation},
  author={Yin, Peifeng and Luo, Ping and Lee, Wang-Chien and Wang, Min},
  booktitle={Proceedings of the sixth ACM international conference on Web search and data mining},
  pages={395--404},
  year={2013}
}

@inproceedings{cho2022reflection,
  title={Reflection in theory and reflection in practice: An exploration of the gaps in reflection support among personal informatics apps},
  author={Cho, Janghee and Xu, Tian and Zimmermann-Niefield, Abigail and Voida, Stephen},
  booktitle={Proceedings of the 2022 CHI Conference on Human Factors in Computing Systems},
  pages={1--23},
  year={2022}
}

@inproceedings{lindstrom2006affective,
  title={Affective diary: designing for bodily expressiveness and self-reflection},
  author={Lindstr{\"o}m, Madelene and St{\aa}hl, Anna and H{\"o}{\"o}k, Kristina and Sundstr{\"o}m, Petra and Laaksolathi, Jarmo and Combetto, Marco and Taylor, Alex and Bresin, Roberto},
  booktitle={CHI'06 extended abstracts on Human factors in computing systems},
  pages={1037--1042},
  year={2006}
}

@inproceedings{kim2022prediction,
  title={Prediction for retrospection: Integrating algorithmic stress prediction into personal informatics systems for college students’ mental health},
  author={Kim, Taewan and Kim, Haesoo and Lee, Ha Yeon and Goh, Hwarang and Abdigapporov, Shakhboz and Jeong, Mingon and Cho, Hyunsung and Han, Kyungsik and Noh, Youngtae and Lee, Sung-Ju and others},
  booktitle={Proceedings of the 2022 CHI Conference on Human Factors in Computing Systems},
  pages={1--20},
  year={2022}
}

@inproceedings{rajcic2020mirror,
  title={Mirror ritual: An affective interface for emotional self-reflection},
  author={Rajcic, Nina and McCormack, Jon},
  booktitle={Proceedings of the 2020 CHI conference on human factors in computing systems},
  pages={1--13},
  year={2020}
}

@inproceedings{karyda2021data,
  title={Data Agents: Promoting Reflection through Meaningful Representations of Personal Data in Everyday Life},
  author={Karyda, Maria and Mekler, Elisa D and Lucero, Andr{\'e}s},
  booktitle={Proceedings of the 2021 CHI Conference on Human Factors in Computing Systems},
  pages={1--11},
  year={2021}
}


@inproceedings{isaacs2013echoes,
  title={Echoes from the past: how technology mediated reflection improves well-being},
  author={Isaacs, Ellen and Konrad, Artie and Walendowski, Alan and Lennig, Thomas and Hollis, Victoria and Whittaker, Steve},
  booktitle={Proceedings of the SIGCHI conference on human factors in computing systems},
  pages={1071--1080},
  year={2013}
}

@inproceedings{bhuiyan2022othertube,
  title={OtherTube: Facilitating Content Discovery and Reflection by Exchanging YouTube Recommendations with Strangers},
  author={Bhuiyan, Md Momen and Bautista Isaza, Carlos Augusto and Mitra, Tanushree and Lee, Sang Won},
  booktitle={Proceedings of the 2022 CHI Conference on Human Factors in Computing Systems},
  pages={1--17},
  year={2022}
}


@article{frohlich2013rediscovery,
  title={Rediscovery of forgotten images in domestic photo collections},
  author={Frohlich, David M and Wall, Steven and Kiddle, Graham},
  journal={Personal and ubiquitous computing},
  volume={17},
  number={4},
  pages={729--740},
  year={2013},
  publisher={Springer}
}

@inproceedings{harambam2019designing,
  title={Designing for the better by taking users into account: A qualitative evaluation of user control mechanisms in (news) recommender systems},
  author={Harambam, Jaron and Bountouridis, Dimitrios and Makhortykh, Mykola and Van Hoboken, Joris},
  booktitle={Proceedings of the 13th ACM Conference on Recommender Systems},
  pages={69--77},
  year={2019}
}

@article{knijnenburg2012explaining,
  title={Explaining the user experience of recommender systems},
  author={Knijnenburg, Bart P and Willemsen, Martijn C and Gantner, Zeno and Soncu, Hakan and Newell, Chris},
  journal={User modeling and user-adapted interaction},
  volume={22},
  number={4},
  pages={441--504},
  year={2012},
  publisher={Springer}
}

@inproceedings{knijnenburg2016recommender,
  title={Recommender systems for self-actualization},
  author={Knijnenburg, Bart P and Sivakumar, Saadhika and Wilkinson, Daricia},
  booktitle={Proceedings of the 10th acm conference on recommender systems},
  pages={11--14},
  year={2016}
}

@inproceedings{lee2015personalization,
  title={Personalization revisited: a reflective approach helps people better personalize health services and motivates them to increase physical activity},
  author={Lee, Min Kyung and Kim, Junsung and Forlizzi, Jodi and Kiesler, Sara},
  booktitle={Proceedings of the 2015 ACM International Joint Conference on Pervasive and Ubiquitous Computing},
  pages={743--754},
  year={2015}
}

@inproceedings{li2011understanding,
  title={Understanding my data, myself: supporting self-reflection with ubicomp technologies},
  author={Li, Ian and Dey, Anind K and Forlizzi, Jodi},
  booktitle={Proceedings of the 13th international conference on Ubiquitous computing},
  pages={405--414},
  year={2011}
}

@inproceedings{loepp2015blended,
  title={Blended recommending: Integrating interactive information filtering and algorithmic recommender techniques},
  author={Loepp, Benedikt and Herrmanny, Katja and Ziegler, J{\"u}rgen},
  booktitle={Proceedings of the 33rd Annual ACM Conference on Human Factors in Computing Systems},
  pages={975--984},
  year={2015}
}

@inproceedings{lukoff2021design,
  title={How the design of youtube influences user sense of agency},
  author={Lukoff, Kai and Lyngs, Ulrik and Zade, Himanshu and Liao, J Vera and Choi, James and Fan, Kaiyue and Munson, Sean A and Hiniker, Alexis},
  booktitle={Proceedings of the 2021 CHI Conference on Human Factors in Computing Systems},
  pages={1--17},
  year={2021}
}

@inproceedings{mols2014making,
  title={Making memories: a cultural probe study into the remembering of everyday life},
  author={Mols, Ine and Hoven, Elise van den and Eggen, Berry},
  booktitle={Proceedings of the 8th Nordic Conference on Human-Computer Interaction: Fun, Fast, Foundational},
  pages={256--265},
  year={2014}
}

@book{pariser2011filter,
  title={The filter bubble: How the new personalized web is changing what we read and how we think},
  author={Pariser, Eli},
  year={2011},
  publisher={Penguin}
}

@article{petrelli2014photo,
  title={Photo mementos: Designing digital media to represent ourselves at home},
  author={Petrelli, Daniela and Bowen, Simon and Whittaker, Steve},
  journal={International Journal of Human-Computer Studies},
  volume={72},
  number={3},
  pages={320--336},
  year={2014},
  publisher={Elsevier}
}

@article{pu2012evaluating,
  title={Evaluating recommender systems from the user’s perspective: survey of the state of the art},
  author={Pu, Pearl and Chen, Li and Hu, Rong},
  journal={User Modeling and User-Adapted Interaction},
  volume={22},
  number={4},
  pages={317--355},
  year={2012},
  publisher={Springer}
}

@inproceedings{rani2021curiosity,
  title={Curiosity-Inspired Learning: Insitu versus Post-Event Approaches to Recall and Reflection},
  author={Rani, Neha and Chu, Sharon Lynn and Williamson, Yvette G and Wu, Sindy},
  booktitle={Extended Abstracts of the 2021 CHI Conference on Human Factors in Computing Systems},
  pages={1--6},
  year={2021}
}

@inproceedings{schoenebeck2014giving,
  title={Giving up Twitter for Lent: how and why we take breaks from social media},
  author={Schoenebeck, Sarita Yardi},
  booktitle={Proceedings of the SIGCHI Conference on Human Factors in Computing Systems},
  pages={773--782},
  year={2014}
}

@inproceedings{sullivan2019reading,
  title={Reading news with a purpose: Explaining user profiles for self-actualization},
  author={Sullivan, Emily and Bountouridis, Dimitrios and Harambam, Jaron and Najafian, Shabnam and Loecherbach, Felicia and Makhortykh, Mykola and Kelen, Domokos and Wilkinson, Daricia and Graus, David and Tintarev, Nava},
  booktitle={Adjunct Publication of the 27th Conference on User Modeling, Adaptation and Personalization},
  pages={241--245},
  year={2019}
}

@incollection{tintarev2011designing,
  title={Designing and evaluating explanations for recommender systems},
  author={Tintarev, Nava and Masthoff, Judith},
  booktitle={Recommender systems handbook},
  pages={479--510},
  year={2011},
  publisher={Springer}
}

@inproceedings{wilkinson2018testing,
  title={Testing a recommender system for self-actualization},
  author={Wilkinson, Daricia},
  booktitle={Proceedings of the 12th acm conference on recommender systems},
  pages={543--547},
  year={2018}
}

@inproceedings{wirfs2020giving,
  title={Giving voice to silent data: Designing with personal music listening history},
  author={Wirfs-Brock, Jordan and Mennicken, Sarah and Thom, Jennifer},
  booktitle={Proceedings of the 2020 CHI Conference on Human Factors in Computing Systems},
  pages={1--11},
  year={2020}
}

@inproceedings{zhang2021nudge,
  title={Nudge for Reflection: More Than Just a Channel to Political Knowledge},
  author={Zhang, Weiyu and Yang, Tian and Tangi Perrault, Simon},
  booktitle={Proceedings of the 2021 CHI Conference on Human Factors in Computing Systems},
  pages={1--10},
  year={2021}
}

@book{bieri2011wollen,
  title={Wie wollen wir leben?},
  author={Bieri, Peter},
  year={2011},
  publisher={Residenz Verlag}
}

@inproceedings{nguyen2014improving,
  title={Improving recommender systems: user roles and lifecycles},
  author={Nguyen, Tien T},
  booktitle={Proceedings of the 8th ACM Conference on Recommender Systems},
  pages={417--420},
  year={2014}
}

@article{xiao2007commerce,
  title={E-commerce product recommendation agents: Use, characteristics, and impact},
  author={Xiao, Bo and Benbasat, Izak},
  journal={MIS quarterly},
  pages={137--209},
  year={2007},
  publisher={JSTOR}
}

@inproceedings{odom2014designing,
  title={Designing for slowness, anticipation and re-visitation: a long term field study of the photobox},
  author={Odom, William T and Sellen, Abigail J and Banks, Richard and Kirk, David S and Regan, Tim and Selby, Mark and Forlizzi, Jodi L and Zimmerman, John},
  booktitle={Proceedings of the SIGCHI Conference on Human Factors in Computing Systems},
  pages={1961--1970},
  year={2014}
}

@inproceedings{roldan2021pedagogical,
  title={Pedagogical Strategies for Reflection in Project-based HCI Education with End Users},
  author={Roldan, Wendy and Li, Ziyue and Gao, Xin and Kay Strickler, Sarah and Marie Hishikawa, Allison and E. Froehlich, Jon and Yip, Jason},
  booktitle={Designing Interactive Systems Conference 2021},
  pages={1846--1860},
  year={2021}
}

@inproceedings{hu2010design,
  title={Design and user issues in personality-based recommender systems},
  author={Hu, Rong},
  booktitle={Proceedings of the fourth ACM conference on Recommender systems},
  pages={357--360},
  year={2010}
}

@book{schon1984reflective,
  title={The reflective practitioner: How professionals think in action},
  author={Schon, Donald A},
  volume={5126},
  year={1984},
  publisher={Basic books}
}

@inproceedings{oleksik2008sonic,
  title={Sonic interventions: understanding and extending the domestic soundscape},
  author={Oleksik, Gerard and Frohlich, David and Brown, Lorna M and Sellen, Abigail},
  booktitle={Proceedings of the SIGCHI conference on Human Factors in computing systems},
  pages={1419--1428},
  year={2008}
}

레퍼런스 목록

@article{murthy2018content,
  title={Content-based music information retrieval (cb-mir) and its applications toward the music industry: A review},
  author={Murthy, YV Srinivasa and Koolagudi, Shashidhar G},
  journal={ACM Computing Surveys (CSUR)},
  volume={51},
  number={3},
  pages={1--46},
  year={2018},
  publisher={ACM New York, NY, USA}
}

@inproceedings{kim2021teaching,
  title={Teaching-learning interaction: a new concept for interaction design to support reflective user agency in intelligent systems},
  author={Kim, Hankyung and Lim, Youn-kyung},
  booktitle={Proceedings of the 2021 ACM Designing Interactive Systems Conference},
  pages={1544--1553},
  year={2021}
}

@inproceedings{bursztyn2021developing,
  title={Developing a conversational recommendation systemfor navigating limited options},
  author={Bursztyn, Victor S and Healey, Jennifer and Koh, Eunyee and Lipka, Nedim and Birnbaum, Larry},
  booktitle={Extended Abstracts of the 2021 CHI Conference on Human Factors in Computing Systems},
  pages={1--6},
  year={2021}
}

@inproceedings{radensky2023think,
  title={“I Think You Might Like This”: Exploring Effects of Confidence Signal Patterns on Trust in and Reliance on Conversational Recommender Systems},
  author={Radensky, Marissa and S{\'e}guin, Julie Anne and Lim, Jang Soo and Olson, Kristen and Geiger, Robert},
  booktitle={Proceedings of the 2023 ACM Conference on Fairness, Accountability, and Transparency},
  pages={792--804},
  year={2023}
}

@article{zhao2023recommender,
  title={Recommender systems in the era of large language models (llms)},
  author={Zhao, Zihuai and Fan, Wenqi and Li, Jiatong and Liu, Yunqing and Mei, Xiaowei and Wang, Yiqi and Wen, Zhen and Wang, Fei and Zhao, Xiangyu and Tang, Jiliang and others},
  journal={arXiv preprint arXiv:2307.02046},
  year={2023}
}

@article{wang2022trustworthy,
  title={Trustworthy recommender systems},
  author={Wang, Shoujin and Zhang, Xiuzhen and Wang, Yan and Ricci, Francesco},
  journal={ACM Transactions on Intelligent Systems and Technology},
  year={2022},
  publisher={ACM New York, NY}
}

@inproceedings{gao2024generative,
  title={Generative News Recommendation},
  author={Gao, Shen and Fang, Jiabao and Tu, Quan and Yao, Zhitao and Chen, Zhumin and Ren, Pengjie and Ren, Zhaochun},
  booktitle={Proceedings of the ACM on Web Conference 2024},
  pages={3444--3453},
  year={2024}
}

@inproceedings{silva2024leveraging,
  title={Leveraging ChatGPT for Automated Human-centered Explanations in Recommender Systems},
  author={Silva, {\'I}tallo and Marinho, Leandro and Said, Alan and Willemsen, Martijn C},
  booktitle={Proceedings of the 29th International Conference on Intelligent User Interfaces},
  pages={597--608},
  year={2024}
}

@inproceedings{sanner2023large,
  title={Large language models are competitive near cold-start recommenders for language-and item-based preferences},
  author={Sanner, Scott and Balog, Krisztian and Radlinski, Filip and Wedin, Ben and Dixon, Lucas},
  booktitle={Proceedings of the 17th ACM conference on recommender systems},
  pages={890--896},
  year={2023}
}

@article{lin2023can,
  title={How can recommender systems benefit from large language models: A survey},
  author={Lin, Jianghao and Dai, Xinyi and Xi, Yunjia and Liu, Weiwen and Chen, Bo and Zhang, Hao and Liu, Yong and Wu, Chuhan and Li, Xiangyang and Zhu, Chenxu and others},
  journal={arXiv preprint arXiv:2306.05817},
  year={2023}
}

@inproceedings{lubos2024llm,
  title={LLM-generated Explanations for Recommender Systems},
  author={Lubos, Sebastian and Tran, Thi Ngoc Trang and Felfernig, Alexander and Polat Erdeniz, Seda and Le, Viet-Man},
  booktitle={Adjunct Proceedings of the 32nd ACM Conference on User Modeling, Adaptation and Personalization},
  pages={276--285},
  year={2024}
}

@article{di2023evaluating,
  title={Evaluating chatgpt as a recommender system: A rigorous approach},
  author={Di Palma, Dario and Biancofiore, Giovanni Maria and Anelli, Vito Walter and Narducci, Fedelucio and Di Noia, Tommaso and Di Sciascio, Eugenio},
  journal={arXiv preprint arXiv:2309.03613},
  year={2023}
}

@inproceedings{dai2023uncovering,
  title={Uncovering chatgpt’s capabilities in recommender systems},
  author={Dai, Sunhao and Shao, Ninglu and Zhao, Haiyuan and Yu, Weijie and Si, Zihua and Xu, Chen and Sun, Zhongxiang and Zhang, Xiao and Xu, Jun},
  booktitle={Proceedings of the 17th ACM Conference on Recommender Systems},
  pages={1126--1132},
  year={2023}
}

@inproceedings{manzoor2024chatgpt,
  title={ChatGPT as a Conversational Recommender System: A User-Centric Analysis},
  author={Manzoor, Ahtsham and Ziegler, Samuel C and Garcia, Klaus Maria Pirker and Jannach, Dietmar},
  booktitle={Proceedings of the 32nd ACM Conference on User Modeling, Adaptation and Personalization},
  pages={267--272},
  year={2024}
}

@article{zhai2024actions,
  title={Actions speak louder than words: Trillion-parameter sequential transducers for generative recommendations},
  author={Zhai, Jiaqi and Liao, Lucy and Liu, Xing and Wang, Yueming and Li, Rui and Cao, Xuan and Gao, Leon and Gong, Zhaojie and Gu, Fangda and He, Michael and others},
  journal={arXiv preprint arXiv:2402.17152},
  year={2024}
}

@article{liu2023chatgpt,
  title={Is chatgpt a good recommender? a preliminary study},
  author={Liu, Junling and Liu, Chao and Zhou, Peilin and Lv, Renjie and Zhou, Kang and Zhang, Yan},
  journal={arXiv preprint arXiv:2304.10149},
  year={2023}
}

@article{li2023exploring,
  title={Exploring fine-tuning chatgpt for news recommendation},
  author={Li, Xinyi and Zhang, Yongfeng and Malthouse, Edward C},
  journal={arXiv preprint arXiv:2311.05850},
  year={2023}
}

@article{li2023large,
  title={Large language models for generative recommendation: A survey and visionary discussions},
  author={Li, Lei and Zhang, Yongfeng and Liu, Dugang and Chen, Li},
  journal={arXiv preprint arXiv:2309.01157},
  year={2023}
}

@article{li2023pbnr,
  title={Pbnr: Prompt-based news recommender system},
  author={Li, Xinyi and Zhang, Yongfeng and Malthouse, Edward C},
  journal={arXiv preprint arXiv:2304.07862},
  year={2023}
}

@inproceedings{pan2023understanding,
  title={Understanding and modeling passive-negative feedback for short-video sequential recommendation},
  author={Pan, Yunzhu and Gao, Chen and Chang, Jianxin and Niu, Yanan and Song, Yang and Gai, Kun and Jin, Depeng and Li, Yong},
  booktitle={Proceedings of the 17th ACM conference on recommender systems},
  pages={540--550},
  year={2023}
}

@article{schaffner2023don,
  title={Don't Let Netflix Drive the Bus: User's Sense of Agency Over Time and Content Choice on Netflix},
  author={Schaffner, Brennan and Stefanescu, Antonia and Campili, Olivia and Chetty, Marshini},
  journal={Proceedings of the ACM on human-computer interaction},
  volume={7},
  number={CSCW1},
  pages={1--32},
  year={2023},
  publisher={ACM New York, NY, USA}
}

@inproceedings{guo2018beyond,
  title={Beyond the top-n: algorithms that generate recommendations for self-actualization},
  author={Guo, Lijie},
  booktitle={Proceedings of the 12th acm conference on recommender systems},
  pages={573--577},
  year={2018}
}

@article{chu2020towards,
  title={Towards personalized movie selection for wellness: Investigating event-inspired movies},
  author={Chu, Sharon Lynn and Brown, Sarah and Park, Hannah and Spornhauer, Brittnie},
  journal={International Journal of Human--Computer Interaction},
  volume={36},
  number={16},
  pages={1514--1526},
  year={2020},
  publisher={Taylor \& Francis}
}

@inproceedings{tintarev2018knowing,
  title={Knowing the unknown: visualising consumption blind-spots in recommender systems},
  author={Tintarev, Nava and Rostami, Shahin and Smyth, Barry},
  booktitle={Proceedings of the 33rd annual ACM symposium on applied computing},
  pages={1396--1399},
  year={2018}
}

@article{guesmi2022interactive,
  title={Interactive visualizations of transparent user models for self-actualization: A human-centered design approach},
  author={Guesmi, Mouadh and Chatti, Mohamed Amine and Tayyar, Alptug and Ain, Qurat Ul and Joarder, Shoeb},
  journal={Multimodal Technologies and Interaction},
  volume={6},
  number={6},
  pages={42},
  year={2022},
  publisher={MDPI}
}

@inproceedings{han2023design,
  title={Design implications of generative AI systems for visual storytelling for young learners},
  author={Han, Ariel and Cai, Zhenyao},
  booktitle={Proceedings of the 22nd Annual ACM Interaction Design and Children Conference},
  pages={470--474},
  year={2023}
}

@inproceedings{chen2023closer,
  title={Closer Worlds: Using Generative AI to Facilitate Intimate Conversations},
  author={Chen, Tiffany and Lee, Cassandra and Mindel, Jessica R and Elhaouij, Neska and Picard, Rosalind},
  booktitle={Extended Abstracts of the 2023 CHI Conference on Human Factors in Computing Systems},
  pages={1--15},
  year={2023}
}

@inproceedings{wan2024metamorpheus,
  title={Metamorpheus: Interactive, Affective, and Creative Dream Narration Through Metaphorical Visual Storytelling},
  author={Wan, Qian and Feng, Xin and Bei, Yining and Gao, Zhiqi and Lu, Zhicong},
  booktitle={Proceedings of the CHI Conference on Human Factors in Computing Systems},
  pages={1--16},
  year={2024}
}

@inproceedings{ko2023large,
  title={Large-scale text-to-image generation models for visual artists’ creative works},
  author={Ko, Hyung-Kwon and Park, Gwanmo and Jeon, Hyeon and Jo, Jaemin and Kim, Juho and Seo, Jinwook},
  booktitle={Proceedings of the 28th international conference on intelligent user interfaces},
  pages={919--933},
  year={2023}
}

@inproceedings{wang2024roomdreaming,
  title={RoomDreaming: Generative-AI Approach to Facilitating Iterative, Preliminary Interior Design Exploration},
  author={Wang, Shun-Yu and Su, Wei-Chung and Chen, Serena and Tsai, Ching-Yi and Misztal, Marta and Cheng, Katherine M and Lin, Alwena and Chen, Yu and Chen, Mike Y},
  booktitle={Proceedings of the CHI Conference on Human Factors in Computing Systems},
  pages={1--20},
  year={2024}
}
@inproceedings{hoang2024artvista,
  title={ARtVista: Gateway To Empower Anyone Into Artist},
  author={Hoang, Trong-Vu and Nguyen, Quang-Binh and Ly, Duy-Nam and Le, Khanh-Duy and Nguyen, Tam and Tran, Minh-Triet and Le, Trung-Nghia},
  booktitle={Extended Abstracts of the CHI Conference on Human Factors in Computing Systems},
  pages={1--8},
  year={2024}
}

@inproceedings{dhawka2024better,
  title={Better Little People Pictures: Generative Creation of Demographically Diverse Anthropographics},
  author={Dhawka, Priya and Perera, Lauren and Willett, Wesley},
  booktitle={Proceedings of the CHI Conference on Human Factors in Computing Systems},
  pages={1--14},
  year={2024}
}

@inproceedings{wang2024promptcharm,
  title={PromptCharm: Text-to-Image Generation through Multi-modal Prompting and Refinement},
  author={Wang, Zhijie and Huang, Yuheng and Song, Da and Ma, Lei and Zhang, Tianyi},
  booktitle={Proceedings of the CHI Conference on Human Factors in Computing Systems},
  pages={1--21},
  year={2024}
}


@inproceedings{liu2022opal,
  title={Opal: Multimodal image generation for news illustration},
  author={Liu, Vivian and Qiao, Han and Chilton, Lydia},
  booktitle={Proceedings of the 35th Annual ACM Symposium on User Interface Software and Technology},
  pages={1--17},
  year={2022}
}

@inproceedings{wu2023styleme,
  title={Styleme: Towards intelligent fashion generation with designer style},
  author={Wu, Di and Yu, Zhiwang and Ma, Nan and Jiang, Jianan and Wang, Yuetian and Zhou, Guixiang and Deng, Hanhui and Li, Yi},
  booktitle={Proceedings of the 2023 CHI Conference on Human Factors in Computing Systems},
  pages={1--16},
  year={2023}
}

@inproceedings{ko2022we,
  title={We-toon: A Communication Support System between Writers and Artists in Collaborative Webtoon Sketch Revision},
  author={Ko, Hyung-Kwon and An, Subin and Park, Gwanmo and Kim, Seung Kwon and Kim, Daesik and Kim, Bohyoung and Jo, Jaemin and Seo, Jinwook},
  booktitle={Proceedings of the 35th Annual ACM Symposium on User Interface Software and Technology},
  pages={1--14},
  year={2022}
}

@inproceedings{xu2024examining,
  title={Examining Human Perception of Generative Content Replacement in Image Privacy Protection},
  author={Xu, Anran and Fang, Shitao and Yang, Huan and Hosio, Simo and Yatani, Koji},
  booktitle={Proceedings of the CHI Conference on Human Factors in Computing Systems},
  pages={1--16},
  year={2024}
}

@inproceedings{zeng2024intenttuner,
  title={IntentTuner: An Interactive Framework for Integrating Human Intentions in Fine-tuning Text-to-Image Generative Models},
  author={Zeng, Xingchen and Gao, Ziyao and Ye, Yilin and Zeng, Wei},
  booktitle={Proceedings of the CHI Conference on Human Factors in Computing Systems},
  pages={1--18},
  year={2024}
}

@inproceedings{fan2024contextcam,
  title={ContextCam: Bridging Context Awareness with Creative Human-AI Image Co-Creation},
  author={Fan, Xianzhe and Wu, Zihan and Yu, Chun and Rao, Fenggui and Shi, Weinan and Tu, Teng},
  booktitle={Proceedings of the CHI Conference on Human Factors in Computing Systems},
  pages={1--17},
  year={2024}
}

@inproceedings{kaminskas2013location,
  title={Location-aware music recommendation using auto-tagging and hybrid matching},
  author={Kaminskas, Marius and Ricci, Francesco and Schedl, Markus},
  booktitle={Proceedings of the 7th ACM Conference on Recommender Systems},
  pages={17--24},
  year={2013}
}

@inproceedings{hariri2012context,
  title={Context-aware music recommendation based on latenttopic sequential patterns},
  author={Hariri, Negar and Mobasher, Bamshad and Burke, Robin},
  booktitle={Proceedings of the sixth ACM conference on Recommender systems},
  pages={131--138},
  year={2012}
}

@inproceedings{hong2014context,
  title={Context-aware music recommendation in mobile smart devices},
  author={Hong, Jiwon and Hwang, Won-Seok and Kim, Jin-Hyung and Kim, Sang-Wook},
  booktitle={Proceedings of the 29th annual ACM symposium on applied computing},
  pages={1463--1468},
  year={2014}
}

@inproceedings{chen2013using,
  title={Using emotional context from article for contextual music recommendation},
  author={Chen, Chih-Ming and Tsai, Ming-Feng and Liu, Jen-Yu and Yang, Yi-Hsuan},
  booktitle={Proceedings of the 21st ACM international conference on Multimedia},
  pages={649--652},
  year={2013}
}

@inproceedings{kamath2024sound,
  title={Sound Designer-Generative AI Interactions: Towards Designing Creative Support Tools for Professional Sound Designers},
  author={Kamath, Purnima and Morreale, Fabio and Bagaskara, Priambudi Lintang and Wei, Yize and Nanayakkara, Suranga},
  booktitle={Proceedings of the CHI Conference on Human Factors in Computing Systems},
  pages={1--17},
  year={2024}
}

@inproceedings{lyu2024preliminary,
  title={A Preliminary Exploration of YouTubers' Use of Generative-AI in Content Creation},
  author={Lyu, Yao and Zhang, He and Niu, Shuo and Cai, Jie},
  booktitle={Extended Abstracts of the CHI Conference on Human Factors in Computing Systems},
  pages={1--7},
  year={2024}
}

@inproceedings{hua2024generative,
  title={Generative AI in User-Generated Content},
  author={Hua, Yiqing and Niu, Shuo and Cai, Jie and Chilton, Lydia B and Heuer, Hendrik and Wohn, Donghee Yvette},
  booktitle={Extended Abstracts of the CHI Conference on Human Factors in Computing Systems},
  pages={1--7},
  year={2024}
}

@inproceedings{tankelevitch2024metacognitive,
  title={The metacognitive demands and opportunities of generative AI},
  author={Tankelevitch, Lev and Kewenig, Viktor and Simkute, Auste and Scott, Ava Elizabeth and Sarkar, Advait and Sellen, Abigail and Rintel, Sean},
  booktitle={Proceedings of the CHI Conference on Human Factors in Computing Systems},
  pages={1--24},
  year={2024}
}

@inproceedings{weisz2024design,
  title={Design Principles for Generative AI Applications},
  author={Weisz, Justin D and He, Jessica and Muller, Michael and Hoefer, Gabriela and Miles, Rachel and Geyer, Werner},
  booktitle={Proceedings of the CHI Conference on Human Factors in Computing Systems},
  pages={1--22},
  year={2024}
}

@article{pazzani1999framework,
  title={A framework for collaborative, content-based and demographic filtering},
  author={Pazzani, Michael J},
  journal={Artificial intelligence review},
  volume={13},
  pages={393--408},
  year={1999},
  publisher={Springer}
}

@inproceedings{liao2022user,
  title={User trust in recommendation systems: A comparison of content-based, collaborative and demographic filtering},
  author={Liao, Mengqi and Sundar, S Shyam and B. Walther, Joseph},
  booktitle={Proceedings of the 2022 CHI conference on human factors in computing systems},
  pages={1--14},
  year={2022}
}

@inproceedings{nepal2024moodcapture,
  title={MoodCapture: Depression Detection Using In-the-Wild Smartphone Images},
  author={Nepal, Subigya and Pillai, Arvind and Wang, Weichen and Griffin, Tess and Collins, Amanda C and Heinz, Michael and Lekkas, Damien and Mirjafari, Shayan and Nemesure, Matthew and Price, George and others},
  booktitle={Proceedings of the CHI Conference on Human Factors in Computing Systems},
  pages={1--18},
  year={2024}
}

@inproceedings{park2024text,
  title={“Is Text-Based Music Search Enough to Satisfy Your Needs?” A New Way to Discover Music with Images},
  author={Park, Jeongeun and Shin, Hyorim and Oh, Changhoon and Kim, Ha Young},
  booktitle={Proceedings of the CHI Conference on Human Factors in Computing Systems},
  pages={1--21},
  year={2024}
}

@inproceedings{jin2024exploring,
  title={Exploring the Design of Generative AI in Supporting Music-based Reminiscence for Older Adults},
  author={Jin, Yucheng and Cai, Wanling and Chen, Li and Zhang, Yizhe and Doherty, Gavin and Jiang, Tonglin},
  booktitle={Proceedings of the CHI Conference on Human Factors in Computing Systems},
  pages={1--17},
  year={2024}
}


​​@inproceedings{jin2019contextplay,
  title={Contextplay: Evaluating user control for context-aware music recommendation},
  author={Jin, Yucheng and Htun, Nyi Nyi and Tintarev, Nava and Verbert, Katrien},
  booktitle={Proceedings of the 27th ACM conference on user modeling, adaptation and personalization},
  pages={294--302},
  year={2019}
}


@inproceedings{herlocker2000explaining,
  title={Explaining collaborative filtering recommendations},
  author={Herlocker, Jonathan L and Konstan, Joseph A and Riedl, John},
  booktitle={Proceedings of the 2000 ACM conference on Computer supported cooperative work},
  pages={241--250},
  year={2000}
}

@inproceedings{balog2023measuring,
  title={Measuring the Impact of Explanation Bias: A Study of Natural Language Justifications for Recommender Systems},
  author={Balog, Krisztian and Radlinski, Filip and Petrov, Andrey},
  booktitle={Extended Abstracts of the 2023 CHI Conference on Human Factors in Computing Systems},
  pages={1--8},
  year={2023}
}

@inproceedings{sinha2002role,
  title={The role of transparency in recommender systems},
  author={Sinha, Rashmi and Swearingen, Kirsten},
  booktitle={CHI'02 extended abstracts on Human factors in computing systems},
  pages={830--831},
  year={2002}
}

@inproceedings{kunkel2019let,
  title={Let me explain: Impact of personal and impersonal explanations on trust in recommender systems},
  author={Kunkel, Johannes and Donkers, Tim and Michael, Lisa and Barbu, Catalin-Mihai and Ziegler, J{\"u}rgen},
  booktitle={Proceedings of the 2019 CHI conference on human factors in computing systems},
  pages={1--12},
  year={2019}
}

@inproceedings{rader2018explanations,
  title={Explanations as mechanisms for supporting algorithmic transparency},
  author={Rader, Emilee and Cotter, Kelley and Cho, Janghee},
  booktitle={Proceedings of the 2018 CHI conference on human factors in computing systems},
  pages={1--13},
  year={2018}
}

@inproceedings{eslami2019user,
  title={User attitudes towards algorithmic opacity and transparency in online reviewing platforms},
  author={Eslami, Motahhare and Vaccaro, Kristen and Lee, Min Kyung and Elazari Bar On, Amit and Gilbert, Eric and Karahalios, Karrie},
  booktitle={Proceedings of the 2019 CHI Conference on Human Factors in Computing Systems},
  pages={1--14},
  year={2019}
}

@inproceedings{leong2024putting,
  title={Putting Things into Context: Generative AI-Enabled Context Personalization for Vocabulary Learning Improves Learning Motivation},
  author={Leong, Joanne and Pataranutaporn, Pat and Danry, Valdemar and Perteneder, Florian and Mao, Yaoli and Maes, Pattie},
  booktitle={Proceedings of the CHI Conference on Human Factors in Computing Systems},
  pages={1--15},
  year={2024}
}

@article{feng2024mapping,
  title={Mapping the Design Space of Teachable Social Media Feed Experiences},
  author={Feng, KJ and Koo, Xander and Tan, Lawrence and Bruckman, Amy and McDonald, David W and Zhang, Amy X},
  journal={arXiv preprint arXiv:2401.14000},
  year={2024}
}

@inproceedings{sun2023recommender,
  title={When Recommender Systems Snoop into Social Media, Users Trust them Less for Health Advice},
  author={Sun, Yuan and Drivas, Magdalayna and Liao, Mengqi and Sundar, S Shyam},
  booktitle={Proceedings of the 2023 CHI Conference on Human Factors in Computing Systems},
  pages={1--14},
  year={2023}
}

@inproceedings{schnabel2020doesn,
  title={“Who doesn’t like dinosaurs?” Finding and Eliciting Richer Preferences for Recommendation},
  author={Schnabel, Tobias and Ramos, Gonzalo and Amershi, Saleema},
  booktitle={Proceedings of the 14th ACM Conference on Recommender Systems},
  pages={398--407},
  year={2020}
}

@inproceedings{kim2023investigating,
  title={Investigating How Users Design Everyday Intelligent Systems in Use},
  author={Kim, Hankyung and Lim, Youn-Kyung},
  booktitle={Proceedings of the 2023 ACM Designing Interactive Systems Conference},
  pages={702--711},
  year={2023}
}

