@String(PAMI = {IEEE Trans. Pattern Anal. Mach. Intell.})
@String(IJCV = {Int. J. Comput. Vis.})
@String(CVPR= {IEEE Conf. Comput. Vis. Pattern Recog.})
@String(ICCV= {Int. Conf. Comput. Vis.})
@String(ECCV= {Eur. Conf. Comput. Vis.})
@String(NIPS= {Adv. Neural Inform. Process. Syst.})
@String(ICPR = {Int. Conf. Pattern Recog.})
@String(BMVC= {Brit. Mach. Vis. Conf.})
@String(TOG= {ACM Trans. Graph.})
@String(TIP  = {IEEE Trans. Image Process.})
@String(TVCG  = {IEEE Trans. Vis. Comput. Graph.})
@String(TMM  = {IEEE Trans. Multimedia})
@String(ACMMM= {ACM Int. Conf. Multimedia})
@String(ICME = {Int. Conf. Multimedia and Expo})
@String(ICASSP=	{ICASSP})
@String(ICIP = {IEEE Int. Conf. Image Process.})
@String(ACCV  = {ACCV})
@String(ICLR = {Int. Conf. Learn. Represent.})
@String(IJCAI = {IJCAI})
@String(PR   = {Pattern Recognition})
@String(AAAI = {AAAI})
@String(CVPRW= {IEEE Conf. Comput. Vis. Pattern Recog. Worksh.})
@String(CSVT = {IEEE Trans. Circuit Syst. Video Technol.})

@String(SPL	= {IEEE Sign. Process. Letters})
@String(VR   = {Vis. Res.})
@String(JOV	 = {J. Vis.})
@String(TVC  = {The Vis. Comput.})
@String(JCST  = {J. Comput. Sci. Tech.})
@String(CGF  = {Comput. Graph. Forum})
@String(CVM = {Computational Visual Media})


@String(PAMI  = {IEEE TPAMI})
@String(IJCV  = {IJCV})
@String(CVPR  = {CVPR})
@String(ICCV  = {ICCV})
@String(ECCV  = {ECCV})
@String(NIPS  = {NeurIPS})
@String(ICPR  = {ICPR})
@String(BMVC  =	{BMVC})
@String(TOG   = {ACM TOG})
@String(TIP   = {IEEE TIP})
@String(TVCG  = {IEEE TVCG})
@String(TCSVT = {IEEE TCSVT})
@String(TMM   =	{IEEE TMM})
@String(ACMMM = {ACM MM})
@String(ICME  =	{ICME})
@String(ICASSP=	{ICASSP})
@String(ICIP  = {ICIP})
@String(ACCV  = {ACCV})
@String(ICLR  = {ICLR})
@String(IJCAI = {IJCAI})
@String(PR = {PR})
@String(AAAI = {AAAI})
@String(CVPRW= {CVPRW})
@String(CSVT = {IEEE TCSVT})

@inproceedings{kenton2019bert,
  title={BERT: Pre-training of Deep Bidirectional Transformers for Language Understanding},
  author={Kenton, Jacob Devlin Ming-Wei Chang and Toutanova, Lee Kristina},
  booktitle={Proceedings of NAACL-HLT},
  pages={4171--4186},
  year={2019}
}

@article{shuvo2022efficient,
  title={Efficient acceleration of deep learning inference on resource-constrained edge devices: A review},
  author={Shuvo, Md Maruf Hossain and Islam, Syed Kamrul and Cheng, Jianlin and Morshed, Bashir I},
  journal={Proceedings of the IEEE},
  volume={111},
  number={1},
  pages={42--91},
  year={2022},
  publisher={IEEE}
}

@article{deng2020model,
  title={Model compression and hardware acceleration for neural networks: A comprehensive survey},
  author={Deng, Lei and Li, Guoqi and Han, Song and Shi, Luping and Xie, Yuan},
  journal={Proceedings of the IEEE},
  volume={108},
  number={4},
  pages={485--532},
  year={2020},
  publisher={IEEE}
}

@inproceedings{Clip-q,
  title={Clip-q: Deep network compression learning by in-parallel pruning-quantization},
  author={Tung, Frederick and Mori, Greg},
  booktitle={Proceedings of the IEEE conference on computer vision and pattern recognition},
  pages={7873--7882},
  year={2018}
}

@article{li2024markov,
  title={Markov-PQ: Joint Pruning-Quantization via Learnable Markov Chain},
  author={Li, Yunsong and Zhang, Xin and Xie, Weiying and Zhang, Jiaqing and Fang, Leyuan and Du, Jiawei},
  journal={IEEE Transactions on Circuits and Systems for Video Technology},
  year={2024},
  publisher={IEEE}
}

@article{balaskas2024hardware,
  title={Hardware-Aware {DNN} Compression via Diverse Pruning and Mixed-Precision Quantization},
  author={Balaskas, Konstantinos and Karatzas, Andreas and Sad, Christos and Siozios, Kostas and Anagnostopoulos, Iraklis and Zervakis, Georgios and others},
  journal={IEEE Transactions on Emerging Topics in Computing},
  year={2024},
  publisher={IEEE}
}

@misc{eval-harness,
  author       = {Gao, Leo and Tow, Jonathan and Abbasi, Baber and Biderman, Stella and Black, Sid and DiPofi, Anthony and Foster, Charles and Golding, Laurence and Hsu, Jeffrey and Le Noac'h, Alain and Li, Haonan and McDonell, Kyle and Muennighoff, Niklas and Ociepa, Chris and Phang, Jason and Reynolds, Laria and Schoelkopf, Hailey and Skowron, Aviya and Sutawika, Lintang and Tang, Eric and Thite, Anish and Wang, Ben and Wang, Kevin and Zou, Andy},
  title        = {A framework for few-shot language model evaluation},
  month        = 07,
  year         = 2024,
  publisher    = {Zenodo},
  version      = {v0.4.3},
  doi          = {10.5281/zenodo.12608602},
  url          = {https://zenodo.org/records/12608602}
}

@inproceedings{opq,
  title={Opq: Compressing deep neural networks with one-shot pruning-quantization},
  author={Hu, Peng and Peng, Xi and Zhu, Hongyuan and Aly, Mohamed M Sabry and Lin, Jie},
  booktitle={Proceedings of the AAAI conference on artificial intelligence},
  volume={35},
  pages={7780--7788},
  year={2021}
}

@inproceedings{dai2018compressing,
  title={Compressing neural networks using the variational information bottleneck},
  author={Dai, Bin and Zhu, Chen and Guo, Baining and Wipf, David},
  booktitle={International Conference on Machine Learning},
  pages={1135--1144},
  year={2018},
  organization={PMLR}
}

@inproceedings{yang2020deephoyer,
  title={DeepHoyer: Learning Sparser Neural Network with Differentiable Scale-Invariant Sparsity Measures},
  author={Huanrui Yang and Wei Wen and Hai Li},
  booktitle={International Conference on Learning Representations},
  year={2020},
  url={https://openreview.net/forum?id=rylBK34FDS}
}

@article{chen2020storage,
  title={Storage efficient and dynamic flexible runtime channel pruning via deep reinforcement learning},
  author={Chen, Jianda and Chen, Shangyu and Pan, Sinno Jialin},
  journal={Advances in neural information processing systems},
  volume={33},
  pages={14747--14758},
  year={2020}
}

@inproceedings{frankle2020linear,
  title={Linear mode connectivity and the lottery ticket hypothesis},
  author={Frankle, Jonathan and Dziugaite, Gintare Karolina and Roy, Daniel and Carbin, Michael},
  booktitle={International Conference on Machine Learning},
  pages={3259--3269},
  year={2020},
  organization={PMLR}
}

@inproceedings{dong2019hawq,
  title={Hawq: Hessian aware quantization of neural networks with mixed-precision},
  author={Dong, Zhen and Yao, Zhewei and Gholami, Amir and Mahoney, Michael W and Keutzer, Kurt},
  booktitle={Proceedings of the IEEE/CVF international conference on computer vision},
  pages={293--302},
  year={2019}
}

@inproceedings{hong2022cadyq,
  title={Cadyq: Content-aware dynamic quantization for image super-resolution},
  author={Hong, Cheeun and Baik, Sungyong and Kim, Heewon and Nah, Seungjun and Lee, Kyoung Mu},
  booktitle={European Conference on Computer Vision},
  pages={367--383},
  year={2022},
  organization={Springer}
}

@article{elthakeb2020releq,
  title={Releq: A reinforcement learning approach for automatic deep quantization of neural networks},
  author={Elthakeb, Ahmed T and Pilligundla, Prannoy and Mireshghallah, Fatemehsadat and Yazdanbakhsh, Amir and Esmaeilzadeh, Hadi},
  journal={IEEE micro},
  volume={40},
  number={5},
  pages={37--45},
  year={2020},
  publisher={IEEE}
}

@inproceedings{miriyala2024mixed,
  title={Mixed Precision Neural Quantization with Multi-Objective Bayesian Optimization for on-Device Deployment},
  author={Miriyala, Srinivas S and Suhas, PK and Tiwari, Utsav and Rajendiran, Vikram N},
  booktitle={ICASSP 2024-2024 IEEE International Conference on Acoustics, Speech and Signal Processing (ICASSP)},
  pages={6260--6264},
  year={2024},
  organization={IEEE}
}

@article{dong2020hawq,
  title={Hawq-v2: Hessian aware trace-weighted quantization of neural networks},
  author={Dong, Zhen and Yao, Zhewei and Arfeen, Daiyaan and Gholami, Amir and Mahoney, Michael W and Keutzer, Kurt},
  journal={Advances in neural information processing systems},
  volume={33},
  pages={18518--18529},
  year={2020}
}

@inproceedings{yao2021hawq,
  title={Hawq-v3: Dyadic neural network quantization},
  author={Yao, Zhewei and Dong, Zhen and Zheng, Zhangcheng and Gholami, Amir and Yu, Jiali and Tan, Eric and Wang, Leyuan and Huang, Qijing and Wang, Yida and Mahoney, Michael and others},
  booktitle={International Conference on Machine Learning},
  pages={11875--11886},
  year={2021},
  organization={PMLR}
}

@inproceedings{wang2020apq,
  title={Apq: Joint search for network architecture, pruning and quantization policy},
  author={Wang, Tianzhe and Wang, Kuan and Cai, Han and Lin, Ji and Liu, Zhijian and Wang, Hanrui and Lin, Yujun and Han, Song},
  booktitle={Proceedings of the IEEE/CVF Conference on Computer Vision and Pattern Recognition},
  pages={2078--2087},
  year={2020}
}

@article{li2024adaptive,
  title={An adaptive joint optimization framework for pruning and quantization},
  author={Li, Xiaohai and Yang, Xiaodong and Zhang, Yingwei and Yang, Jianrong and Chen, Yiqiang},
  journal={International Journal of Machine Learning and Cybernetics},
  pages={1--17},
  year={2024},
  publisher={Springer}
}

@book{nocedal1999numerical,
  title={Numerical optimization},
  author={Nocedal, Jorge and Wright, Stephen J},
  year={1999},
  publisher={Springer}
}

@article{bertsekas1997nonlinear,
  title={Nonlinear programming},
  author={Bertsekas, Dimitri P},
  journal={Journal of the Operational Research Society},
  volume={48},
  number={3},
  pages={334--334},
  year={1997},
  publisher={Taylor \& Francis}
}

@article{karen2014very,
  title={Very deep convolutional networks for large-scale image recognition},
  author={Karen, Simonyan},
  journal={arXiv preprint arXiv: 1409.1556},
  year={2014}
}

@techreport{krizhevsky2009learning,
  title={Learning multiple layers of features from tiny images},
  author={Krizhevsky, Alex and Hinton, Geoffrey and others},
  year={2009},
  publisher={Toronto, ON, Canada},
  institution={University of Toronto}
}
@inproceedings{zhang2017high,
  title={High-performance video content recognition with long-term recurrent convolutional network for FPGA},
  author={Zhang, Xiaofan and Liu, Xinheng and Ramachandran, Anand and Zhuge, Chuanhao and Tang, Shibin and Ouyang, Peng and Cheng, Zuofu and Rupnow, Kyle and Chen, Deming},
  booktitle={2017 27th International Conference on Field Programmable Logic and Applications (FPL)},
  pages={1--4},
  year={2017},
  organization={IEEE}
}

@inproceedings{hao2019fpga,
  title={{FPGA/DNN} co-design: An efficient design methodology for IoT intelligence on the edge},
  author={Hao, Cong and Zhang, Xiaofan and Li, Yuhong and Huang, Sitao and Xiong, Jinjun and Rupnow, Kyle and Hwu, Wen-mei and Chen, Deming},
  booktitle={Proceedings of the 56th Annual Design Automation Conference 2019},
  pages={1--6},
  year={2019}
}

@inproceedings{lin2019towards,
  title={Towards optimal structured {cnn} pruning via generative adversarial learning},
  author={Lin, Shaohui and Ji, Rongrong and Yan, Chenqian and Zhang, Baochang and Cao, Liujuan and Ye, Qixiang and Huang, Feiyue and Doermann, David},
  booktitle={Proceedings of the IEEE/CVF conference on computer vision and pattern recognition},
  pages={2790--2799},
  year={2019}
}

@INPROCEEDINGS{8916419,
  author={Huang, Sitao and Pearson, Carl and Nagi, Rakesh and Xiong, Jinjun and Chen, Deming and Hwu, Wen-mei},
  booktitle={2019 IEEE High Performance Extreme Computing Conference (HPEC)}, 
  title={Accelerating Sparse Deep Neural Networks on FPGAs}, 
  year={2019},
  pages={1-7},
}

@article{OTOv1,
    author = {Tianyi Chen and Bo Ji and Tianyu Ding and Biyi Fang and Guanyi Wang and Zhihui Zhu and Luming Liang and Yixin Shi and Sheng Yi and Xiao Tu},
    title = {Only Train Once (OTO): A One-Shot Neural Network Training And Pruning Framework },
    journal = {Neurips 2021},
    year = {2021}
}

@article{OTOv2,
    author = {Tianyi Chen and Luming Liang and Tianyu Ding, Ilya Zharkov and Zhihui Zhu},
    title ={OTOv2: Automatic, Generic, User-Friendly },
    journal = {ICLR 2023},
    year = {2023}
}

@article{harma2024effective,
  title={Effective Interplay between Sparsity and Quantization: From Theory to Practice},
  author={Harma, Simla Burcu and Chakraborty, Ayan and Kostenok, Elizaveta and Mishin, Danila and Ha, Dongho and Falsafi, Babak and Jaggi, Martin and Liu, Ming and Oh, Yunho and Subramanian, Suvinay and others},
  journal = {ICLR 2025},
   year = {2025}
}

@article{rajpurkar2016squad,
  title={Squad: 100,000+ questions for machine comprehension of text},
  author={Rajpurkar, Pranav and Zhang, Jian and Lopyrev, Konstantin and Liang, Percy},
  journal={arXiv preprint arXiv:1606.05250},
  year={2016}
}

@article{HSPG,
    author = {Yutong Dai and Tianyi Chen and Guanyi Wang Guanyi and Daniel P. Robinson},
    title = {An Adaptive Half-Space Projection Method for Stochastic Optimization Problems with Group Sparse Regularization},
    journal = {TMLR 2023},
    year = {2023}
}

@article{LORAShear,
    author = {Tianyi Chen and Tianyu Ding and Badal Yadav, Ilya Zharkov and Luming Liang},
    title = {LoRAShear: Efficient Large Language Model Structured Pruning and Knowledge Recovery},
    journal = {},
    year = {2023}
}

@article{OTOv3,
  title={OTOv3: Automatic Architecture-Agnostic Neural Network Training and Compression from Structured Pruning to Erasing Operators},
  author={Chen, Tianyi and Ding, Tianyu and Zhu, Zhihui and Chen, Zeyu and Wu, HsiangTao and Zharkov, Ilya and Liang, Luming},
  journal={arXiv preprint arXiv:2312.09411},
  year={2023}
}

@article{ADMM,
  title={A unified framework of DNN weight pruning and weight clustering/quantization using ADMM},
  author={Ye, Shaokai and Zhang, Tianyun and Zhang, Kaiqi and Li, Jiayu and Xie, Jiaming and Liang, Yun and Liu, Sijia and Lin, Xue and Wang, Yanzhi},
  journal={arXiv preprint arXiv:1811.01907},
  year={2018}
}
@article{SQL,
    author = {Yang, Haichuan and Shupeng, Gui and Yuhao, Zhu and Ji, Liu},
    title = {Automatic Neural Network Compression by Sparsity-Quantization Joint
Learning: A Constrained Optimization-based Approach},
    journal = {CVPR},
    year = {2020}
}
@article{QST,
    author = {Park, Jun-Hyung and Kim, Kang-Min and Lee, Sangkeun},
    title = {Quantized Sparse Training: A Unified Trainable Frameworrk for Joint Pruning and Quantization in DNNs},
    journal = {ACM Transactions on Embedded Computing Systems, Vol. 21, No. 5, Article 60},
    year = {2022}
}

@inproceedings{DJPQ,
  title={Differentiable joint pruning and quantization for hardware efficiency},
  author={Wang, Ying and Lu, Yadong and Blankevoort, Tijmen},
  booktitle={European Conference on Computer Vision},
  pages={259--277},
  year={2020},
  organization={Springer}
}

@article{PruningVQuant,
    author = {Andrey Kuzmin and Markus Nagel, Mart van Baalen and Arash Behboodi and Tijmen Blankevoort},
    title ={Pruning vs Quantization: Which is Better?} ,
    journal = {Advances in Neural Information Processing Systems 36 (NeurIPS 2023) },
    year = {2023}
}

@article{GPTVQ,
    author = {Mart van Baalen and Andrey Kuzmin, Markus Nagel and Peter Couperus and Cedric Bastoul and Eric Mahurin and Tijmen Blankevoort, Paul Whatmough},
    title = {GPTVQ: The Blessing of Dimensionality for LLM Quantization},
    journal = {},
    year = {2024}
}

@article{STE,
  title={Estimating or propagating gradients through stochastic neurons for conditional computation},
  author={Bengio, Yoshua and L{\'e}onard, Nicholas and Courville, Aaron},
  journal={arXiv preprint arXiv:1308.3432},
  year={2013}
}

@inproceedings{
goodparam,
title={Mixed Precision DNNs: All you need is a good parametrization},
author={Stefan Uhlich and Lukas Mauch and Fabien Cardinaux and Kazuki Yoshiyama and Javier Alonso Garcia and Stephen Tiedemann and Thomas Kemp and Akira Nakamura},
booktitle={International Conference on Learning Representations},
year={2020},
url={https://openreview.net/forum?id=Hyx0slrFvH}
}

@article{esserstep,
    author = {Esser, Steven and Jeffrey L. McKinstry and Deepika Bablani and Rathinakumar Appuswamy and Dharmendra S. Modha},
    title = {Learned Step Size Quantization},
    journal = {arXiv preprint arXiv:1902.08153},
    year = {2019}
}

@article{jainstep,
  title={Trained quantization thresholds for accurate and efficient fixed-point inference of deep neural networks},
  author={Jain, Sambhav and Gural, Albert and Wu, Michael and Dick, Chris},
  journal={Proceedings of Machine Learning and Systems},
  volume={2},
  pages={112--128},
  year={2020}
}

@inproceedings{wangstep,
  title={Haq: Hardware-aware automated quantization with mixed precision},
  author={Wang, Kuan and Liu, Zhijian and Lin, Yujun and Lin, Ji and Han, Song},
  booktitle={Proceedings of the IEEE/CVF conference on computer vision and pattern recognition},
  pages={8612--8620},
  year={2019}
}

@article{elthakebstep,
  title={Releq: A reinforcement learning approach for automatic deep quantization of neural networks},
  author={Elthakeb, Ahmed T and Pilligundla, Prannoy and Mireshghallah, Fatemehsadat and Yazdanbakhsh, Amir and Esmaeilzadeh, Hadi},
  journal={IEEE micro},
  volume={40},
  number={5},
  pages={37--45},
  year={2020},
  publisher={IEEE}
}

@article{relaxed,
  title={Relaxed quantization for discretized neural networks},
  author={Louizos, Christos and Reisser, Matthias and Blankevoort, Tijmen and Gavves, Efstratios and Welling, Max},
  journal={arXiv preprint arXiv:1810.01875},
  year={2018}
}

@article{VIBNet,
    author ={Dai, B. and Zhu, C. and Guo, B. and Wipf, D.},
    title = {Compressing neural networks using the variational information bottleneck},
    journal = {International Conference on Machine Learning.
pp. 1135–1144},
    year = {2018}
}


@article{LSQ+,
    author = {Yash Bhalgat and Jinwon Lee and Markus Nagel and Tijmen Blankevoort and Nojun Kwak},
    title = {LSQ+: Improving low-bit quantization through learnable offsets and better
initialization},
    journal ={CVPR 2020} ,
    year = {2020}
}

@article{unstructuredprune,
  title={Learned threshold pruning},
  author={Azarian, Kambiz and Bhalgat, Yash and Lee, Jinwon and Blankevoort, Tijmen},
  journal={arXiv preprint arXiv:2003.00075},
  year={2020}
}









%%%%%%%%%%%%%%%%%%%%%%%%%%
%%%%%%%%%%%%%%%%%%%%%%%%%%

@article{lecun2015deep,
  title={Deep learning},
  author={LeCun, Yann and Bengio, Yoshua and Hinton, Geoffrey},
  journal={nature},
  volume={521},
  number={7553},
  pages={436--444},
  year={2015},
  publisher={Nature Publishing Group}
}

@book{goodfellow2016deep,
  title={Deep learning},
  author={Goodfellow, Ian and Bengio, Yoshua and Courville, Aaron and Bengio, Yoshua},
  volume={1},
  number={2},
  year={2016},
  publisher={MIT press Cambridge}
}

@inproceedings{subramaniam2020n2nskip,
  title={N2NSkip: Learning Highly Sparse Networks using Neuron-to-Neuron Skip Connections.},
  author={Sharma, Avinash and Subramaniam, Arvind and {}},
  booktitle={BMVC},
  year={2020}
}

@inproceedings{zhang2018residual,
  title={Residual dense network for image super-resolution},
  author={Zhang, Yulun and Tian, Yapeng and Kong, Yu and Zhong, Bineng and Fu, Yun},
  booktitle={Proceedings of the IEEE conference on computer vision and pattern recognition},
  pages={2472--2481},
  year={2018}
}

@article{li2023zico,
  title={ZiCo: Zero-shot NAS via Inverse Coefficient of Variation on Gradients},
  author={Li, Guihong and Yang, Yuedong and Bhardwaj, Kartikeya and Marculescu, Radu},
  journal={arXiv preprint arXiv:2301.11300},
  year={2023}
}

@inproceedings{lym2019prunetrain,
  title={PruneTrain: fast neural network training by dynamic sparse model reconfiguration},
  author={Lym, Sangkug and Choukse, Esha and Zangeneh, Siavash and Wen, Wei and Sanghavi, Sujay and Erez, Mattan},
  booktitle={Proceedings of the International Conference for High Performance Computing, Networking, Storage and Analysis},
  pages={1--13},
  year={2019}
}

@article{chen2021neural,
  title={Neural architecture search on imagenet in four gpu hours: A theoretically inspired perspective},
  author={Chen, Wuyang and Gong, Xinyu and Wang, Zhangyang},
  journal={arXiv preprint arXiv:2102.11535},
  year={2021}
}

@article{yang2019deephoyer,
  title={Deephoyer: Learning sparser neural network with differentiable scale-invariant sparsity measures},
  author={Yang, Huanrui and Wen, Wei and Li, Hai},
  journal={arXiv preprint arXiv:1908.09979},
  year={2019}
}

@article{chen2023lorashear,
  title={LoRAShear: Efficient Large Language Model Structured Pruning and Knowledge Recovery},
  author={Chen, Tianyi and Ding, Tianyu and Yadav, Badal and Zharkov, Ilya and Liang, Luming},
  journal={arXiv preprint arXiv:2310.18356},
  year={2023}
}

@inproceedings{kang2020operation,
  title={Operation-aware soft channel pruning using differentiable masks},
  author={Kang, Minsoo and Han, Bohyung},
  booktitle={International Conference on Machine Learning},
  pages={5122--5131},
  year={2020},
  organization={PMLR}
}

@article{wang2020picking,
  title={Picking winning tickets before training by preserving gradient flow},
  author={Wang, Chaoqi and Zhang, Guodong and Grosse, Roger},
  journal={arXiv preprint arXiv:2002.07376},
  year={2020}
}

@article{lee2018snip,
  title={Snip: Single-shot network pruning based on connection sensitivity},
  author={Lee, Namhoon and Ajanthan, Thalaiyasingam and Torr, Philip HS},
  journal={arXiv preprint arXiv:1810.02340},
  year={2018}
}


@inproceedings{chu2023mixpath,
  title={Mixpath: A unified approach for one-shot neural architecture search},
  author={Chu, Xiangxiang and Lu, Shun and Li, Xudong and Zhang, Bo},
  booktitle={Proceedings of the IEEE/CVF International Conference on Computer Vision},
  pages={5972--5981},
  year={2023}
}

@article{lopes2023manas,
  title={MANAS: Multi-agent neural architecture search},
  author={Lopes, Vasco and Carlucci, Fabio Maria and Esperan{\c{c}}a, Pedro M and Singh, Marco and Yang, Antoine and Gabillon, Victor and Xu, Hang and Chen, Zewei and Wang, Jun},
  journal={Machine Learning},
  pages={1--24},
  year={2023},
  publisher={Springer}
}

@article{cai2019once,
  title={Once-for-all: Train one network and specialize it for efficient deployment},
  author={Cai, Han and Gan, Chuang and Wang, Tianzhe and Zhang, Zhekai and Han, Song},
  journal={arXiv preprint arXiv:1908.09791},
  year={2019}
}


% for bert pruning
@article{deleu2021structured,
  title={Structured Sparsity Inducing Adaptive Optimizers for Deep Learning},
  author={Deleu, Tristan and Bengio, Yoshua},
  journal={arXiv preprint arXiv:2102.03869},
  year={2021}
}

@article{guo2019nat,
  title={Nat: Neural architecture transformer for accurate and compact architectures},
  author={Guo, Yong and Zheng, Yin and Tan, Mingkui and Chen, Qi and Chen, Jian and Zhao, Peilin and Huang, Junzhou},
  journal={Advances in Neural Information Processing Systems},
  volume={32},
  year={2019}
}

@article{luo2018neural,
  title={Neural architecture optimization},
  author={Luo, Renqian and Tian, Fei and Qin, Tao and Chen, Enhong and Liu, Tie-Yan},
  journal={Advances in neural information processing systems},
  volume={31},
  year={2018}
}


@article{dai2023adaptive,
  title={An Adaptive Half-Space Projection Method for Stochastic Optimization Problems with Group Sparse Regularization},
  author={Dai, Yutong and Chen, Tianyi and Wang, Guanyi and Robinson, Daniel},
  journal={Transactions on Machine Learning Research},
  year={2023}
}


@article{you2019gate,
  title={Gate decorator: Global filter pruning method for accelerating deep convolutional neural networks},
  author={You, Zhonghui and Yan, Kun and Ye, Jinmian and Ma, Meng and Wang, Ping},
  journal={arXiv preprint arXiv:1909.08174},
  year={2019}
}

@article{ding2020lossless,
  title={Lossless CNN Channel Pruning via Decoupling Remembering and Forgetting},
  author={Ding, Xiaohan and Hao, Tianxiang and Tan, Jianchao and Liu, Ji and Han, Jungong and Guo, Yuchen and Ding, Guiguang},
  journal={Proceedings of the IEEE International Conference on Computer Vision},
  year={2021}
}

@article{gale2019state,
  title={The state of sparsity in deep neural networks},
  author={Gale, Trevor and Elsen, Erich and Hooker, Sara},
  journal={arXiv preprint arXiv:1902.09574},
  year={2019}
}

@inproceedings{wu2016quantized,
  title={Quantized convolutional neural networks for mobile devices},
  author={Wu, Jiaxiang and Leng, Cong and Wang, Yuhang and Hu, Qinghao and Cheng, Jian},
  booktitle={Proceedings of the IEEE Conference on Computer Vision and Pattern Recognition},
  pages={4820--4828},
  year={2016}
}

@misc{shi2020object,
  title={OBJECT DETECTION AND SEGMENTATION FOR INKING APPLICATIONS},
  author={Shi, Yixin and Orazaev, Aman and Chen, Tianyi and YI, Sheng},
  year={2020},
  month=sep # "~24",
  note={US Patent App. 16/360,006}
}

@article{chen2020orthant,
  title={Orthant Based Proximal Stochastic Gradient Method for $ell\_1$-Regularized Optimization},
  author={Chen, Tianyi and Ding, Tianyu and Ji, Bo and Wang, Guanyi and Shi, Yixin and Yi, Sheng and Tu, Xiao and Zhu, Zhihui},
  journal={arXiv preprint arXiv:2004.03639},
  year={2020}
}

@phdthesis{chen2018fast,
  title={A Fast Reduced-Space Algorithmic Framework for Sparse Optimization},
  author={Chen, Tianyi},
  year={2018},
  school={Johns Hopkins University}
}

@article{li1608pruning,
  title={Pruning filters for efficient convnets. arXiv 2016},
  author={Li, H and Kadav, A and Durdanovic, I and Samet, H and Graf, HP},
  journal={arXiv preprint arXiv:1608.08710}
}


@inproceedings{zhou2019accelerate,
  title={Accelerate cnn via recursive bayesian pruning},
  author={Zhou, Yuefu and Zhang, Ya and Wang, Yanfeng and Tian, Qi},
  booktitle={Proceedings of the IEEE International Conference on Computer Vision},
  pages={3306--3315},
  year={2019}
}


@inproceedings{deng2009imagenet,
  title={Imagenet: A large-scale hierarchical image database},
  author={Deng, Jia and Dong, Wei and Socher, Richard and Li, Li-Jia and Li, Kai and Fei-Fei, Li},
  booktitle={2009 IEEE conference on computer vision and pattern recognition},
  pages={248--255},
  year={2009},
  organization={Ieee}
}

@inproceedings{neklyudov2017structured,
  title={Structured bayesian pruning via log-normal multiplicative noise},
  author={Neklyudov, Kirill and Molchanov, Dmitry and Ashukha, Arsenii and Vetrov, Dmitry P},
  booktitle={Advances in Neural Information Processing Systems},
  pages={6775--6784},
  year={2017}
}

@inproceedings{louizos2017bayesian,
  title={Bayesian compression for deep learning},
  author={Louizos, Christos and Ullrich, Karen and Welling, Max},
  booktitle={Advances in neural information processing systems},
  pages={3288--3298},
  year={2017}
}


@article{hu2016network,
  title={Network trimming: A data-driven neuron pruning approach towards efficient deep architectures},
  author={Hu, Hengyuan and Peng, Rui and Tai, Yu-Wing and Tang, Chi-Keung},
  journal={arXiv preprint arXiv:1607.03250},
  year={2016}
}

@article{he2018soft,
  title={Soft filter pruning for accelerating deep convolutional neural networks},
  author={He, Yang and Kang, Guoliang and Dong, Xuanyi and Fu, Yanwei and Yang, Yi},
  journal={arXiv preprint arXiv:1808.06866},
  year={2018}
}


@inproceedings{li2019exploiting,
  title={Exploiting kernel sparsity and entropy for interpretable CNN compression},
  author={Li, Yuchao and Lin, Shaohui and Zhang, Baochang and Liu, Jianzhuang and Doermann, David and Wu, Yongjian and Huang, Feiyue and Ji, Rongrong},
  booktitle={Proceedings of the IEEE Conference on Computer Vision and Pattern Recognition},
  pages={2800--2809},
  year={2019}
}

@inproceedings{he2018amc,
  title={Amc: Automl for model compression and acceleration on mobile devices},
  author={He, Yihui and Lin, Ji and Liu, Zhijian and Wang, Hanrui and Li, Li-Jia and Han, Song},
  booktitle={Proceedings of the European Conference on Computer Vision (ECCV)},
  pages={784--800},
  year={2018}
}


@inproceedings{defazio2014saga,
  title={SAGA: A fast incremental gradient method with support for non-strongly convex composite objectives},
  author={Defazio, Aaron and Bach, Francis and Lacoste-Julien, Simon},
  booktitle={Advances in neural information processing systems},
  pages={1646--1654},
  year={2014}
}

@inproceedings{roux2012stochastic,
  title={A stochastic gradient method with an exponential convergence \_rate for finite training sets},
  author={Roux, Nicolas L and Schmidt, Mark and Bach, Francis R},
  booktitle={Advances in neural information processing systems},
  pages={2663--2671},
  year={2012}
}


@article{ndiaye2017gap,
  title={Gap safe screening rules for sparsity enforcing penalties},
  author={Ndiaye, Eugene and Fercoq, Olivier and Gramfort, Alexandre and Salmon, Joseph},
  journal={The Journal of Machine Learning Research},
  volume={18},
  number={1},
  pages={4671--4703},
  year={2017},
  publisher={JMLR. org}
}

@article{scardapane2017group,
  title={Group sparse regularization for deep neural networks},
  author={Scardapane, Simone and Comminiello, Danilo and Hussain, Amir and Uncini, Aurelio},
  journal={Neurocomputing},
  volume={241},
  pages={81--89},
  year={2017},
  publisher={Elsevier}
}

@book{nocedal2006numerical,
  title={Numerical optimization},
  author={Nocedal, Jorge and Wright, Stephen},
  year={2006},
  publisher={Springer Science \& Business Media}
}

@article{zhang2020statistical,
  title={Statistical Adaptive Stochastic Gradient Methods},
  author={Zhang, Pengchuan and Lang, Hunter and Liu, Qiang and Xiao, Lin},
  journal={arXiv preprint arXiv:2002.10597},
  year={2020}
}

@inproceedings{jenatton2010structured,
  title={Structured sparse principal component analysis},
  author={Jenatton, Rodolphe and Obozinski, Guillaume and Bach, Francis},
  booktitle={Proceedings of the Thirteenth International Conference on Artificial Intelligence and Statistics},
  pages={366--373},
  year={2010}
}

@inproceedings{el2018combinatorial,
  title={Combinatorial Penalties: Which structures are preserved by convex relaxations?},
  author={El Halabi, Marwa and Bach, Francis and Cevher, Volkan},
  booktitle={International Conference on Artificial Intelligence and Statistics},
  pages={1551--1560},
  year={2018},
  organization={PMLR}
}

@article{mitzenmacher2005probability,
  title={Probability and Computing-Randomized Algorithms and Probabilistic Analysis},
  author={Mitzenmacher, Michael},
  journal={JOURNAL-OPERATIONAL RESEARCH SOCIETY},
  volume={56},
  number={12},
  pages={1454},
  year={2005},
  publisher={Palgrave Macmillan Ltd}
}

@article{liu2018mri,
  title={MRI reconstruction via enhanced group sparsity and nonconvex regularization},
  author={Liu, Shujun and Cao, Jianxin and Liu, Hongqing and Zhou, Xichuan and Zhang, Kui and Li, Zhengzhou},
  journal={Neurocomputing},
  volume={272},
  pages={108--121},
  year={2018},
  publisher={Elsevier}
}

@article{huang2010benefit,
  title={The benefit of group sparsity},
  author={Huang, Junzhou and Zhang, Tong and others},
  journal={The Annals of Statistics},
  volume={38},
  number={4},
  pages={1978--2004},
  year={2010},
  publisher={Institute of Mathematical Statistics}
}

@article{chen2014group,
  title={Group-sparse signal denoising: non-convex regularization, convex optimization},
  author={Chen, Po-Yu and Selesnick, Ivan W},
  journal={IEEE Transactions on Signal Processing},
  volume={62},
  number={13},
  pages={3464--3478},
  year={2014},
  publisher={IEEE}
}

@inproceedings{elhamifar2012see,
  title={See all by looking at a few: Sparse modeling for finding representative objects},
  author={Elhamifar, Ehsan and Sapiro, Guillermo and Vidal, Rene},
  booktitle={2012 IEEE Conference on Computer Vision and Pattern Recognition},
  pages={1600--1607},
  year={2012},
  organization={IEEE}
}

@article{yuan2006model,
  title={Model selection and estimation in regression with grouped variables},
  author={Yuan, Ming and Lin, Yi},
  journal={Journal of the Royal Statistical Society: Series B (Statistical Methodology)},
  volume={68},
  number={1},
  pages={49--67},
  year={2006},
  publisher={Wiley Online Library}
}

@inproceedings{huang2009learning,
  title={Learning with dynamic group sparsity},
  author={Huang, Junzhou and Huang, Xiaolei and Metaxas, Dimitris},
  booktitle={2009 IEEE 12th International Conference on Computer Vision},
  pages={64--71},
  year={2009},
  organization={IEEE}
}


@article{chen2017reduced,
  title={A Reduced-Space Algorithm for Minimizing $\ell_1$-Regularized Convex Functions},
  author={Chen, Tianyi and Curtis, Frank E and Robinson, Daniel P},
  journal={SIAM Journal on Optimization},
  volume={27},
  number={3},
  pages={1583--1610},
  year={2017},
  publisher={SIAM}
}


@phdthesis{chen2018fast,
  title={A Fast Reduced-Space Algorithmic Framework for Sparse Optimization},
  author={Chen, Tianyi},
  year={2018},
  school={Johns Hopkins University}
}

@article{chen2018farsa,
  title={FaRSA for $\ell_1$-regularized convex optimization: local convergence and numerical experience},
  author={Chen, Tianyi and Curtis, Frank E and Robinson, Daniel P},
  journal={Optimization Methods and Software},
  year={2018},
  publisher={Taylor \& Francis}
}

@article{tibshirani1996regression,
  title={Regression shrinkage and selection via the lasso},
  author={Tibshirani, Robert},
  journal={Journal of the Royal Statistical Society: Series B (Methodological)},
  volume={58},
  number={1},
  pages={267--288},
  year={1996},
  publisher={Wiley Online Library}
}

@article{robert2018convergegd,
	title={Convergence Theorems for Gradient Descent},
	author={Robert M. Gower},
	journal={University of Illinois, Urbana Champaign},
	year={2018}
}

@article{shalev2012online,
  title={Online learning and online convex optimization},
  author={Shalev-Shwartz, Shai and others},
  journal={Foundations and Trends{\textregistered} in Machine Learning},
  volume={4},
  number={2},
  pages={107--194},
  year={2012},
  publisher={Now Publishers, Inc.}
}

@phdthesis{zhou2015error,
  title={Error bounds for structured convex programming: theory and applications},
  author={Zhou, Zirui},
  year={2015},
  school={PhD thesis, The Chinese University of Hong Kong}
}

@inproceedings{bucilu2006model,
  title={Model compression},
  author={Buciluǎ, Cristian and Caruana, Rich and Niculescu-Mizil, Alexandru},
  booktitle={Proceedings of the 12th ACM SIGKDD international conference on Knowledge discovery and data mining},
  pages={535--541},
  year={2006}
}


@article{beck2009fast,
	title={A fast iterative shrinkage-thresholding algorithm for linear inverse problems},
	author={Beck, Amir and Teboulle, Marc},
	journal={SIAM journal on imaging sciences},
	volume={2},
	number={1},
	pages={183--202},
	year={2009},
	publisher={SIAM}
}

@article{wright2009sparse,
	title={Sparse reconstruction by separable approximation},
	author={Wright, Stephen J and Nowak, Robert D and Figueiredo, M{\'a}rio AT},
	journal={IEEE Transactions on Signal Processing},
	volume={57},
	number={7},
	pages={2479--2493},
	year={2009},
	publisher={Citeseer}
}

@article{byrd2013inexact,
	title={An inexact successive quadratic approximation method for convex l-1 regularized optimization},
	author={Byrd, Richard H and Nocedal, Jorge and Oztoprak, Figen},
	journal={arXiv preprint arXiv:1309.3529},
	year={2013}
}

@inproceedings{hsieh2011sparse,
	title={Sparse inverse covariance matrix estimation using quadratic approximation},
	author={Hsieh, Cho-Jui and Dhillon, Inderjit S and Ravikumar, Pradeep K and Sustik, M{\'a}ty{\'a}s A},
	booktitle={Advances in Neural Information Processing Systems},
	pages={2330--2338},
	year={2011}
}

@inproceedings{lee2012proximal,
	title={Proximal Newton-type methods for convex optimization},
	author={Lee, Jason and Sun, Yuekai and Saunders, Michael},
	booktitle={Advances in Neural Information Processing Systems},
	pages={836--844},
	year={2012}
}

@article{scheinberg2013practical,
	title={Practical inexact proximal quasi-Newton method with global complexity analysis},
	author={Scheinberg, Katya and Tang, Xiaocheng},
	journal={arXiv preprint arXiv:1311.6547},
	year={2013}
}

@article{yuan2012improved,
	title={An improved glmnet for l1-regularized logistic regression},
	author={Yuan, Guo-Xun and Ho, Chia-Hua and Lin, Chih-Jen},
	journal={The Journal of Machine Learning Research},
	volume={13},
	number={1},
	pages={1999--2030},
	year={2012},
	publisher={JMLR. org}
}

@article{zoph2016neural,
  title={Neural architecture search with reinforcement learning},
  author={Zoph, Barret and Le, Quoc V},
  journal={arXiv preprint arXiv:1611.01578},
  year={2016}
}

@inproceedings{pham2018efficient,
  title={Efficient neural architecture search via parameters sharing},
  author={Pham, Hieu and Guan, Melody and Zoph, Barret and Le, Quoc and Dean, Jeff},
  booktitle={International conference on machine learning},
  pages={4095--4104},
  year={2018},
  organization={PMLR}
}

@article{ding2023efficiency,
  title={The Efficiency Spectrum of Large Language Models: An Algorithmic Survey},
  author={Ding, Tianyu and Chen, Tianyi and Zhu, Haidong and Jiang, Jiachen and Zhong, Yiqi and Zhou, Jinxin and Wang, Guangzhi and Zhu, Zhihui and Zharkov, Ilya and Liang, Luming},
  journal={arXiv preprint arXiv:2312.00678},
  year={2023}
}

@InProceedings{Geng_2022_CVPR,
    author    = {Geng, Zhicheng and Liang, Luming and Ding, Tianyu and Zharkov, Ilya},
    title     = {RSTT: Real-Time Spatial Temporal Transformer for Space-Time Video Super-Resolution},
    booktitle = {Proceedings of the IEEE/CVF Conference on Computer Vision and Pattern Recognition (CVPR)},
    year      = {2022},
    pages     = {17441-17451}
}

@inproceedings{ding2021cdfi,
  title={Cdfi: Compression-driven network design for frame interpolation},
  author={Ding, Tianyu and Liang, Luming and Zhu, Zhihui and Zharkov, Ilya},
  booktitle={Proceedings of the IEEE/CVF Conference on Computer Vision and Pattern Recognition},
  pages={8001--8011},
  year={2021}
}



@inproceedings{zoph2018learning,
  title={Learning transferable architectures for scalable image recognition},
  author={Zoph, Barret and Vasudevan, Vijay and Shlens, Jonathon and Le, Quoc V},
  booktitle={Proceedings of the IEEE conference on computer vision and pattern recognition},
  pages={8697--8710},
  year={2018}
}

@inproceedings{
  chen2023otov2,
  title={{OTO}v2: Automatic, Generic, User-Friendly},
  author={Tianyi Chen and Luming Liang and Tianyu Ding and Zhihui Zhu and Ilya Zharkov},
  booktitle={The Eleventh International Conference on Learning Representations },
  year={2023},
}

@inproceedings{andrew2007scalable,
	title={Scalable training of $L_1$-regularized log-linear models},
	author={Andrew, Galen and Gao, Jianfeng},
	booktitle={Proceedings of the 24th international conference on Machine learning},
	pages={33--40},
	year={2007},
	organization={ACM}
}

@article{byrd2012family,
	title={A family of second-order methods for convex l1-regularized optimization},
	author={Byrd, Richard H and Chin, Gillian M and Nocedal, Jorge and Oztoprak, Figen},
	journal={Northwestern University, Tech Report},
	year={2012}
}

@article{keskar2015second,
	title={A Second-Order Method for Convex $\ell_1$-Regularized Optimization with Active Set Prediction},
	author={Keskar, Nitish Shirish and Nocedal, Jorge and Oztoprak, Figen and Waechter, Andreas},
	journal={arXiv preprint arXiv:1505.04315},
	year={2015}
}

@article{hager2006new,
	title={A new active set algorithm for box constrained optimization},
	author={Hager, William W and Zhang, Hongchao},
	journal={SIAM Journal on Optimization},
	volume={17},
	number={2},
	pages={526--557},
	year={2006},
	publisher={SIAM}
}

@article{xiao2010dual,
	title={Dual averaging methods for regularized stochastic learning and online optimization},
	author={Xiao, Lin},
	journal={Journal of Machine Learning Research},
	volume={11},
	number={Oct},
	pages={2543--2596},
	year={2010}
}


@article{xiao2014proximal,
	title={A proximal stochastic gradient method with progressive variance reduction},
	author={Xiao, Lin and Zhang, Tong},
	journal={SIAM Journal on Optimization},
	volume={24},
	number={4},
	pages={2057--2075},
	year={2014},
	publisher={SIAM}
}
@online{xiao2017online,
  author       = {Han Xiao and Kashif Rasul and Roland Vollgraf},
  title        = {Fashion-MNIST: a Novel Image Dataset for Benchmarking Machine Learning Algorithms},
  year         = {2017},
  eprintclass  = {cs.LG},
  eprinttype   = {arXiv},
  eprint       = {cs.LG/1708.07747},
}

@inproceedings{johnson2013accelerating,
	title={Accelerating stochastic gradient descent using predictive variance reduction},
	author={Johnson, Rie and Zhang, Tong},
	booktitle={Advances in neural information processing systems},
	pages={315--323},
	year={2013}
}
@inproceedings{he2016deep,
	title={Deep residual learning for image recognition},
	author={He, Kaiming and Zhang, Xiangyu and Ren, Shaoqing and Sun, Jian},
	booktitle={Proceedings of the IEEE conference on computer vision and pattern recognition},
	year={2016}
}

@article{simonyan2014very,
	title={Very deep convolutional networks for large-scale image recognition},
	author={Simonyan, Karen and Zisserman, Andrew},
	journal={arXiv preprint arXiv:1409.1556},
	year={2014}
}

@inproceedings{coates2011analysis,
  title={An analysis of single-layer networks in unsupervised feature learning},
  author={Coates, Adam and Ng, Andrew and Lee, Honglak},
  booktitle={Proceedings of the fourteenth international conference on artificial intelligence and statistics},
  pages={215--223},
  year={2011},
  organization={JMLR Workshop and Conference Proceedings}
}

@article{fang2023depgraph,
  title={Depgraph: Towards any structural pruning},
  author={Fang, Gongfan and Ma, Xinyin and Song, Mingli and Mi, Michael Bi and Wang, Xinchao},
  journal={arXiv preprint arXiv:2301.12900},
  year={2023}
}

@inproceedings{sra2011fast,
	title={Fast projections onto $\ell_{1,q}$-norm balls for grouped feature selection},
	author={Sra, Suvrit},
	booktitle={Joint European Conference on Machine Learning and Knowledge Discovery in Databases},
	year={2011}
}

@inproceedings{riezler2004incremental,
	title={Incremental feature selection and l1 regularization for relaxed maximum-entropy modeling},
	author={Riezler, Stefan and Vasserman, Alexander},
	booktitle={Empirical methods in natural language processing},
	year={2004}
}

@article{ding2022sparsity,
  title={Sparsity-guided Network Design for Frame Interpolation},
  author={Ding, Tianyu and Liang, Luming and Zhu, Zhihui and Chen, Tianyi and Zharkov, Ilya},
  journal={arXiv preprint arXiv:2209.04551},
  year={2022}
}

@misc{chen2023semantic,
  title={Semantic segmentation for stroke classification in inking application},
  author={Chen, Tianyi and Ganesan, Gowtham and Biyi, FANG and Yi, Sheng},
  year={2023},
  month=apr # "~18",
  publisher={Google Patents},
  note={US Patent 11,631,262}
}

@article{chen2020half,
  title={Half-space proximal stochastic gradient method for group-sparsity regularized problem},
  author={Chen, Tianyi and Wang, Guanyi and Ding, Tianyu and Ji, Bo and Yi, Sheng and Zhu, Zhihui},
  journal={arXiv preprint arXiv:2009.12078},
  year={2020}
}

@article{Krizhevsky09,
  title={Learning multiple layers of features from tiny images},
  author={Krizhevsky, A. and Hinton, G.},
  journal={Master's thesis, Department of Computer Science, University of Toronto},
  year={2009},
  publisher={Citeseer}
}

@inproceedings{duchi2008efficient,
	title={Efficient projections onto the $\ell_1$-ball for learning in high dimensions},
	author={Duchi, John and Shalev-Shwartz, Shai and Singer, Yoram and Chandra, Tushar},
	booktitle={Proceedings of the 25th international conference on Machine learning},
	pages={272--279},
	year={2008},
	organization={ACM}
}

@article{condat2016fast,
	title={Fast projection onto the simplex and the $\ell_1$ ball},
	author={Condat, Laurent},
	journal={Mathematical Programming},
	volume={158},
	number={1-2},
	pages={575--585},
	year={2016},
	publisher={Springer}
}

@phdthesis{chen2018fast,
	title={A Fast Reduced-Space Algorithmic Framework for Sparse Optimization},
	author={Chen, Tianyi},
	year={2018},
	school={Johns Hopkins University}
}

@article{nesterov2009primal,
	title={Primal-dual subgradient methods for convex problems},
	author={Nesterov, Yurii},
	journal={Mathematical programming},
	year={2009}
}

@article{lecun-mnisthandwrittendigit-2010,
  added-at = {2010-06-28T21:16:30.000+0200},
  author = {LeCun, Yann and Cortes, Corinna},
  biburl = {https://www.bibsonomy.org/bibtex/2935bad99fa1f65e03c25b315aa3c1032/mhwombat},
  groups = {public},
  howpublished = {http://yann.lecun.com/exdb/mnist/},
  interhash = {21b9d0558bd66279df9452562df6e6f3},
  intrahash = {935bad99fa1f65e03c25b315aa3c1032},
  keywords = {MSc _checked character_recognition mnist network neural},
  lastchecked = {2016-01-14 14:24:11},
  timestamp = {2016-07-12T19:25:30.000+0200},
  title = {{MNIST} handwritten digit database},
  url = {http://yann.lecun.com/exdb/mnist/},
  username = {mhwombat},
  year = 2010
}

@book{bertsekas2009convex,
  title={Convex optimization theory},
  author={Bertsekas, Dimitri P},
  year={2009},
  publisher={Athena Scientific Belmont}
}

@article{bradley1977applied,
	title={Applied mathematical programming},
	author={Bradley, Stephen and Hax, Arnoldo and Magnanti, Thomas},
	year={1977},
	publisher={Addison Wesley}
}

@inproceedings{li2018simple,
  title={A simple proximal stochastic gradient method for nonsmooth nonconvex optimization},
  author={Li, Zhize and Li, Jian},
  booktitle={Advances in neural information processing systems},
  year={2018}
}

@article{yang2019stochastic,
  title={A Stochastic Extra-Step Quasi-Newton Method for Nonsmooth Nonconvex Optimization},
  author={Yang, Minghan and Milzarek, Andre and Wen, Zaiwen and Zhang, Tong},
  journal={arXiv preprint arXiv:1910.09373},
  year={2019}
}

@book{parkinson2013opten,
	title={Optimization methods for engineering design},
	author={A. Parkinson and R. Balling and J. Hedengren},
	year={2013},
	publisher={Provo, UT: Brigham Young University.}
}

@book{dixit1990optimization,
	title={Optimization in economic theory},
	author={Dixit, Avinash K.},
	year={1990},
	publisher={Oxford University Press on Demand}
}

@article{tikhonov1977,
	title={Solution of Ill-posed Problems.},
	author={Tikhonov, N. and Y. Arsenin.},
	journal={Winston and Sons.},
	year={1977}
}

@article{tibshirani1996regression,
	title={Regression shrinkage and selection via the lasso},
	author={Tibshirani, Robert},
	journal={Journal of the Royal Statistical Society: Series B (Methodological)},
	volume={58},
	number={1},
	pages={267--288},
	year={1996},
	publisher={Wiley Online Library}
}

@book{bishop2006pattern,
	title={Pattern recognition and machine learning},
	author={Bishop, Christopher M},
	year={2006},
	publisher={Springer Science}
}


@article{zou2005regularization,
	title={Regularization and variable selection via the elastic net},
	author={Zou, Hui and Hastie, Trevor},
	journal={Journal of the royal statistical society: series B (statistical methodology)},
	year={2005},
	publisher={Wiley Online Library}
}

@inproceedings{krizhevsky2012imagenet,
	title={Imagenet classification with deep convolutional neural networks},
	author={Krizhevsky, Alex and Sutskever, Ilya and Hinton, Geoffrey E},
	booktitle={Advances in neural information processing systems},
	pages={1097--1105},
	year={2012}
}

@article{zaremba2014recurrent,
	title={Recurrent neural network regularization},
	author={Zaremba, Wojciech and Sutskever, Ilya and Vinyals, Oriol},
	journal={arXiv preprint arXiv:1409.2329},
	year={2014}
}

@article{zeiler2013stochastic,
	title={Stochastic pooling for regularization of deep convolutional neural networks},
	author={Zeiler, Matthew D and Fergus, Rob},
	journal={arXiv preprint arXiv:1301.3557},
	year={2013}
}

@article{duchi2009efficient,
	title={Efficient online and batch learning using forward backward splitting},
	author={Duchi, John and Singer, Yoram},
	journal={Journal of Machine Learning Research},
	volume={10},
	number={Dec},
	pages={2899--2934},
	year={2009}
}

@inproceedings{andrew2007scalable,
	title={Scalable training of L1-regularized log-linear models},
	author={Andrew, Galen and Gao, Jianfeng},
	booktitle={Proceedings of the 24th international conference on Machine learning},
	pages={33--40},
	year={2007},
	organization={ACM}
}

@article{parikh2014proximal,
	title={Proximal algorithms},
	author={Parikh, Neal and Boyd, Stephen and others},
	journal={Foundations and Trends{\textregistered} in Optimization},
	volume={1},
	number={3},
	pages={127--239},
	year={2014},
	publisher={Now Publishers, Inc.}
}


@article{howard2017mobilenets,
  title={Mobilenets: Efficient convolutional neural networks for mobile vision applications},
  author={Howard, Andrew G and Zhu, Menglong and Chen, Bo and Kalenichenko, Dmitry and Wang, Weijun and Weyand, Tobias and Andreetto, Marco and Adam, Hartwig},
  journal={arXiv preprint arXiv:1704.04861},
  year={2017}
}

@inproceedings{ma2018shufflenet,
  title={Shufflenet v2: Practical guidelines for efficient cnn architecture design},
  author={Ma, Ningning and Zhang, Xiangyu and Zheng, Hai-Tao and Sun, Jian},
  booktitle={Proceedings of the European conference on computer vision (ECCV)},
  pages={116--131},
  year={2018}
}

@inproceedings{ge2015escaping,
  title={Escaping from saddle points—online stochastic gradient for tensor decomposition},
  author={Ge, Rong and Huang, Furong and Jin, Chi and Yuan, Yang},
  booktitle={Conference on Learning Theory},
  pages={797--842},
  year={2015}
}

@article{sun2016complete,
  title={Complete dictionary recovery over the sphere I: Overview and the geometric picture},
  author={Sun, Ju and Qu, Qing and Wright, John},
  journal={IEEE Transactions on Information Theory},
  year={2016}
}

@article{park2016non,
  title={Non-square matrix sensing without spurious local minima via the Burer-Monteiro approach},
  author={Park, Dohyung and Kyrillidis, Anastasios and Caramanis, Constantine and Sanghavi, Sujay},
  journal={arXiv preprint arXiv:1609.03240},
  year={2016}
}

@article{sun2016guaranteed,
  title={Guaranteed matrix completion via non-convex factorization},
  author={Sun, Ruoyu and Luo, Zhi-Quan},
  journal={IEEE Transactions on Information Theory},
  year={2016},
  publisher={IEEE}
}

@article{li2016symmetry,
  title={Symmetry, saddle points, and global geometry of nonconvex matrix factorization},
  author={Li, Xingguo and Wang, Zhaoran and Lu, Junwei and Arora, Raman and Haupt, Jarvis and Liu, Han and Zhao, Tuo},
  journal={arXiv preprint arXiv:1612.09296},
  volume={1},
  pages={5--1},
  year={2016}
}

@inproceedings{zhong2017recovery,
  title={Recovery guarantees for one-hidden-layer neural networks},
  author={Zhong, Kai and Song, Zhao and Jain, Prateek and Bartlett, Peter L and Dhillon, Inderjit S},
  booktitle={International Conference on Machine Learning},
  year={2017}
}

@inproceedings{zaheer2018adaptive,
  title={Adaptive methods for nonconvex optimization},
  author={Zaheer, Manzil and Reddi, Sashank and Sachan, Devendra and Kale, Satyen and Kumar, Sanjiv},
  booktitle={Advances in neural information processing systems},
  pages={9793--9803},
  year={2018}
}

@inproceedings{karimi2016linear,
	title={Linear convergence of gradient and proximal-gradient methods under the polyak-{\l}ojasiewicz condition},
	author={Karimi, Hamed and Nutini, Julie and Schmidt, Mark},
	booktitle={Joint European Conference on Machine Learning and Knowledge Discovery in Databases},
	year={2016},
	organization={Springer}
}

@article{drusvyatskiy2018error,
  title={Error bounds, quadratic growth, and linear convergence of proximal methods},
  author={Drusvyatskiy, Dmitriy and Lewis, Adrian S},
  journal={Mathematics of Operations Research},
  volume={43},
  number={3},
  pages={919--948},
  year={2018},
  publisher={INFORMS}
}

@inproceedings{defazio2019ineffectiveness,
  title={On the ineffectiveness of variance reduced optimization for deep learning},
  author={Defazio, Aaron and Bottou, L{\'e}on},
  booktitle={Advances in Neural Information Processing Systems},
  year={2019}
}


@article{zhang2019multi,
  title={Multi-level composite stochastic optimization via nested variance reduction},
  author={Zhang, Junyu and Xiao, Lin},
  journal={arXiv preprint arXiv:1908.11468},
  year={2019}
}


@inproceedings{fang2018spider,
  title={Spider: Near-optimal non-convex optimization via stochastic path-integrated differential estimator},
  author={Fang, Cong and Li, Chris Junchi and Lin, Zhouchen and Zhang, Tong},
  booktitle={Advances in Neural Information Processing Systems},
  pages={689--699},
  year={2018}
}


@article{chang2011libsvm,
  title={LIBSVM: A library for support vector machines},
  author={Chang, Chih-Chung and Lin, Chih-Jen},
  journal={ACM transactions on intelligent systems and technology (TIST)},
  volume={2},
  number={3},
  pages={1--27},
  year={2011},
  publisher={Acm New York, NY, USA}
}

@article{bach2012structured,
  title={Structured sparsity through convex optimization},
  author={Bach, Francis and Jenatton, Rodolphe and Mairal, Julien and Obozinski, Guillaume and others},
  journal={Statistical Science},
  volume={27},
  number={4},
  pages={450--468},
  year={2012},
  publisher={Institute of Mathematical Statistics}
}


@article{li2016pruning,
  title={Pruning filters for efficient convnets},
  author={Li, Hao and Kadav, Asim and Durdanovic, Igor and Samet, Hanan and Graf, Hans Peter},
  journal={arXiv preprint arXiv:1608.08710},
  year={2016}
}

@inproceedings{luo2017thinet,
  title={Thinet: A filter level pruning method for deep neural network compression},
  author={Luo, Jian-Hao and Wu, Jianxin and Lin, Weiyao},
  booktitle={Proceedings of the IEEE international conference on computer vision},
  pages={5058--5066},
  year={2017}
}


@article{yuan2006model,
  title={Model selection and estimation in regression with grouped variables},
  author={Yuan, Ming and Lin, Yi},
  journal={Journal of the Royal Statistical Society: Series B (Statistical Methodology)},
  volume={68},
  number={1},
  pages={49--67},
  year={2006},
  publisher={Wiley Online Library}
}

@inproceedings{roth2008group,
  title={The group-lasso for generalized linear models: uniqueness of solutions and efficient algorithms},
  author={Roth, Volker and Fischer, Bernd},
  booktitle={Proceedings of the 25th international conference on Machine learning},
  pages={848--855},
  year={2008}
}

@article{huang2011learning,
  title={Learning with structured sparsity},
  author={Huang, Junzhou and Zhang, Tong and Metaxas, Dimitris},
  journal={Journal of Machine Learning Research},
  volume={12},
  number={Nov},
  pages={3371--3412},
  year={2011}
}

@article{nutini2019active,
  title={“Active-set complexity” of proximal gradient: How long does it take to find the sparsity pattern?},
  author={Nutini, Julie and Schmidt, Mark and Hare, Warren},
  journal={Optimization Letters},
  volume={13},
  number={4},
  pages={645--655},
  year={2019},
  publisher={Springer}
}

@inproceedings{yang2010online,
  title={Online learning for group lasso},
  author={Yang, Haiqin and Xu, Zenglin and King, Irwin and Lyu, Michael R},
  booktitle={Proceedings of the 27th International Conference on Machine Learning (ICML-10)},
  pages={1191--1198},
  year={2010}
}


@article{howard2017mobilenets,
  title={Mobilenets: Efficient convolutional neural networks for mobile vision applications},
  author={Howard, Andrew G and Zhu, Menglong and Chen, Bo and Kalenichenko, Dmitry and Wang, Weijun and Weyand, Tobias and Andreetto, Marco and Adam, Hartwig},
  journal={arXiv preprint arXiv:1704.04861},
  year={2017}
}

@inproceedings{long2015fully,
  title={Fully convolutional networks for semantic segmentation},
  author={Long, Jonathan and Shelhamer, Evan and Darrell, Trevor},
  booktitle={Proceedings of the IEEE conference on computer vision and pattern recognition},
  pages={3431--3440},
  year={2015}
}

@inproceedings{ren2015faster,
  title={Faster r-cnn: Towards real-time object detection with region proposal networks},
  author={Ren, Shaoqing and He, Kaiming and Girshick, Ross and Sun, Jian},
  booktitle={Advances in neural information processing systems},
  pages={91--99},
  year={2015}
}

@inproceedings{jacob2018quantization,
  title={Quantization and training of neural networks for efficient integer-arithmetic-only inference},
  author={Jacob, Benoit and Kligys, Skirmantas and Chen, Bo and Zhu, Menglong and Tang, Matthew and Howard, Andrew and Adam, Hartwig and Kalenichenko, Dmitry},
  booktitle={Proceedings of the IEEE Conference on Computer Vision and Pattern Recognition},
  pages={2704--2713},
  year={2018}
}

@article{zhou2016dorefa,
  title={Dorefa-net: Training low bitwidth convolutional neural networks with low bitwidth gradients},
  author={Zhou, Shuchang and Wu, Yuxin and Ni, Zekun and Zhou, Xinyu and Wen, He and Zou, Yuheng},
  journal={arXiv preprint arXiv:1606.06160},
  year={2016}
}

@inproceedings{vaswani2017attention,
  title={Attention is all you need},
  author={Vaswani, Ashish and Shazeer, Noam and Parmar, Niki and Uszkoreit, Jakob and Jones, Llion and Gomez, Aidan N and Kaiser, {\L}ukasz and Polosukhin, Illia},
  booktitle={Advances in neural information processing systems},
  pages={5998--6008},
  year={2017}
}

@article{polino2018model,
  title={Model compression via distillation and quantization},
  author={Polino, Antonio and Pascanu, Razvan and Alistarh, Dan},
  journal={arXiv preprint arXiv:1802.05668},
  year={2018}
}

@article{zhang2010nearly,
  title={Nearly unbiased variable selection under minimax concave penalty},
  author={Zhang, Cun-Hui and others},
  journal={The Annals of statistics},
  volume={38},
  number={2},
  pages={894--942},
  year={2010},
  publisher={Institute of Mathematical Statistics}
}

@inproceedings{bucilua2006model,
  title={Model compression},
  author={Buciluǎ, Cristian and Caruana, Rich and Niculescu-Mizil, Alexandru},
  booktitle={Proceedings of the 12th ACM SIGKDD international conference on Knowledge discovery and data mining},
  pages={535--541},
  year={2006}
}

@article{han2015learning,
  title={Learning both weights and connections for efficient neural networks},
  author={Han, Song and Pool, Jeff and Tran, John and Dally, William J},
  journal={arXiv preprint arXiv:1506.02626},
  year={2015}
}

@inproceedings{tan2019mnasnet,
  title={Mnasnet: Platform-aware neural architecture search for mobile},
  author={Tan, Mingxing and Chen, Bo and Pang, Ruoming and Vasudevan, Vijay and Sandler, Mark and Howard, Andrew and Le, Quoc V},
  booktitle={Proceedings of the IEEE/CVF conference on computer vision and pattern recognition},
  pages={2820--2828},
  year={2019}
}

@inproceedings{real2019regularized,
  title={Regularized evolution for image classifier architecture search},
  author={Real, Esteban and Aggarwal, Alok and Huang, Yanping and Le, Quoc V},
  booktitle={Proceedings of the aaai conference on artificial intelligence},
  volume={33},
  number={01},
  pages={4780--4789},
  year={2019}
}

@article{xie2018snas,
  title={SNAS: stochastic neural architecture search},
  author={Xie, Sirui and Zheng, Hehui and Liu, Chunxiao and Lin, Liang},
  journal={arXiv preprint arXiv:1812.09926},
  year={2018}
}

@article{yang2020ista,
  title={Ista-nas: Efficient and consistent neural architecture search by sparse coding},
  author={Yang, Yibo and Li, Hongyang and You, Shan and Wang, Fei and Qian, Chen and Lin, Zhouchen},
  journal={Advances in Neural Information Processing Systems},
  volume={33},
  pages={10503--10513},
  year={2020}
}

@article{hosseini2022saliency,
  title={Saliency-Aware Neural Architecture Search},
  author={Hosseini, Ramtin and Xie, Pengtao},
  journal={Advances in Neural Information Processing Systems},
  volume={35},
  pages={14743--14757},
  year={2022}
}

@article{cai2018proxylessnas,
  title={Proxylessnas: Direct neural architecture search on target task and hardware},
  author={Cai, Han and Zhu, Ligeng and Han, Song},
  journal={arXiv preprint arXiv:1812.00332},
  year={2018}
}

@article{xu2019pc,
  title={Pc-darts: Partial channel connections for memory-efficient architecture search},
  author={Xu, Yuhui and Xie, Lingxi and Zhang, Xiaopeng and Chen, Xin and Qi, Guo-Jun and Tian, Qi and Xiong, Hongkai},
  journal={arXiv preprint arXiv:1907.05737},
  year={2019}
}

@inproceedings{rieger2020interpretations,
  title={Interpretations are useful: penalizing explanations to align neural networks with prior knowledge},
  author={Rieger, Laura and Singh, Chandan and Murdoch, William and Yu, Bin},
  booktitle={International conference on machine learning},
  pages={8116--8126},
  year={2020},
  organization={PMLR}
}

@inproceedings{he2020milenas,
  title={Milenas: Efficient neural architecture search via mixed-level reformulation},
  author={He, Chaoyang and Ye, Haishan and Shen, Li and Zhang, Tong},
  booktitle={Proceedings of the IEEE/CVF Conference on Computer Vision and Pattern Recognition},
  pages={11993--12002},
  year={2020}
}


@article{cheng2017survey,
  title={A survey of model compression and acceleration for deep neural networks},
  author={Cheng, Yu and Wang, Duo and Zhou, Pan and Zhang, Tao},
  journal={arXiv preprint arXiv:1710.09282},
  year={2017}
}

@article{han2016eie,
  title={EIE: Efficient inference engine on compressed deep neural network},
  author={Han, Song and Liu, Xingyu and Mao, Huizi and Pu, Jing and Pedram, Ardavan and Horowitz, Mark A and Dally, William J},
  journal={ACM SIGARCH Computer Architecture News},
  volume={44},
  number={3},
  pages={243--254},
  year={2016},
  publisher={ACM New York, NY, USA}
}

@article{chen2018escoin,
  title={Escoin: Efficient sparse convolutional neural network inference on GPUs},
  author={Chen, Xuhao},
  journal={arXiv preprint arXiv:1802.10280},
  year={2018}
}

@misc{chen2020spatially,
  title={Spatially sparse convolutional neural networks for inking applications},
  author={Chen, Tianyi and Shi, Yixin and Yi, Sheng},
  year={2020},
  month=sep # "~17",
  publisher={Google Patents},
  note={US Patent App. 16/355,702}
}

@article{lin2019toward,
  title={Toward compact convnets via structure-sparsity regularized filter pruning},
  author={Lin, Shaohui and Ji, Rongrong and Li, Yuchao and Deng, Cheng and Li, Xuelong},
  journal={IEEE transactions on neural networks and learning systems},
  volume={31},
  number={2},
  pages={574--588},
  year={2019},
  publisher={IEEE}
}

@inproceedings{NIPS2017_3f5ee243,
 author = {Vaswani, Ashish and Shazeer, Noam and Parmar, Niki and Uszkoreit, Jakob and Jones, Llion and Gomez, Aidan N and Kaiser, Lukasz and Polosukhin, Illia},
 booktitle = {Advances in Neural Information Processing Systems},
 editor = {I. Guyon and U. V. Luxburg and S. Bengio and H. Wallach and R. Fergus and S. Vishwanathan and R. Garnett},
 pages = {},
 publisher = {Curran Associates, Inc.},
 title = {Attention is All you Need},
 volume = {30},
 year = {2017}
}

@article{sehwag2020hydra,
  title={Hydra: Pruning adversarially robust neural networks},
  author={Sehwag, Vikash and Wang, Shiqi and Mittal, Prateek and Jana, Suman},
  journal={Advances in Neural Information Processing Systems (NeurIPS)},
  volume={7},
  year={2020}
}

@article{chen2021progressive,
  title={Progressive darts: Bridging the optimization gap for nas in the wild},
  author={Chen, Xin and Xie, Lingxi and Wu, Jun and Tian, Qi},
  journal={International Journal of Computer Vision},
  volume={129},
  pages={638--655},
  year={2021},
  publisher={Springer}
}

@article{chen2019storage,
  title={Storage efficient and dynamic flexible runtime channel pruning via deep reinforcement learning},
  author={Chen, Jianda and Chen, Shangyu and Pan, Sinno Jialin},
  journal={Advances in neural information processing systems},
  volume={33},
  pages={14747--14758},
  year={2020}
}

@article{meng2020pruning,
  title={Pruning Filter in Filter},
  author={Meng, Fanxu and Cheng, Hao and Li, Ke and Luo, Huixiang and Guo, Xiaowei and Lu, Guangming and Sun, Xing},
  journal={arXiv preprint arXiv:2009.14410},
  year={2020}
}

@article{hinton2015distilling,
  title={Distilling the knowledge in a neural network},
  author={Hinton, Geoffrey and Vinyals, Oriol and Dean, Jeff},
  journal={arXiv preprint arXiv:1503.02531},
  year={2015}
}

@misc{onnxruntime,
  title={ONNX Runtime},
  author={ONNX Runtime developers},
  year={2021},
  howpublished={\url{https://onnxruntime.ai/}}
}

@article{tang2020scop,
  title={SCOP: Scientific Control for Reliable Neural Network Pruning},
  author={Tang, Yehui and Wang, Yunhe and Xu, Yixing and Tao, Dacheng and Xu, Chunjing and Xu, Chao and Xu, Chang},
  journal={arXiv preprint arXiv:2010.10732},
  year={2020}
}

@article{van2020bayesian,
  title={Bayesian bits: Unifying quantization and pruning},
  author={van Baalen, Mart and Louizos, Christos and Nagel, Markus and Amjad, Rana Ali and Wang, Ying and Blankevoort, Tijmen and Welling, Max},
  journal={arXiv preprint arXiv:2005.07093},
  year={2020}
}


@article{frankle2018lottery,
  title={The lottery ticket hypothesis: Finding sparse, trainable neural networks},
  author={Frankle, Jonathan and Carbin, Michael},
  journal={arXiv preprint arXiv:1803.03635},
  year={2018}
}

@article{frankle2019stabilizing,
  title={Stabilizing the lottery ticket hypothesis},
  author={Frankle, Jonathan and Dziugaite, Gintare Karolina and Roy, Daniel M and Carbin, Michael},
  journal={arXiv preprint arXiv:1903.01611},
  year={2019}
}

@article{renda2020comparing,
  title={Comparing rewinding and fine-tuning in neural network pruning},
  author={Renda, Alex and Frankle, Jonathan and Carbin, Michael},
  journal={arXiv preprint arXiv:2003.02389},
  year={2020}
}

@article{ren2015faster,
  title={Faster r-cnn: Towards real-time object detection with region proposal networks},
  author={Ren, Shaoqing and He, Kaiming and Girshick, Ross and Sun, Jian},
  journal={arXiv preprint arXiv:1506.01497},
  year={2015}
}

@inproceedings{redmon2016you,
  title={You only look once: Unified, real-time object detection},
  author={Redmon, Joseph and Divvala, Santosh and Girshick, Ross and Farhadi, Ali},
  booktitle={Proceedings of the IEEE conference on computer vision and pattern recognition},
  pages={779--788},
  year={2016}
}

@Inbook{Jolliffe2011,
author="Jolliffe, Ian",
editor="Lovric, Miodrag",
title="Principal Component Analysis",
bookTitle="International Encyclopedia of Statistical Science",
year="2011",
publisher="Springer Berlin Heidelberg",
address="Berlin, Heidelberg",
pages="1094--1096",
isbn="978-3-642-04898-2",
doi="10.1007/978-3-642-04898-2_455",
url="https://doi.org/10.1007/978-3-642-04898-2_455"
}

@misc{imagenethierychy,
    title={ImageNet Hierarchy},
    author={Bostock, Mike},
    howpublished={\url{https://observablehq.com/@mbostock/imagenet-hierarchy}}
}

@article{lee2012manifold,
  title={Manifold identification in dual averaging for regularized stochastic online learning},
  author={Lee, Sangkyun and Wright, Stephen J},
  journal={The Journal of Machine Learning Research},
  volume={13},
  number={1},
  pages={1705--1744},
  year={2012},
  publisher={JMLR. org}
}

@inproceedings{li2020eagleeye,
  title={Eagleeye: Fast sub-net evaluation for efficient neural network pruning},
  author={Li, Bailin and Wu, Bowen and Su, Jiang and Wang, Guangrun},
  booktitle={European Conference on Computer Vision},
  pages={639--654},
  year={2020},
  organization={Springer}
}

@CONFERENCE{ThiNet_ICCV17,
  author={Luo, Jianhao and Wu, Jianxin and Lin, Weiyao},
  title={ThiNet: A Filter Level Pruning Method for Deep Neural Network Compression},
  booktitle={ICCV},
  year = {2017},
  pages={5058-5066},
}

@InProceedings{He_2017_ICCV,
author = {He, Yihui and Zhang, Xiangyu and Sun, Jian},
title = {Channel Pruning for Accelerating Very Deep Neural Networks},
booktitle = {The IEEE International Conference on Computer Vision (ICCV)},
month = {Oct},
year = {2017}
}

@inproceedings{huang2018data,
  title={Data-driven sparse structure selection for deep neural networks},
  author={Huang, Zehao and Wang, Naiyan},
  booktitle={Proceedings of the European conference on computer vision (ECCV)},
  pages={304--320},
  year={2018}
}


@inproceedings{zhang2018systematic,
  title={A systematic dnn weight pruning framework using alternating direction method of multipliers},
  author={Zhang, Tianyun and Ye, Shaokai and Zhang, Kaiqi and Tang, Jian and Wen, Wujie and Fardad, Makan and Wang, Yanzhi},
  booktitle={Proceedings of the European Conference on Computer Vision (ECCV)},
  pages={184--199},
  year={2018}
}

@book{boyd2011distributed,
  title={Distributed optimization and statistical learning via the alternating direction method of multipliers},
  author={Boyd, Stephen and Parikh, Neal and Chu, Eric},
  year={2011},
  publisher={Now Publishers Inc}
}

% joint quantization learning
@InProceedings{Tung_2018_CVPR,
author = {Tung, Frederick and Mori, Greg},
title = {CLIP-Q: Deep Network Compression Learning by In-Parallel Pruning-Quantization},
booktitle = {Proceedings of the IEEE Conference on Computer Vision and Pattern Recognition (CVPR)},
month = {June},
year = {2018}
}

@inproceedings{yang2020automatic,
  title={Automatic neural network compression by sparsity-quantization joint learning: A constrained optimization-based approach},
  author={Yang, Haichuan and Gui, Shupeng and Zhu, Yuhao and Liu, Ji},
  booktitle={Proceedings of the IEEE/CVF Conference on Computer Vision and Pattern Recognition},
  pages={2178--2188},
  year={2020}
}

@inproceedings{gao2020highly,
  title={Highly efficient salient object detection with 100k parameters},
  author={Gao, Shang-Hua and Tan, Yong-Qiang and Cheng, Ming-Ming and Lu, Chengze and Chen, Yunpeng and Yan, Shuicheng},
  booktitle={European Conference on Computer Vision},
  pages={702--721},
  year={2020},
  organization={Springer}
}

% structured sparsity
@article{wen2016learning,
  title={Learning structured sparsity in deep neural networks},
  author={Wen, Wei and Wu, Chunpeng and Wang, Yandan and Chen, Yiran and Li, Hai},
  journal={arXiv preprint arXiv:1608.03665},
  year={2016}
}

@inproceedings{li2020group,
  title={Group sparsity: The hinge between filter pruning and decomposition for network compression},
  author={Li, Yawei and Gu, Shuhang and Mayer, Christoph and Gool, Luc Van and Timofte, Radu},
  booktitle={Proceedings of the IEEE/CVF Conference on Computer Vision and Pattern Recognition},
  pages={8018--8027},
  year={2020}
}

@article{zhuang2020neuron,
  title={Neuron-level Structured Pruning using Polarization Regularizer},
  author={Zhuang, Tao and Zhang, Zhixuan and Huang, Yuheng and Zeng, Xiaoyi and Shuang, Kai and Li, Xiang},
  journal={Advances in Neural Information Processing Systems},
  volume={33},
  year={2020}
}

@article{sanh2020movement,
  title={Movement pruning: Adaptive sparsity by fine-tuning},
  author={Sanh, Victor and Wolf, Thomas and Rush, Alexander M},
  journal={arXiv preprint arXiv:2005.07683},
  year={2020}
}

@article{fan2019reducing,
  title={Reducing transformer depth on demand with structured dropout},
  author={Fan, Angela and Grave, Edouard and Joulin, Armand},
  journal={arXiv preprint arXiv:1909.11556},
  year={2019}
}

@article{guo2019reweighted,
  title={Reweighted proximal pruning for large-scale language representation},
  author={Guo, Fu-Ming and Liu, Sijia and Mungall, Finlay S and Lin, Xue and Wang, Yanzhi},
  journal={arXiv preprint arXiv:1909.12486},
  year={2019}
}

@article{gordon2020compressing,
  title={Compressing bert: Studying the effects of weight pruning on transfer learning},
  author={Gordon, Mitchell A and Duh, Kevin and Andrews, Nicholas},
  journal={arXiv preprint arXiv:2002.08307},
  year={2020}
}

@inproceedings{bao2019depth,
  title={Depth-aware video frame interpolation},
  author={Bao, Wenbo and Lai, Wei-Sheng and Ma, Chao and Zhang, Xiaoyun and Gao, Zhiyong and Yang, Ming-Hsuan},
  booktitle={Proceedings of the IEEE/CVF Conference on Computer Vision and Pattern Recognition},
  pages={3703--3712},
  year={2019}
}

@article{ding2021cdfi,
  title={CDFI: Compression-Driven Network Design for Frame Interpolation},
  author={Ding, Tianyu and Liang, Luming and Zhu, Zhihui and Zharkov, Ilya},
  journal={arXiv preprint arXiv:2103.10559},
  year={2021}
}

@article{wang2018video,
  title={Video-to-video synthesis},
  author={Wang, Ting-Chun and Liu, Ming-Yu and Zhu, Jun-Yan and Liu, Guilin and Tao, Andrew and Kautz, Jan and Catanzaro, Bryan},
  journal={arXiv preprint arXiv:1808.06601},
  year={2018}
}

@article{kwatra2003graphcut,
  title={Graphcut textures: Image and video synthesis using graph cuts},
  author={Kwatra, Vivek and Sch{\"o}dl, Arno and Essa, Irfan and Turk, Greg and Bobick, Aaron},
  journal={Acm transactions on graphics (tog)},
  volume={22},
  number={3},
  pages={277--286},
  year={2003},
  publisher={ACM New York, NY, USA}
}

@inproceedings{zhang2018unreasonable,
  title={The unreasonable effectiveness of deep features as a perceptual metric},
  author={Zhang, Richard and Isola, Phillip and Efros, Alexei A and Shechtman, Eli and Wang, Oliver},
  booktitle={Proceedings of the IEEE conference on computer vision and pattern recognition},
  pages={586--595},
  year={2018}
}

@article{fukushima1969visual,
  title={Visual feature extraction by a multilayered network of analog threshold elements},
  author={Fukushima, Kunihiko},
  journal={IEEE Transactions on Systems Science and Cybernetics},
  volume={5},
  number={4},
  pages={322--333},
  year={1969},
  publisher={IEEE}
}

@inproceedings{he2015delving,
  title={Delving deep into rectifiers: Surpassing human-level performance on imagenet classification},
  author={He, Kaiming and Zhang, Xiangyu and Ren, Shaoqing and Sun, Jian},
  booktitle={Proceedings of the IEEE international conference on computer vision},
  pages={1026--1034},
  year={2015}
}

@article{hendrycks2016gaussian,
  title={Gaussian error linear units (gelus)},
  author={Hendrycks, Dan and Gimpel, Kevin},
  journal={arXiv preprint arXiv:1606.08415},
  year={2016}
}

@article{xu2015empirical,
  title={Empirical evaluation of rectified activations in convolutional network},
  author={Xu, Bing and Wang, Naiyan and Chen, Tianqi and Li, Mu},
  journal={arXiv preprint arXiv:1505.00853},
  year={2015}
}

@inproceedings{chen2021oto,
 author = {Chen, Tianyi and Ji, Bo and Ding, Tianyu and Fang, Biyi and Wang, Guanyi and Zhu, Zhihui and Liang, Luming and Shi, Yixin and Yi, Sheng and Tu, Xiao},
 booktitle = {Advances in Neural Information Processing Systems},
 title = {Only Train Once: A One-Shot Neural Network Training And Pruning Framework},
 year = {2021}
}

@inproceedings{liu2017learning,
  title={Learning efficient convolutional networks through network slimming},
  author={Liu, Zhuang and Li, Jianguo and Shen, Zhiqiang and Huang, Gao and Yan, Shoumeng and Zhang, Changshui},
  booktitle={Proceedings of the IEEE international conference on computer vision},
  pages={2736--2744},
  year={2017}
}

@inproceedings{zhao2019variational,
  title={Variational convolutional neural network pruning},
  author={Zhao, Chenglong and Ni, Bingbing and Zhang, Jian and Zhao, Qiwei and Zhang, Wenjun and Tian, Qi},
  booktitle={Proceedings of the IEEE/CVF Conference on Computer Vision and Pattern Recognition},
  pages={2780--2789},
  year={2019}
}

@inproceedings{li2022revisiting,
  title={Revisiting Random Channel Pruning for Neural Network Compression},
  author={Li, Yawei and Adamczewski, Kamil and Li, Wen and Gu, Shuhang and Timofte, Radu and Van Gool, Luc},
  booktitle={Proceedings of the IEEE/CVF Conference on Computer Vision and Pattern Recognition},
  pages={191--201},
  year={2022}
}


@InProceedings{pmlr-v162-yu22e,
  title = 	 {Topology-Aware Network Pruning using Multi-stage Graph Embedding and Reinforcement Learning},
  author =       {Yu, Sixing and Mazaheri, Arya and Jannesari, Ali},
  booktitle = 	 {Proceedings of the 39th International Conference on Machine Learning},
  year = 	 {2022},
}

@article{dichannel2022,
  title={On the Channel Pruning Using Graph Convolution Network for Convolutional Neural Network Acceleration},
  author={Di Jiang, Yuan Cao and Yang, Qiang},
  booktitle = {Proceedings of the International Joint Conference on Automated Reasoning},
  year = {2022},
}

@article{elsken2018efficient,
  title={Efficient multi-objective neural architecture search via lamarckian evolution},
  author={Elsken, Thomas and Metzen, Jan Hendrik and Hutter, Frank},
  journal={arXiv preprint arXiv:1804.09081},
  year={2018}
}

@article{brock2017smash,
  title={Smash: one-shot model architecture search through hypernetworks},
  author={Brock, Andrew and Lim, Theodore and Ritchie, James M and Weston, Nick},
  journal={arXiv preprint arXiv:1708.05344},
  year={2017}
}

@inproceedings{kanter2015deep,
  title={Deep feature synthesis: Towards automating data science endeavors},
  author={Kanter, James Max and Veeramachaneni, Kalyan},
  booktitle={2015 IEEE international conference on data science and advanced analytics (DSAA)},
  pages={1--10},
  year={2015},
  organization={IEEE}
}

@inproceedings{katz2016explorekit,
  title={Explorekit: Automatic feature generation and selection},
  author={Katz, Gilad and Shin, Eui Chul Richard and Song, Dawn},
  booktitle={2016 IEEE 16th International Conference on Data Mining (ICDM)},
  pages={979--984},
  year={2016},
  organization={IEEE}
}

@inproceedings{klein2017fast,
  title={Fast bayesian optimization of machine learning hyperparameters on large datasets},
  author={Klein, Aaron and Falkner, Stefan and Bartels, Simon and Hennig, Philipp and Hutter, Frank},
  booktitle={Artificial intelligence and statistics},
  pages={528--536},
  year={2017},
  organization={PMLR}
}

@inproceedings{huang2017densely,
  title={Densely connected convolutional networks},
  author={Huang, Gao and Liu, Zhuang and Van Der Maaten, Laurens and Weinberger, Kilian Q},
  booktitle={Proceedings of the IEEE conference on computer vision and pattern recognition},
  pages={4700--4708},
  year={2017}
}

@inproceedings{ronneberger2015u,
  title={U-net: Convolutional networks for biomedical image segmentation},
  author={Ronneberger, Olaf and Fischer, Philipp and Brox, Thomas},
  booktitle={International Conference on Medical image computing and computer-assisted intervention},
  pages={234--241},
  year={2015},
  organization={Springer}
}

@inproceedings{ahn2018fast,
  title={Fast, accurate, and lightweight super-resolution with cascading residual network},
  author={Ahn, Namhyuk and Kang, Byungkon and Sohn, Kyung-Ah},
  booktitle={Proceedings of the European conference on computer vision (ECCV)},
  pages={252--268},
  year={2018}
}

@article{netzer2011reading,
  title={Reading digits in natural images with unsupervised feature learning},
  author={Netzer, Yuval and Wang, Tao and Coates, Adam and Bissacco, Alessandro and Wu, Bo and Ng, Andrew Y},
  year={2011}
}

@article{chen2020neural,
  title={Neural network compression via sparse optimization},
  author={Chen, Tianyi and Ji, Bo and Shi, Yixin and Ding, Tianyu and Fang, Biyi and Yi, Sheng and Tu, Xiao},
  journal={arXiv preprint arXiv:2011.04868},
  year={2020}
}

@inproceedings{hou2022chex,
  title={CHEX: CHannel EXploration for CNN Model Compression},
  author={Hou, Zejiang and Qin, Minghai and Sun, Fei and Ma, Xiaolong and Yuan, Kun and Xu, Yi and Chen, Yen-Kuang and Jin, Rong and Xie, Yuan and Kung, Sun-Yuan},
  booktitle={Proceedings of the IEEE/CVF Conference on Computer Vision and Pattern Recognition},
  pages={12287--12298},
  year={2022}
}

@article{kingma2014adam,
  title={Adam: A method for stochastic optimization},
  author={Kingma, Diederik P and Ba, Jimmy},
  journal={arXiv preprint arXiv:1412.6980},
  year={2014}
}

@inproceedings{miao2021learning,
  title={Learning Pruning-Friendly Networks via Frank-Wolfe: One-Shot, Any-Sparsity, And No Retraining},
  author={Miao, Lu and Luo, Xiaolong and Chen, Tianlong and Chen, Wuyang and Liu, Dong and Wang, Zhangyang},
  booktitle={International Conference on Learning Representations},
  year={2021}
}


@inproceedings{torch2019nips,
title = {PyTorch: An Imperative Style, High-Performance Deep Learning Library},
author = {Paszke, Adam and Gross, Sam and Massa, Francisco and Lerer, Adam and Bradbury, James and Chanan, Gregory and Killeen, Trevor and Lin, Zeming and Gimelshein, Natalia and Antiga, Luca and Desmaison, Alban and Kopf, Andreas and Yang, Edward and DeVito, Zachary and Raison, Martin and Tejani, Alykhan and Chilamkurthy, Sasank and Steiner, Benoit and Fang, Lu and Bai, Junjie and Chintala, Soumith},

booktitle= {Advances in Neural Information Processing Systems 32},
year = {2019},

}

@misc{bai2019,
    author = {Bai, Junjie and Lu, Fang and Zhang, Ke and others},
    title = {ONNX: Open Neural Network Exchange},
    year = {2019},
    publisher = {GitHub},
    journal = {GitHub repository},
    howpublished = {\url{https://github.com/onnx/onnx}},
    commit = {94d238d96e3fb3a7ba34f03c284b9ad3516163be}
}

@misc{onnx2torch2022,
    author = {Arseny},
    title = {ONNX2Torch: an ONNX to PyTorch converter.},
    year = {2022},
    publisher = {GitHub},
    journal = {GitHub repository},
    howpublished = {\url{https://github.com/ENOT-AutoDL/onnx2torch}},
}


@inproceedings{agustsson2017ntire,
  title={Ntire 2017 challenge on single image super-resolution: Dataset and study},
  author={Agustsson, Eirikur and Timofte, Radu},
  booktitle={Proceedings of the IEEE conference on computer vision and pattern recognition workshops},
  year={2017}
}

@inproceedings{oh2022attentive,
  title={Attentive Fine-Grained Structured Sparsity for Image Restoration},
  author={Oh, Junghun and Kim, Heewon and Nah, Seungjun and Hong, Cheeun and Choi, Jonghyun and Lee, Kyoung Mu},
  booktitle={Proceedings of the IEEE/CVF Conference on Computer Vision and Pattern Recognition},
  pages={17673--17682},
  year={2022}
}

@inproceedings{zeyde2010single,
  title={On single image scale-up using sparse-representations},
  author={Zeyde, Roman and Elad, Michael and Protter, Matan},
  booktitle={International conference on curves and surfaces},
  year={2010},
  organization={Springer}
}

@inproceedings{martin2001database,
  title={A database of human segmented natural images and its application to evaluating segmentation algorithms and measuring ecological statistics},
  author={Martin, David and Fowlkes, Charless and Tal, Doron and Malik, Jitendra},
  booktitle={Proceedings Eighth IEEE International Conference on Computer Vision. ICCV 2001},
  volume={2},
  pages={416--423},
  year={2001},
  organization={IEEE}
}

@inproceedings{huang2015single,
  title={Single image super-resolution from transformed self-exemplars},
  author={Huang, Jia-Bin and Singh, Abhishek and Ahuja, Narendra},
  booktitle={Proceedings of the IEEE conference on computer vision and pattern recognition},
  year={2015}
}


@article{weng2019unet,
  title={Nas-unet: Neural architecture search for medical image segmentation},
  author={Weng, Yu and Zhou, Tianbao and Li, Yujie and Qiu, Xiaoyu},
  journal={IEEE access},
  volume={7},
  pages={44247--44257},
  year={2019},
  publisher={IEEE}
}

@article{zhou2020theory,
  title={Theory-inspired path-regularized differential network architecture search},
  author={Zhou, Pan and Xiong, Caiming and Socher, Richard and Hoi, Steven Chu Hong},
  journal={Advances in Neural Information Processing Systems},
  volume={33},
  pages={8296--8307},
  year={2020}
}

@article{zhang2017mixup,
  title={mixup: Beyond empirical risk minimization},
  author={Zhang, Hongyi and Cisse, Moustapha and Dauphin, Yann N and Lopez-Paz, David},
  journal={arXiv preprint arXiv:1710.09412},
  year={2017}
}

@inproceedings{radosavovic2020designing,
  title={Designing network design spaces},
  author={Radosavovic, Ilija and Kosaraju, Raj Prateek and Girshick, Ross and He, Kaiming and Doll{\'a}r, Piotr},
  booktitle={Proceedings of the IEEE/CVF conference on computer vision and pattern recognition},
  pages={10428--10436},
  year={2020}
}

@inproceedings{liu2022convnet,
  title={A convnet for the 2020s},
  author={Liu, Zhuang and Mao, Hanzi and Wu, Chao-Yuan and Feichtenhofer, Christoph and Darrell, Trevor and Xie, Saining},
  booktitle={Proceedings of the IEEE/CVF Conference on Computer Vision and Pattern Recognition},
  pages={11976--11986},
  year={2022}
}


@InProceedings{pmlr-v123-liu20a,
  title = 	 {Towards Automated Deep Learning:  Analysis of the AutoDL challenge series 2019},
  author =       {Liu, Zhengying and Xu, Zhen and Rajaa, Shangeth and Madadi, Meysam and Junior, Julio C. S. Jacques and Escalera, Sergio and Pavao, Adrien and Treguer, Sebastien and Tu, Wei-Wei and Guyon, Isabelle},
  booktitle = 	 {Proceedings of the NeurIPS 2019 Competition and Demonstration Track},
  year = 	 {2020},
  series = 	 {Proceedings of Machine Learning Research},
  publisher =    {PMLR},
}

@inproceedings{xu2021automl,
  title={Automl meets time series regression design and analysis of the autoseries challenge},
  author={Xu, Zhen and Tu, Wei-Wei and Guyon, Isabelle},
  booktitle={Machine Learning and Knowledge Discovery in Databases.},
  pages={36--51},
  year={2021},
  organization={Springer}
}

@inproceedings{laenen2023one,
  title={One-Shot Neural Network Pruning via Spectral Graph Sparsification},
  author={Laenen, Steinar},
  booktitle={Topological, Algebraic and Geometric Learning Workshops 2023},
  pages={60--71},
  year={2023},
  organization={PMLR}
}

@article{ghimire2022survey,
  title={A survey on efficient convolutional neural networks and hardware acceleration},
  author={Ghimire, Deepak and Kil, Dayoung and Kim, Seong-heum},
  journal={Electronics},
  volume={11},
  number={6},
  pages={945},
  year={2022},
  publisher={MDPI}
}

@article{li2023model,
  title={Model Compression for Deep Neural Networks: A Survey},
  author={Li, Zhuo and Li, Hengyi and Meng, Lin},
  journal={Computers},
  volume={12},
  number={3},
  pages={60},
  year={2023},
  publisher={MDPI}
}

@article{li2023hardware,
  title={Hardware-aware approach to deep neural network optimization},
  author={Li, Hengyi and Meng, Lin},
  journal={Neurocomputing},
  volume={559},
  pages={126808},
  year={2023},
  publisher={Elsevier}
}

@article{kolter2021xrl,
  title={XRL: Explainable Reinforcement Learning for AI Autonomy},
  author={Kolter, JZ and Ravikumar, Pradeep and Carnegie Mellon University},
  year={2021}
}

@article{pedregosa2011scikit,
  title={Scikit-learn: Machine learning in Python},
  author={Pedregosa, Fabian and Varoquaux, Ga{\"e}l and Gramfort, Alexandre and Michel, Vincent and Thirion, Bertrand and Grisel, Olivier and Blondel, Mathieu and Prettenhofer, Peter and Weiss, Ron and Dubourg, Vincent and others},
  journal={the Journal of machine Learning research},
  volume={12},
  pages={2825--2830},
  year={2011},
  publisher={JMLR. org}
}

@article{klopfenstein2023local,
  title={Local linear convergence of proximal coordinate descent algorithm},
  author={Klopfenstein, Quentin and Bertrand, Quentin and Gramfort, Alexandre and Salmon, Joseph and Vaiter, Samuel},
  journal={Optimization Letters},
  pages={1--20},
  year={2023},
  publisher={Springer}
}

@inproceedings{frantar2023sparsegpt,
  title={Sparsegpt: Massive language models can be accurately pruned in one-shot},
  author={Frantar, Elias and Alistarh, Dan},
  booktitle={International Conference on Machine Learning},
  pages={10323--10337},
  year={2023},
  organization={PMLR}
}

@inproceedings{idelbayev2022exploring,
  title={Exploring the Effect of $\ell_0/\ell_2$ Regularization in Neural Network Pruning using the LC Toolkit},
  author={Idelbayev, Yerlan and Carreira-Perpi{\~n}{\'a}n, Miguel {\'A}},
  booktitle={ICASSP 2022-2022 IEEE International Conference on Acoustics, Speech and Signal Processing (ICASSP)},
  pages={3373--3377},
  year={2022},
  organization={IEEE}
}

@inproceedings{zhang2023leanflex,
  title={LeanFlex-GKP: Advancing Hassle-Free Structured Pruning with Simple Flexible Group Count},
  author={Zhang, Jiamu and Zhong, Shaochen and Ye, Andrew and Liu, Zirui and Zhou, Kaixiong and Hu, Xia and Xu, Shuai and Chaudhary, Vipin},
  booktitle={Workshop on Advancing Neural Network Training: Computational Efficiency, Scalability, and Resource Optimization (WANT@ NeurIPS 2023)},
  year={2023}
}

@inproceedings{zhong2023one,
  title={One Less Reason for Filter Pruning: Gaining Free Adversarial Robustness with Structured Grouped Kernel Pruning},
  author={Zhong, Shaochen and You, Zaichuan and Zhang, Jiamu and Zhao, Sebastian and LeClaire, Zachary and Liu, Zirui and Zha, Daochen and Chaudhary, Vipin and Xu, Shuai and Hu, Xia},
  booktitle={Thirty-seventh Conference on Neural Information Processing Systems},
  year={2023}
}

@article{ham2023cosine,
  title={Cosine Similarity Knowledge Distillation for Individual Class Information Transfer},
  author={Ham, Gyeongdo and Kim, Seonghak and Lee, Suin and Lee, Jae-Hyeok and Kim, Daeshik},
  journal={arXiv preprint arXiv:2311.14307},
  year={2023}
}

@misc{rw2019timm,
  author = {Ross Wightman},
  title = {PyTorch Image Models},
  year = {2019},
  publisher = {GitHub},
  journal = {GitHub repository},
  doi = {10.5281/zenodo.4414861},
  howpublished = {\url{https://github.com/rwightman/pytorch-image-models}}
}

@article{zhao2009composite,
  title={The composite absolute penalties family for grouped and hierarchical variable selection},
  author={Zhao, Peng and Rocha, Guilherme and Yu, Bin},
  year={2009}
}

@inproceedings{chen2021orthant,
  title={Orthant Based Proximal Stochastic Gradient Method for $\ell_1$-Regularized Optimization},
  author={Chen, Tianyi and Ding, Tianyu and Ji, Bo and Wang, Guanyi and Shi, Yixin and Tian, Jing and Yi, Sheng and Tu, Xiao and Zhu, Zhihui},
  booktitle={Machine Learning and Knowledge Discovery in Databases: European Conference, ECML PKDD 2020, Ghent, Belgium, September 14--18, 2020, Proceedings, Part III},
  pages={57--73},
  year={2021},
  organization={Springer}
}

@article{cai2019once,
  title={Once-for-all: Train one network and specialize it for efficient deployment},
  author={Cai, Han and Gan, Chuang and Wang, Tianzhe and Zhang, Zhekai and Han, Song},
  journal={arXiv preprint arXiv:1908.09791},
  year={2019}
}

@phdthesis{chen2018fast,
  title={A Fast Reduced-Space Algorithmic Framework for Sparse Optimization},
  author={Chen, Tianyi},
  year={2018},
  school={Johns Hopkins University}
}


@article{liu2018darts,
  title={Darts: Differentiable architecture search},
  author={Liu, Hanxiao and Simonyan, Karen and Yang, Yiming},
  journal={arXiv preprint arXiv:1806.09055},
  year={2018}
}

@inproceedings{szegedy2015going,
  title={Going deeper with convolutions},
  author={Szegedy, Christian and Liu, Wei and Jia, Yangqing and Sermanet, Pierre and Reed, Scott and Anguelov, Dragomir and Erhan, Dumitru and Vanhoucke, Vincent and Rabinovich, Andrew},
  booktitle={Proceedings of the IEEE conference on computer vision and pattern recognition},
  pages={1--9},
  year={2015}
}

@inproceedings{ming_zennas_iccv2021,
  author    = {Ming Lin and Pichao Wang and Zhenhong Sun and Hesen Chen and Xiuyu Sun and Qi Qian and Hao Li and Rong Jin},
  title     = {Zen-NAS: A Zero-Shot NAS for High-Performance Deep Image Recognition},
  booktitle = {2021 IEEE/CVF International Conference on Computer Vision, {ICCV} 2021},  
  year      = {2021},
}

@article{tanaka2020pruning,
  title={Pruning neural networks without any data by iteratively conserving synaptic flow},
  author={Tanaka, Hidenori and Kunin, Daniel and Yamins, Daniel L and Ganguli, Surya},
  journal={Advances in neural information processing systems},
  volume={33},
  pages={6377--6389},
  year={2020}
}


@inproceedings{mellor2021neural,
  title={Neural architecture search without training},
  author={Mellor, Joe and Turner, Jack and Storkey, Amos and Crowley, Elliot J},
  booktitle={International Conference on Machine Learning},
  pages={7588--7598},
  year={2021},
  organization={PMLR}
}


@inproceedings{munoz2022automated,
  title={Automated Super-Network generation for scalable neural architecture search},
  author={Munoz, Juan Pablo and Lyalyushkin, Nikolay and Lacewell, Chaunte Willetta and Senina, Anastasia and Cummings, Daniel and Sarah, Anthony and Kozlov, Alexander and Jain, Nilesh},
  booktitle={International Conference on Automated Machine Learning},
  pages={5--1},
  year={2022},
  organization={PMLR}
}

@inproceedings{calhas2022automatic,
  title={Automatic Generation of Neural Architecture Search Spaces},
  author={Calhas, David and Manquinho, Vasco M and Lynce, Ines},
  booktitle={Combining Learning and Reasoning: Programming Languages, Formalisms, and Representations},
  year={2022}
}

@inproceedings{zhou2021autospace,
  title={Autospace: Neural architecture search with less human interference},
  author={Zhou, Daquan and Jin, Xiaojie and Lian, Xiaochen and Yang, Linjie and Xue, Yujing and Hou, Qibin and Feng, Jiashi},
  booktitle={Proceedings of the IEEE/CVF International Conference on Computer Vision},
  pages={337--346},
  year={2021}
}

@article{HAWQ-V2,
  title={Hawq-v2: Hessian aware trace-weighted quantization of neural networks},
  author={Dong, Zhen and Yao, Zhewei and Arfeen, Daiyaan and Gholami, Amir and Mahoney, Michael W and Keutzer, Kurt},
  journal={Advances in neural information processing systems},
  volume={33},
  pages={18518--18529},
  year={2020}
}

@article{shkolnik2020robustquant,
  title={Robust quantization: One model to rule them all},
  author={Chmiel, Brian and Banner, Ron and Shomron, Gil and Nahshan, Yury and Bronstein, Alex and Weiser, Uri and others},
  journal={Advances in neural information processing systems},
  volume={33},
  pages={5308--5317},
  year={2020}
}

@article{zandonati2023towards,
  title={Towards Optimal Compression: Joint Pruning and Quantization},
  author={Zandonati, Ben and Bucagu, Glenn and Pol, Adrian Alan and Pierini, Maurizio and Sirkin, Olya and Kopetz, Tal},
  journal={arXiv preprint arXiv:2302.07612},
  year={2023}
}

@article{frantar2022optimal,
  title={Optimal brain compression: A framework for accurate post-training quantization and pruning},
  author={Frantar, Elias and Alistarh, Dan},
  journal={Advances in Neural Information Processing Systems},
  volume={35},
  pages={4475--4488},
  year={2022}
}

@inproceedings{hu2021opq,
  title={Opq: Compressing deep neural networks with one-shot pruning-quantization},
  author={Hu, Peng and Peng, Xi and Zhu, Hongyuan and Aly, Mohamed M Sabry and Lin, Jie},
  booktitle={Proceedings of the AAAI conference on artificial intelligence},
  volume={35},
  number={9},
  pages={7780--7788},
  year={2021}
}

@inproceedings{shen2020q,
    title={Q-bert: Hessian based ultra low precision quantization of bert},
    author={Shen, Sheng and Dong, Zhen and Ye, Jiayu and Ma, Linjian and Yao, Zhewei and Gholami, Amir and Mahoney, Michael W and Keutzer, Kurt},
    booktitle={Proceedings of the AAAI Conference on Artificial Intelligence},
    volume={34},
    number={05},
    pages={8815--8821},
    year={2020}
}

@article{park2022quantized,
  title={Quantized sparse training: A unified trainable framework for joint pruning and quantization in DNNs},
  author={Park, Jun-Hyung and Kim, Kang-Min and Lee, Sangkeun},
  journal={ACM Transactions on Embedded Computing Systems (TECS)},
  volume={21},
  number={5},
  pages={1--22},
  year={2022},
  publisher={ACM New York, NY}
}

@article{DiffQuant,
  title={Differentiable Quantization of Deep Neural Networks},
  author={Stefan Uhlich and Lukas Mauch and Kazuki Yoshiyama and Fabien Cardinaux and Javier Alonso Garc{\'i}a and Stephen Tiedemann and Thomas Kemp and Akira Nakamura},
  journal={ArXiv},
  year={2019},
  volume={abs/1905.11452},
  url={https://api.semanticscholar.org/CorpusID:167217561}
}

# Newly added references.

@article{Hesso,
  title={HESSO: Towards Automatic Efficient and User Friendly Any Neural Network Training and Pruning},
  author={Chen, Tianyi and Qu, Xiaoyi and Aponte, David and Banbury, Colby and Ko, Jongwoo and Ding, Tianyu and Ma, Yong and Lyapunov, Vladimir and Zharkov, Ilya and Liang, Luming},
  journal={arXiv preprint arXiv:2409.09085},
  year={2024}
}

@article{banner2019post,
  title={Post training 4-bit quantization of convolutional networks for rapid-deployment},
  author={Banner, Ron and Nahshan, Yury and Soudry, Daniel},
  journal={Advances in Neural Information Processing Systems},
  volume={32},
  year={2019}
}

@article{han2015deep,
  title={Deep compression: Compressing deep neural networks with pruning, trained quantization and huffman coding},
  author={Han, Song and Mao, Huizi and Dally, William J},
  journal={arXiv preprint arXiv:1510.00149},
  year={2015}
}


@article{he2023structured,
  title={Structured pruning for deep convolutional neural networks: A survey},
  author={He, Yang and Xiao, Lingao},
  journal={IEEE transactions on pattern analysis and machine intelligence},
  year={2023},
  publisher={IEEE}
}

@article{microsoft2023phi2,
  title={Phi-2: The surprising power of small language models},
  author={Javaheripi, Mojan and Bubeck, S{\'e}bastien and Abdin, Marah and Aneja, Jyoti and Bubeck, Sebastien and Mendes, Caio C{\'e}sar Teodoro and Chen, Weizhu and Del Giorno, Allie and Eldan, Ronen and Gopi, Sivakanth and others},
  journal={Microsoft Research Blog},
  volume={1},
  number={3},
  pages={3},
  year={2023}
}

@inproceedings{ashkboos2024slicegpt,
  title={Slicegpt: Compress large language models by deleting rows and columns},
  author={Ashkboos, Saleh and Croci, Maximilian L and Nascimento, Marcelo Gennari do and Hoefler, Torsten and Hensman, James},
  booktitle={International Conference on Learning Representations},
  year={2024}
}

@article{ma2023llm,
  title={Llm-pruner: On the structural pruning of large language models},
  author={Ma, Xinyin and Fang, Gongfan and Wang, Xinchao},
  journal={Advances in neural information processing systems},
  volume={36},
  pages={21702--21720},
  year={2023}
}

@article{zhang2023loraprune,
  title={Loraprune: Pruning meets low-rank parameter-efficient fine-tuning},
  author={Zhang, Mingyang and Chen, Hao and Shen, Chunhua and Yang, Zhen and Ou, Linlin and Yu, Xinyi and Zhuang, Bohan},
  journal={arXiv preprint arXiv:2305.18403},
  year={2023}
}

@inproceedings{xie2024jointsq,
  title={JointSQ: Joint Sparsification-Quantization for Distributed Learning},
  author={Xie, Weiying and Li, Haowei and Ma, Jitao and Li, Yunsong and Lei, Jie and Liu, Donglai and Fang, Leyuan},
  booktitle={Proceedings of the IEEE/CVF Conference on Computer Vision and Pattern Recognition},
  pages={5778--5787},
  year={2024}
}

@inproceedings{liu2021swin,
  title={Swin transformer: Hierarchical vision transformer using shifted windows},
  author={Liu, Ze and Lin, Yutong and Cao, Yue and Hu, Han and Wei, Yixuan and Zhang, Zheng and Lin, Stephen and Guo, Baining},
  booktitle={Proceedings of the IEEE/CVF international conference on computer vision},
  pages={10012--10022},
  year={2021}
}

@article{alexey2020image,
  title={An image is worth 16x16 words: Transformers for image recognition at scale},
  author={Alexey, Dosovitskiy},
  journal={arXiv preprint arXiv: 2010.11929},
  year={2020}
}

@inproceedings{touvron2021training,
  title={Training data-efficient image transformers \& distillation through attention},
  author={Touvron, Hugo and Cord, Matthieu and Douze, Matthijs and Massa, Francisco and Sablayrolles, Alexandre and J{\'e}gou, Herv{\'e}},
  booktitle={International conference on machine learning},
  pages={10347--10357},
  year={2021},
  organization={PMLR}
}

@article{wang2022pvt,
  title={Pvt v2: Improved baselines with pyramid vision transformer},
  author={Wang, Wenhai and Xie, Enze and Li, Xiang and Fan, Deng-Ping and Song, Kaitao and Liang, Ding and Lu, Tong and Luo, Ping and Shao, Ling},
  journal={Computational Visual Media},
  volume={8},
  number={3},
  pages={415--424},
  year={2022},
  publisher={Springer}
}

@article{uhlich2019differentiable,
  title={Differentiable quantization of deep neural networks},
  author={Uhlich, Stefan and Mauch, Lukas and Yoshiyama, Kazuki and Cardinaux, Fabien and Garcia, Javier Alonso and Tiedemann, Stephen and Kemp, Thomas and Nakamura, Akira},
  journal={arXiv preprint arXiv:1905.11452},
  volume={2},
  number={8},
  year={2019}
}