@inproceedings{Clip-q,
  title={Clip-q: Deep network compression learning by in-parallel pruning-quantization},
  author={Tung, Frederick and Mori, Greg},
  booktitle={Proceedings of the IEEE conference on computer vision and pattern recognition},
  pages={7873--7882},
  year={2018}
}

@inproceedings{DJPQ,
  title={Differentiable joint pruning and quantization for hardware efficiency},
  author={Wang, Ying and Lu, Yadong and Blankevoort, Tijmen},
  booktitle={European Conference on Computer Vision},
  pages={259--277},
  year={2020},
  organization={Springer}
}

@article{QST,
    author = {Park, Jun-Hyung and Kim, Kang-Min and Lee, Sangkeun},
    title = {Quantized Sparse Training: A Unified Trainable Frameworrk for Joint Pruning and Quantization in DNNs},
    journal = {ACM Transactions on Embedded Computing Systems, Vol. 21, No. 5, Article 60},
    year = {2022}
}

@article{STE,
  title={Estimating or propagating gradients through stochastic neurons for conditional computation},
  author={Bengio, Yoshua and L{\'e}onard, Nicholas and Courville, Aaron},
  journal={arXiv preprint arXiv:1308.3432},
  year={2013}
}

@article{balaskas2024hardware,
  title={Hardware-Aware {DNN} Compression via Diverse Pruning and Mixed-Precision Quantization},
  author={Balaskas, Konstantinos and Karatzas, Andreas and Sad, Christos and Siozios, Kostas and Anagnostopoulos, Iraklis and Zervakis, Georgios and others},
  journal={IEEE Transactions on Emerging Topics in Computing},
  year={2024},
  publisher={IEEE}
}

@article{chen2017reduced,
  title={A Reduced-Space Algorithm for Minimizing $\ell_1$-Regularized Convex Functions},
  author={Chen, Tianyi and Curtis, Frank E and Robinson, Daniel P},
  journal={SIAM Journal on Optimization},
  volume={27},
  number={3},
  pages={1583--1610},
  year={2017},
  publisher={SIAM}
}

@article{chen2018farsa,
  title={FaRSA for $\ell_1$-regularized convex optimization: local convergence and numerical experience},
  author={Chen, Tianyi and Curtis, Frank E and Robinson, Daniel P},
  journal={Optimization Methods and Software},
  year={2018},
  publisher={Taylor \& Francis}
}

@article{chen2020storage,
  title={Storage efficient and dynamic flexible runtime channel pruning via deep reinforcement learning},
  author={Chen, Jianda and Chen, Shangyu and Pan, Sinno Jialin},
  journal={Advances in neural information processing systems},
  volume={33},
  pages={14747--14758},
  year={2020}
}

@inproceedings{chen2021orthant,
  title={Orthant Based Proximal Stochastic Gradient Method for $\ell_1$-Regularized Optimization},
  author={Chen, Tianyi and Ding, Tianyu and Ji, Bo and Wang, Guanyi and Shi, Yixin and Tian, Jing and Yi, Sheng and Tu, Xiao and Zhu, Zhihui},
  booktitle={Machine Learning and Knowledge Discovery in Databases: European Conference, ECML PKDD 2020, Ghent, Belgium, September 14--18, 2020, Proceedings, Part III},
  pages={57--73},
  year={2021},
  organization={Springer}
}

@inproceedings{dai2018compressing,
  title={Compressing neural networks using the variational information bottleneck},
  author={Dai, Bin and Zhu, Chen and Guo, Baining and Wipf, David},
  booktitle={International Conference on Machine Learning},
  pages={1135--1144},
  year={2018},
  organization={PMLR}
}

@inproceedings{dong2019hawq,
  title={Hawq: Hessian aware quantization of neural networks with mixed-precision},
  author={Dong, Zhen and Yao, Zhewei and Gholami, Amir and Mahoney, Michael W and Keutzer, Kurt},
  booktitle={Proceedings of the IEEE/CVF international conference on computer vision},
  pages={293--302},
  year={2019}
}

@article{dong2020hawq,
  title={Hawq-v2: Hessian aware trace-weighted quantization of neural networks},
  author={Dong, Zhen and Yao, Zhewei and Arfeen, Daiyaan and Gholami, Amir and Mahoney, Michael W and Keutzer, Kurt},
  journal={Advances in neural information processing systems},
  volume={33},
  pages={18518--18529},
  year={2020}
}

@article{elthakeb2020releq,
  title={Releq: A reinforcement learning approach for automatic deep quantization of neural networks},
  author={Elthakeb, Ahmed T and Pilligundla, Prannoy and Mireshghallah, Fatemehsadat and Yazdanbakhsh, Amir and Esmaeilzadeh, Hadi},
  journal={IEEE micro},
  volume={40},
  number={5},
  pages={37--45},
  year={2020},
  publisher={IEEE}
}

@article{elthakebstep,
  title={Releq: A reinforcement learning approach for automatic deep quantization of neural networks},
  author={Elthakeb, Ahmed T and Pilligundla, Prannoy and Mireshghallah, Fatemehsadat and Yazdanbakhsh, Amir and Esmaeilzadeh, Hadi},
  journal={IEEE micro},
  volume={40},
  number={5},
  pages={37--45},
  year={2020},
  publisher={IEEE}
}

@article{esserstep,
    author = {Esser, Steven and Jeffrey L. McKinstry and Deepika Bablani and Rathinakumar Appuswamy and Dharmendra S. Modha},
    title = {Learned Step Size Quantization},
    journal = {arXiv preprint arXiv:1902.08153},
    year = {2019}
}

@article{fang2023depgraph,
  title={Depgraph: Towards any structural pruning},
  author={Fang, Gongfan and Ma, Xinyin and Song, Mingli and Mi, Michael Bi and Wang, Xinchao},
  journal={arXiv preprint arXiv:2301.12900},
  year={2023}
}

@article{frankle2018lottery,
  title={The lottery ticket hypothesis: Finding sparse, trainable neural networks},
  author={Frankle, Jonathan and Carbin, Michael},
  journal={arXiv preprint arXiv:1803.03635},
  year={2018}
}

@inproceedings{frankle2020linear,
  title={Linear mode connectivity and the lottery ticket hypothesis},
  author={Frankle, Jonathan and Dziugaite, Gintare Karolina and Roy, Daniel and Carbin, Michael},
  booktitle={International Conference on Machine Learning},
  pages={3259--3269},
  year={2020},
  organization={PMLR}
}

@inproceedings{frantar2023sparsegpt,
  title={Sparsegpt: Massive language models can be accurately pruned in one-shot},
  author={Frantar, Elias and Alistarh, Dan},
  booktitle={International Conference on Machine Learning},
  pages={10323--10337},
  year={2023},
  organization={PMLR}
}

@inproceedings{gao2020highly,
  title={Highly efficient salient object detection with 100k parameters},
  author={Gao, Shang-Hua and Tan, Yong-Qiang and Cheng, Ming-Ming and Lu, Chengze and Chen, Yunpeng and Yan, Shuicheng},
  booktitle={European Conference on Computer Vision},
  pages={702--721},
  year={2020},
  organization={Springer}
}

@inproceedings{he2018amc,
  title={Amc: Automl for model compression and acceleration on mobile devices},
  author={He, Yihui and Lin, Ji and Liu, Zhijian and Wang, Hanrui and Li, Li-Jia and Han, Song},
  booktitle={Proceedings of the European Conference on Computer Vision (ECCV)},
  pages={784--800},
  year={2018}
}

@inproceedings{hong2022cadyq,
  title={Cadyq: Content-aware dynamic quantization for image super-resolution},
  author={Hong, Cheeun and Baik, Sungyong and Kim, Heewon and Nah, Seungjun and Lee, Kyoung Mu},
  booktitle={European Conference on Computer Vision},
  pages={367--383},
  year={2022},
  organization={Springer}
}

@inproceedings{idelbayev2022exploring,
  title={Exploring the Effect of $\ell_0/\ell_2$ Regularization in Neural Network Pruning using the LC Toolkit},
  author={Idelbayev, Yerlan and Carreira-Perpi{\~n}{\'a}n, Miguel {\'A}},
  booktitle={ICASSP 2022-2022 IEEE International Conference on Acoustics, Speech and Signal Processing (ICASSP)},
  pages={3373--3377},
  year={2022},
  organization={IEEE}
}

@article{jainstep,
  title={Trained quantization thresholds for accurate and efficient fixed-point inference of deep neural networks},
  author={Jain, Sambhav and Gural, Albert and Wu, Michael and Dick, Chris},
  journal={Proceedings of Machine Learning and Systems},
  volume={2},
  pages={112--128},
  year={2020}
}

@inproceedings{laenen2023one,
  title={One-Shot Neural Network Pruning via Spectral Graph Sparsification},
  author={Laenen, Steinar},
  booktitle={Topological, Algebraic and Geometric Learning Workshops 2023},
  pages={60--71},
  year={2023},
  organization={PMLR}
}

@inproceedings{li2019exploiting,
  title={Exploiting kernel sparsity and entropy for interpretable CNN compression},
  author={Li, Yuchao and Lin, Shaohui and Zhang, Baochang and Liu, Jianzhuang and Doermann, David and Wu, Yongjian and Huang, Feiyue and Ji, Rongrong},
  booktitle={Proceedings of the IEEE Conference on Computer Vision and Pattern Recognition},
  pages={2800--2809},
  year={2019}
}

@inproceedings{li2020eagleeye,
  title={Eagleeye: Fast sub-net evaluation for efficient neural network pruning},
  author={Li, Bailin and Wu, Bowen and Su, Jiang and Wang, Guangrun},
  booktitle={European Conference on Computer Vision},
  pages={639--654},
  year={2020},
  organization={Springer}
}

@article{li2024adaptive,
  title={An adaptive joint optimization framework for pruning and quantization},
  author={Li, Xiaohai and Yang, Xiaodong and Zhang, Yingwei and Yang, Jianrong and Chen, Yiqiang},
  journal={International Journal of Machine Learning and Cybernetics},
  pages={1--17},
  year={2024},
  publisher={Springer}
}

@article{li2024markov,
  title={Markov-PQ: Joint Pruning-Quantization via Learnable Markov Chain},
  author={Li, Yunsong and Zhang, Xin and Xie, Weiying and Zhang, Jiaqing and Fang, Leyuan and Du, Jiawei},
  journal={IEEE Transactions on Circuits and Systems for Video Technology},
  year={2024},
  publisher={IEEE}
}

@article{lin2019toward,
  title={Toward compact convnets via structure-sparsity regularized filter pruning},
  author={Lin, Shaohui and Ji, Rongrong and Li, Yuchao and Deng, Cheng and Li, Xuelong},
  journal={IEEE transactions on neural networks and learning systems},
  volume={31},
  number={2},
  pages={574--588},
  year={2019},
  publisher={IEEE}
}

@article{meng2020pruning,
  title={Pruning Filter in Filter},
  author={Meng, Fanxu and Cheng, Hao and Li, Ke and Luo, Huixiang and Guo, Xiaowei and Lu, Guangming and Sun, Xing},
  journal={arXiv preprint arXiv:2009.14410},
  year={2020}
}

@inproceedings{miriyala2024mixed,
  title={Mixed Precision Neural Quantization with Multi-Objective Bayesian Optimization for on-Device Deployment},
  author={Miriyala, Srinivas S and Suhas, PK and Tiwari, Utsav and Rajendiran, Vikram N},
  booktitle={ICASSP 2024-2024 IEEE International Conference on Acoustics, Speech and Signal Processing (ICASSP)},
  pages={6260--6264},
  year={2024},
  organization={IEEE}
}

@inproceedings{opq,
  title={Opq: Compressing deep neural networks with one-shot pruning-quantization},
  author={Hu, Peng and Peng, Xi and Zhu, Hongyuan and Aly, Mohamed M Sabry and Lin, Jie},
  booktitle={Proceedings of the AAAI conference on artificial intelligence},
  volume={35},
  pages={7780--7788},
  year={2021}
}

@article{relaxed,
  title={Relaxed quantization for discretized neural networks},
  author={Louizos, Christos and Reisser, Matthias and Blankevoort, Tijmen and Gavves, Efstratios and Welling, Max},
  journal={arXiv preprint arXiv:1810.01875},
  year={2018}
}

@article{van2020bayesian,
  title={Bayesian bits: Unifying quantization and pruning},
  author={van Baalen, Mart and Louizos, Christos and Nagel, Markus and Amjad, Rana Ali and Wang, Ying and Blankevoort, Tijmen and Welling, Max},
  journal={arXiv preprint arXiv:2005.07093},
  year={2020}
}

@inproceedings{wang2020apq,
  title={Apq: Joint search for network architecture, pruning and quantization policy},
  author={Wang, Tianzhe and Wang, Kuan and Cai, Han and Lin, Ji and Liu, Zhijian and Wang, Hanrui and Lin, Yujun and Han, Song},
  booktitle={Proceedings of the IEEE/CVF Conference on Computer Vision and Pattern Recognition},
  pages={2078--2087},
  year={2020}
}

@inproceedings{wangstep,
  title={Haq: Hardware-aware automated quantization with mixed precision},
  author={Wang, Kuan and Liu, Zhijian and Lin, Yujun and Lin, Ji and Han, Song},
  booktitle={Proceedings of the IEEE/CVF conference on computer vision and pattern recognition},
  pages={8612--8620},
  year={2019}
}

@article{wen2016learning,
  title={Learning structured sparsity in deep neural networks},
  author={Wen, Wei and Wu, Chunpeng and Wang, Yandan and Chen, Yiran and Li, Hai},
  journal={arXiv preprint arXiv:1608.03665},
  year={2016}
}

@inproceedings{yang2020automatic,
  title={Automatic neural network compression by sparsity-quantization joint learning: A constrained optimization-based approach},
  author={Yang, Haichuan and Gui, Shupeng and Zhu, Yuhao and Liu, Ji},
  booktitle={Proceedings of the IEEE/CVF Conference on Computer Vision and Pattern Recognition},
  pages={2178--2188},
  year={2020}
}

@inproceedings{yang2020deephoyer,
  title={DeepHoyer: Learning Sparser Neural Network with Differentiable Scale-Invariant Sparsity Measures},
  author={Huanrui Yang and Wei Wen and Hai Li},
  booktitle={International Conference on Learning Representations},
  year={2020},
  url={https://openreview.net/forum?id=rylBK34FDS}
}

@inproceedings{yao2021hawq,
  title={Hawq-v3: Dyadic neural network quantization},
  author={Yao, Zhewei and Dong, Zhen and Zheng, Zhangcheng and Gholami, Amir and Yu, Jiali and Tan, Eric and Wang, Leyuan and Huang, Qijing and Wang, Yida and Mahoney, Michael and others},
  booktitle={International Conference on Machine Learning},
  pages={11875--11886},
  year={2021},
  organization={PMLR}
}

@inproceedings{zhang2018systematic,
  title={A systematic dnn weight pruning framework using alternating direction method of multipliers},
  author={Zhang, Tianyun and Ye, Shaokai and Zhang, Kaiqi and Tang, Jian and Wen, Wujie and Fardad, Makan and Wang, Yanzhi},
  booktitle={Proceedings of the European Conference on Computer Vision (ECCV)},
  pages={184--199},
  year={2018}
}

@inproceedings{zhong2023one,
  title={One Less Reason for Filter Pruning: Gaining Free Adversarial Robustness with Structured Grouped Kernel Pruning},
  author={Zhong, Shaochen and You, Zaichuan and Zhang, Jiamu and Zhao, Sebastian and LeClaire, Zachary and Liu, Zirui and Zha, Daochen and Chaudhary, Vipin and Xu, Shuai and Hu, Xia},
  booktitle={Thirty-seventh Conference on Neural Information Processing Systems},
  year={2023}
}

@inproceedings{zhou2019accelerate,
  title={Accelerate cnn via recursive bayesian pruning},
  author={Zhou, Yuefu and Zhang, Ya and Wang, Yanfeng and Tian, Qi},
  booktitle={Proceedings of the IEEE International Conference on Computer Vision},
  pages={3306--3315},
  year={2019}
}

@article{zhuang2020neuron,
  title={Neuron-level Structured Pruning using Polarization Regularizer},
  author={Zhuang, Tao and Zhang, Zhixuan and Huang, Yuheng and Zeng, Xiaoyi and Shuang, Kai and Li, Xiang},
  journal={Advances in Neural Information Processing Systems},
  volume={33},
  year={2020}
}

