@article{garcia2019transfer,
  title={Transfer learning in imagined speech EEG-based BCIs},
  author={Garc{\'\i}a-Salinas, Jes{\'u}s S and Villase{\~n}or-Pineda, Luis and Reyes-Garc{\'\i}a, Carlos A and Torres-Garc{\'\i}a, Alejandro A},
  journal={Biomedical Signal Processing and Control},
  volume={50},
  pages={151--157},
  year={2019},
  publisher={Elsevier}
}

@article{komeiji2024feasibility,
  title={Feasibility of decoding covert speech in ECoG with a Transformer trained on overt speech},
  author={Komeiji, Shuji and Mitsuhashi, Takumi and Iimura, Yasushi and Suzuki, Hiroharu and Sugano, Hidenori and Shinoda, Koichi and Tanaka, Toshihisa},
  journal={Scientific Reports},
  volume={14},
  number={1},
  pages={11491},
  year={2024},
  publisher={Nature Publishing Group UK London}
}

@inproceedings{lee2020eeg,
  title={EEG representations of spatial and temporal features in imagined speech and overt speech},
  author={Lee, Seo-Hyun and Lee, Minji and Lee, Seong-Whan},
  booktitle={Pattern Recognition: 5th Asian Conference, ACPR 2019, Auckland, New Zealand, November 26--29, 2019, Revised Selected Papers, Part II 5},
  pages={387--400},
  year={2020},
  organization={Springer}
}

@article{watanabe2020synchronization,
  title={Synchronization between overt speech envelope and EEG oscillations during imagined speech},
  author={Watanabe, Hiroki and Tanaka, Hiroki and Sakti, Sakriani and Nakamura, Satoshi},
  journal={Neuroscience research},
  volume={153},
  pages={48--55},
  year={2020},
  publisher={Elsevier}
}

