@article{komeiji2024feasibility,
  title={Feasibility of decoding covert speech in ECoG with a Transformer trained on overt speech},
  author={Komeiji, Shuji and Mitsuhashi, Takumi and Iimura, Yasushi and Suzuki, Hiroharu and Sugano, Hidenori and Shinoda, Koichi and Tanaka, Toshihisa},
  journal={Scientific Reports},
  volume={14},
  number={1},
  pages={11491},
  year={2024},
  publisher={Nature Publishing Group UK London}
}

@book{freitas2017introduction,
  title={An introduction to silent speech interfaces},
  author={Freitas, Jo and Teixeira, Ant and Dias, Miguel Sales and Silva, Samuel and others},
  year={2017},
  publisher={Springer}
}

@inproceedings{cooney2019optimizing,
  title={Optimizing layers improves CNN generalization and transfer learning for imagined speech decoding from EEG},
  author={Cooney, Ciaran and Folli, Raffaella and Coyle, Damien},
  booktitle={2019 IEEE international conference on systems, man and cybernetics (SMC)},
  pages={1311--1316},
  year={2019},
  organization={IEEE}
}

@inproceedings{rekrut2022improving,
  title={Improving Silent Speech BCI Training Procedures Through Transfer from Overt to Silent Speech},
  author={Rekrut, Maurice and Selim, Abdulrahman Mohamed and Kr{\"u}ger, Antonio},
  booktitle={2022 IEEE International Conference on Systems, Man, and Cybernetics (SMC)},
  pages={2650--2656},
  year={2022},
  organization={IEEE}
}

@inproceedings{lee2020eeg,
  title={EEG representations of spatial and temporal features in imagined speech and overt speech},
  author={Lee, Seo-Hyun and Lee, Minji and Lee, Seong-Whan},
  booktitle={Pattern Recognition: 5th Asian Conference, ACPR 2019, Auckland, New Zealand, November 26--29, 2019, Revised Selected Papers, Part II 5},
  pages={387--400},
  year={2020},
  organization={Springer}
}

@article{wang2013analysis,
  title={Analysis and classification of speech imagery EEG for BCI},
  author={Wang, Li and Zhang, Xiong and Zhong, Xuefei and Zhang, Yu},
  journal={Biomedical signal processing and control},
  volume={8},
  number={6},
  pages={901--908},
  year={2013},
  publisher={Elsevier}
}

@article{lopez2022state,
  title={A state-of-the-art review of EEG-based imagined speech decoding},
  author={Lopez-Bernal, Diego and Balderas, David and Ponce, Pedro and Molina, Arturo},
  journal={Frontiers in human neuroscience},
  volume={16},
  pages={867281},
  year={2022},
  publisher={Frontiers Media SA}
}

@INPROCEEDINGS{Cooney2019,
  author={Cooney, Ciaran and Folli, Raffaella and Coyle, Damien},
  booktitle={2019 IEEE International Conference on Systems, Man and Cybernetics (SMC)}, 
  title={Optimizing Layers Improves CNN Generalization and Transfer Learning for Imagined Speech Decoding from EEG}, 
  year={2019},
  volume={},
  number={},
  pages={1311-1316}}

@article{watanabe2020synchronization,
  title={Synchronization between overt speech envelope and EEG oscillations during imagined speech},
  author={Watanabe, Hiroki and Tanaka, Hiroki and Sakti, Sakriani and Nakamura, Satoshi},
  journal={Neuroscience research},
  volume={153},
  pages={48--55},
  year={2020},
  publisher={Elsevier}
}

@article{zhang2024revealing,
  title={Revealing the spatiotemporal brain dynamics of covert speech compared with overt speech: A simultaneous EEG-fMRI study},
  author={Zhang, Wei and Jiang, Muyun and Teo, Kok Ann Colin and Bhuvanakantham, Raghavan and Fong, LaiGuan and Sim, Wei Khang Jeremy and Guo, Zhiwei and Foo, Chuan Huat Vince and Chua, Rong Hui Jonathan and Padmanabhan, Parasuraman and others},
  journal={NeuroImage},
  volume={293},
  pages={120629},
  year={2024},
  publisher={Elsevier}
}

@inproceedings{mohamed2024speech,
  title={Speech Imagery BCI Training Using Game with a Purpose},
  author={Mohamed Selim, Abdulrahman and Rekrut, Maurice and Barz, Michael and Sonntag, Daniel},
  booktitle={Proceedings of the 2024 International Conference on Advanced Visual Interfaces},
  pages={1--5},
  year={2024}
}

@inproceedings{kapur2018alterego,
  title={Alterego: A personalized wearable silent speech interface},
  author={Kapur, Arnav and Kapur, Shreyas and Maes, Pattie},
  booktitle={Proceedings of the 23rd International Conference on Intelligent User Interfaces},
  pages={43--53},
  year={2018}
}

@inproceedings{kimura2019sottovoce,
  title={SottoVoce: An ultrasound imaging-based silent speech interaction using deep neural networks},
  author={Kimura, Naoki and Kono, Michinari and Rekimoto, Jun},
  booktitle={Proceedings of the 2019 CHI Conference on Human Factors in Computing Systems},
  pages={1--11},
  year={2019}
}

@article{oppenheim2010motor,
  title={Motor movement matters: The flexible abstractness of inner speech},
  author={Oppenheim, Gary M and Dell, Gary S},
  journal={Memory \& cognition},
  volume={38},
  number={8},
  pages={1147--1160},
  year={2010},
  publisher={Springer}
}

@article{garcia2019transfer,
  title={Transfer learning in imagined speech EEG-based BCIs},
  author={Garc{\'\i}a-Salinas, Jes{\'u}s S and Villase{\~n}or-Pineda, Luis and Reyes-Garc{\'\i}a, Carlos A and Torres-Garc{\'\i}a, Alejandro A},
  journal={Biomedical Signal Processing and Control},
  volume={50},
  pages={151--157},
  year={2019},
  publisher={Elsevier}
}

@inproceedings{he2016praat,
  title={A Praat-based algorithm to extract the amplitude envelope and temporal fine structure using the Hilbert transform},
  author={He, Lei and Dellwo, Volker},
  year={2016},
  organization={ISCA}
}

@article{iriarte2003independent,
  title={Independent component analysis as a tool to eliminate artifacts in EEG: a quantitative study},
  author={Iriarte, Jorge and Urrestarazu, Elena and Valencia, Miguel and Alegre, Manuel and Malanda, Armando and Viteri, C{\'e}sar and Artieda, Julio},
  journal={Journal of clinical neurophysiology},
  volume={20},
  number={4},
  pages={249--257},
  year={2003},
  publisher={LWW}
}

@article{proix2022imagined,
  title={Imagined speech can be decoded from low-and cross-frequency intracranial EEG features},
  author={Proix, Timoth{\'e}e and Delgado Saa, Jaime and Christen, Andy and Martin, Stephanie and Pasley, Brian N and Knight, Robert T and Tian, Xing and Poeppel, David and Doyle, Werner K and Devinsky, Orrin and others},
  journal={Nature communications},
  volume={13},
  number={1},
  pages={48},
  year={2022},
  publisher={Nature Publishing Group UK London}
}
@article{reddy2024multivariate,
  title={Multivariate Dynamic Mode Decomposition for Automatic Imagined Speech Recognition Using Multichannel EEG Signals},
  author={Reddy, Alavala Siva Sankar and Pachori, Ram Bilas},
  journal={IEEE Sensors Letters},
  year={2024},
  publisher={IEEE}
}
@article{luo2023brain,
  title={Brain-computer interface: applications to speech decoding and synthesis to augment communication},
  author={Luo, Shiyu and Rabbani, Qinwan and Crone, Nathan E},
  journal={Neurotherapeutics},
  volume={19},
  number={1},
  pages={263--273},
  year={2023},
  publisher={Elsevier}
}
@article{saeidi2021neural,
  title={Neural decoding of EEG signals with machine learning: a systematic review},
  author={Saeidi, Maham and Karwowski, Waldemar and Farahani, Farzad V and Fiok, Krzysztof and Taiar, Redha and Hancock, Peter A and Al-Juaid, Awad},
  journal={Brain Sciences},
  volume={11},
  number={11},
  pages={1525},
  year={2021},
  publisher={MDPI}
}

@article{moon2014temporal,
  title={What is temporal fine structure and why is it important?},
  author={Moon, Il Joon and Hong, Sung Hwa},
  journal={Korean journal of audiology},
  volume={18},
  number={1},
  pages={1},
  year={2014},
  publisher={Korean Audiological Society}
}
@article{bakhshali2020eeg,
  title={EEG signal classification of imagined speech based on Riemannian distance of correntropy spectral density},
  author={Bakhshali, Mohamad Amin and Khademi, Morteza and Ebrahimi-Moghadam, Abbas and Moghimi, Sahar},
  journal={Biomedical Signal Processing and Control},
  volume={59},
  pages={101899},
  year={2020},
  publisher={Elsevier}
}
@article{biswas2022wavelet,
  title={Wavelet filterbank-based EEG rhythm-specific spatial features for covert speech classification},
  author={Biswas, Sukanya and Sinha, Rohit},
  journal={IET Signal Processing},
  volume={16},
  number={1},
  pages={92--105},
  year={2022},
  publisher={Wiley Online Library}
}
@article{hernandez2021toward,
  title={Toward asynchronous EEG-based BCI: Detecting imagined words segments in continuous EEG signals},
  author={Hern{\'a}ndez-Del-Toro, Tonatiuh and Reyes-Garc{\'\i}a, Carlos A and Villase{\~n}or-Pineda, Luis},
  journal={Biomedical Signal Processing and Control},
  volume={65},
  pages={102351},
  year={2021},
  publisher={Elsevier}
}
@article{ni2023eeg,
  title={EEG-based assessment of temporal fine structure and envelope effect in mandarin syllable and tone perception},
  author={Ni, Guangjian and Xu, Zihao and Bai, Yanru and Zheng, Qi and Zhao, Ran and Wu, Yubo and Ming, Dong},
  journal={Cerebral Cortex},
  volume={33},
  number={23},
  pages={11287--11299},
  year={2023},
  publisher={Oxford University Press}
}
@incollection{hilbert1989grundzuge,
  title={Fundamentals of a general theory of linear integral equations},
  author={Hilbert, David},
  booktitle={Integral equations and equations with infinitely many unknowns},
  pages={6--169},
  year={1989},
  publisher={Springer}
}
@article{denby2010silent,
  title={Silent speech interfaces},
  author={Denby, Bruce and Schultz, Tanja and Honda, Kiyoshi and Hueber, Thomas and Gilbert, Jim M and Brumberg, Jonathan S},
  journal={Speech Communication},
  volume={52},
  number={4},
  pages={270--287},
  year={2010},
  publisher={Elsevier}
}
@article{gonzalez2020silent,
  title={Silent speech interfaces for speech restoration: A review},
  author={Gonzalez-Lopez, Jose A and Gomez-Alanis, Alejandro and Do{\~n}as, Juan M Mart{\'\i}n and P{\'e}rez-C{\'o}rdoba, Jos{\'e} L and Gomez, Angel M},
  journal={IEEE access},
  volume={8},
  pages={177995--178021},
  year={2020},
  publisher={IEEE}
}
@article{brumberg2010brain,
  title={Brain--computer interfaces for speech communication},
  author={Brumberg, Jonathan S and Nieto-Castanon, Alfonso and Kennedy, Philip R and Guenther, Frank H},
  journal={Speech communication},
  volume={52},
  number={4},
  pages={367--379},
  year={2010},
  publisher={Elsevier}
}

@article{brumberg2016spatio,
  title={Spatio-temporal progression of cortical activity related to continuous overt and covert speech production in a reading task},
  author={Brumberg, Jonathan S and Krusienski, Dean J and Chakrabarti, Shreya and Gunduz, Aysegul and Brunner, Peter and Ritaccio, Anthony L and Schalk, Gerwin},
  journal={PloS one},
  volume={11},
  number={11},
  pages={e0166872},
  year={2016},
  publisher={Public Library of Science San Francisco, CA USA}
}