@article{fang2022geometry,
  title={Geometry-enhanced molecular representation learning for property prediction},
  author={Fang, Xiaomin and Liu, Lihang and Lei, Jieqiong and He, Donglong and Zhang, Shanzhuo and Zhou, Jingbo and Wang, Fan and Wu, Hua and Wang, Haifeng},
  journal={Nature Machine Intelligence},
  volume={4},
  number={2},
  pages={127--134},
  year={2022},
  publisher={Nature Publishing Group}
}

@article{choudhary2021atomistic,
  title={Atomistic line graph neural network for improved materials property predictions},
  author={Choudhary, Kamal and DeCost, Brian},
  journal={npj Computational Materials},
  volume={7},
  number={1},
  pages={185},
  year={2021},
  publisher={Nature Publishing Group UK London}
}

@article{zang2023hierarchical,
  title={Hierarchical molecular graph self-supervised learning for property prediction},
  author={Zang, Xuan and Zhao, Xianbing and Tang, Buzhou},
  journal={Communications Chemistry},
  volume={6},
  number={1},
  pages={34},
  year={2023},
  publisher={Nature Publishing Group UK London}
}

@article{zeng2022deep,
  title={Deep generative molecular design reshapes drug discovery},
  author={Zeng, Xiangxiang and Wang, Fei and Luo, Yuan and Kang, Seung-gu and Tang, Jian and Lightstone, Felice C and Fang, Evandro F and Cornell, Wendy and Nussinov, Ruth and Cheng, Feixiong},
  journal={Cell Reports Medicine},
  volume={3},
  number={12},
  year={2022},
  publisher={Elsevier}
}

@article{igashov2024equivariant,
  title={Equivariant 3D-conditional diffusion model for molecular linker design},
  author={Igashov, Ilia and St{\"a}rk, Hannes and Vignac, Cl{\'e}ment and Schneuing, Arne and Satorras, Victor Garcia and Frossard, Pascal and Welling, Max and Bronstein, Michael and Correia, Bruno},
  journal={Nature Machine Intelligence},
  pages={1--11},
  year={2024},
  publisher={Nature Publishing Group UK London}
}

@inproceedings{xu2021geodiff,
  title={GeoDiff: A Geometric Diffusion Model for Molecular Conformation Generation},
  author={Xu, Minkai and Yu, Lantao and Song, Yang and Shi, Chence and Ermon, Stefano and Tang, Jian},
  booktitle={International Conference on Learning Representations},
  year={2021}
}

@article{jumper2021highly,
  title={Highly accurate protein structure prediction with AlphaFold},
  author={Jumper, John and Evans, Richard and Pritzel, Alexander and Green, Tim and Figurnov, Michael and Ronneberger, Olaf and Tunyasuvunakool, Kathryn and Bates, Russ and {\v{Z}}{\'\i}dek, Augustin and Potapenko, Anna and others},
  journal={Nature},
  volume={596},
  number={7873},
  pages={583--589},
  year={2021},
  publisher={Nature Publishing Group}
}

@article{meuwly2021machine,
  title={Machine learning for chemical reactions},
  author={Meuwly, Markus},
  journal={Chemical Reviews},
  volume={121},
  number={16},
  pages={10218--10239},
  year={2021},
  publisher={ACS Publications}
}

@article{ye2021unified,
  title={A unified drug--target interaction prediction framework based on knowledge graph and recommendation system},
  author={Ye, Qing and Hsieh, Chang-Yu and Yang, Ziyi and Kang, Yu and Chen, Jiming and Cao, Dongsheng and He, Shibo and Hou, Tingjun},
  journal={Nature communications},
  volume={12},
  number={1},
  pages={6775},
  year={2021},
  publisher={Nature Publishing Group UK London}
}

@article{te2020classical,
  title={Classical dynamical density functional theory: from fundamentals to applications},
  author={te Vrugt, Michael and L{\"o}wen, Hartmut and Wittkowski, Raphael},
  journal={Advances in Physics},
  volume={69},
  number={2},
  pages={121--247},
  year={2020},
  publisher={Taylor \& Francis}
}

@article{hohenberg1964inhomogeneous,
  title={Inhomogeneous electron gas},
  author={Hohenberg, Pierre and Kohn, Walter},
  journal={Physical review},
  volume={136},
  number={3B},
  pages={B864},
  year={1964},
  publisher={APS}
}

@article{unke2021se,
  title={SE (3)-equivariant prediction of molecular wavefunctions and electronic densities},
  author={Unke, Oliver and Bogojeski, Mihail and Gastegger, Michael and Geiger, Mario and Smidt, Tess and M{\"u}ller, Klaus-Robert},
  journal={Advances in Neural Information Processing Systems},
  volume={34},
  pages={14434--14447},
  year={2021}
}

@article{gong2023general,
  title={General framework for E (3)-equivariant neural network representation of density functional theory Hamiltonian},
  author={Gong, Xiaoxun and Li, He and Zou, Nianlong and Xu, Runzhang and Duan, Wenhui and Xu, Yong},
  journal={Nature Communications},
  volume={14},
  number={1},
  pages={2848},
  year={2023},
  publisher={Nature Publishing Group UK London}
}

@inproceedings{yu2023efficient,
  title={Efficient and equivariant graph networks for predicting quantum Hamiltonian},
  author={Yu, Haiyang and Xu, Zhao and Qian, Xiaofeng and Qian, Xiaoning and Ji, Shuiwang},
  booktitle={International Conference on Machine Learning},
  pages={40412--40424},
  year={2023},
  organization={PMLR}
}

@book{griffiths2018introduction,
  title={Introduction to quantum mechanics},
  author={Griffiths, David J and Schroeter, Darrell F},
  year={2018},
  publisher={Cambridge university press}
}


@inproceedings{passaro2023reducing,
  title={Reducing so (3) convolutions to so (2) for efficient equivariant gnns},
  author={Passaro, Saro and Zitnick, C Lawrence},
  booktitle={International Conference on Machine Learning},
  pages={27420--27438},
  year={2023},
  organization={PMLR}
}

@article{liao2023equiformerv2,
  title={Equiformerv2: Improved equivariant transformer for scaling to higher-degree representations},
  author={Liao, Yi-Lun and Wood, Brandon and Das, Abhishek and Smidt, Tess},
  journal={arXiv preprint arXiv:2306.12059},
  year={2023}
}

@article{geiger10euclidean,
  title={Euclidean neural networks: e3nn, April 2022},
  author={Geiger, Mario and Smidt, Tess and Alby, M and Miller, Benjamin Kurt and Boomsma, Wouter and Dice, Bradley and Lapchevskyi, Kostiantyn and Weiler, Maurice and Tyszkiewicz, Micha{\l} and Batzner, Simon and others},
  journal={URL https://doi. org/10.5281/zenodo},
  volume={6459381},
  number={4}
}


@article{yu2024qh9,
  title={Qh9: A quantum hamiltonian prediction benchmark for qm9 molecules},
  author={Yu, Haiyang and Liu, Meng and Luo, Youzhi and Strasser, Alex and Qian, Xiaofeng and Qian, Xiaoning and Ji, Shuiwang},
  journal={Advances in Neural Information Processing Systems},
  volume={36},
  year={2024}
}

@article{jain2016computational,
  title={Computational predictions of energy materials using density functional theory},
  author={Jain, Anubhav and Shin, Yongwoo and Persson, Kristin A},
  journal={Nature Reviews Materials},
  volume={1},
  number={1},
  pages={1--13},
  year={2016},
  publisher={Nature Publishing Group}
}


@article{hegde2017machine,
  title={Machine-learned approximations to density functional theory hamiltonians},
  author={Hegde, Ganesh and Bowen, R Chris},
  journal={Scientific reports},
  volume={7},
  number={1},
  pages={42669},
  year={2017},
  publisher={Nature Publishing Group UK London}
}

@article{schutt2019unifying,
  title={Unifying machine learning and quantum chemistry with a deep neural network for molecular wavefunctions},
  author={Sch{\"u}tt, Kristof T and Gastegger, Michael and Tkatchenko, Alexandre and M{\"u}ller, K-R and Maurer, Reinhard J},
  journal={Nature communications},
  volume={10},
  number={1},
  pages={5024},
  year={2019},
  publisher={Nature Publishing Group UK London}
}

@article{li2022deep,
  title={Deep-learning density functional theory Hamiltonian for efficient ab initio electronic-structure calculation},
  author={Li, He and Wang, Zun and Zou, Nianlong and Ye, Meng and Xu, Runzhang and Gong, Xiaoxun and Duan, Wenhui and Xu, Yong},
  journal={Nature Computational Science},
  volume={2},
  number={6},
  pages={367--377},
  year={2022},
  publisher={Nature Publishing Group US New York}
}

@article{wang2022self,
  title={Self-consistent-field method for correlated many-electron systems with an entropic cumulant energy},
  author={Wang, Jian and Baerends, Evert Jan},
  journal={Physical review letters},
  volume={128},
  number={1},
  pages={013001},
  year={2022},
  publisher={APS}
}

@article{atz2021geometric,
  title={Geometric deep learning on molecular representations},
  author={Atz, Kenneth and Grisoni, Francesca and Schneider, Gisbert},
  journal={Nature Machine Intelligence},
  volume={3},
  number={12},
  pages={1023--1032},
  year={2021},
  publisher={Nature Publishing Group UK London}
}

@article{batatia2022mace,
  title={MACE: Higher order equivariant message passing neural networks for fast and accurate force fields},
  author={Batatia, Ilyes and Kovacs, David P and Simm, Gregor and Ortner, Christoph and Cs{\'a}nyi, G{\'a}bor},
  journal={Advances in Neural Information Processing Systems},
  volume={35},
  pages={11423--11436},
  year={2022}
}

@inproceedings{wang2023towards,
  title={Towards Flexible, Efficient, and Effective Tensor Product Networks},
  author={Wang, Nanxiang and Lin, Chen and Bronstein, Michael and Torr, Philip},
  booktitle={NeurIPS 2023 Workshop: New Frontiers in Graph Learning},
  year={2023}
}

@article{batzner2023advancing,
  title={Advancing molecular simulation with equivariant interatomic potentials},
  author={Batzner, Simon and Musaelian, Albert and Kozinsky, Boris},
  journal={Nature Reviews Physics},
  volume={5},
  number={8},
  pages={437--438},
  year={2023},
  publisher={Nature Publishing Group UK London}
}

@article{kohn1965self,
  title={Self-consistent equations including exchange and correlation effects},
  author={Kohn, Walter and Sham, Lu Jeu},
  journal={Physical review},
  volume={140},
  number={4A},
  pages={A1133},
  year={1965},
  publisher={APS}
}

@book{szabo2012modern,
  title={Modern quantum chemistry: introduction to advanced electronic structure theory},
  author={Szabo, Attila and Ostlund, Neil S},
  year={2012},
  publisher={Courier Corporation}
}

@article{payne1992iterative,
  title={Iterative minimization techniques for ab initio total-energy calculations: molecular dynamics and conjugate gradients},
  author={Payne, Mike C and Teter, Michael P and Allan, Douglas C and Arias, TA and Joannopoulos, ad JD},
  journal={Reviews of modern physics},
  volume={64},
  number={4},
  pages={1045},
  year={1992},
  publisher={APS}
}

@article{batzner20223,
  title={E (3)-equivariant graph neural networks for data-efficient and accurate interatomic potentials},
  author={Batzner, Simon and Musaelian, Albert and Sun, Lixin and Geiger, Mario and Mailoa, Jonathan P and Kornbluth, Mordechai and Molinari, Nicola and Smidt, Tess E and Kozinsky, Boris},
  journal={Nature communications},
  volume={13},
  number={1},
  pages={2453},
  year={2022},
  publisher={Nature Publishing Group UK London}
}

@article{zhang2024selfconsistency,
      title={Self-Consistency Training for Hamiltonian Prediction}, 
      author={He Zhang and Chang Liu and Zun Wang and Xinran Wei and Siyuan Liu and Nanning Zheng and Bin Shao and Tie-Yan Liu},
      year={2024},
      eprint={2403.09560},
      archivePrefix={arXiv},
      primaryClass={cs.LG}}

@software{e3nn,
  author       = {Mario Geiger and
                  Tess Smidt and
                  Alby M. and
                  Benjamin Kurt Miller and
                  Wouter Boomsma and
                  Bradley Dice and
                  Kostiantyn Lapchevskyi and
                  Maurice Weiler and
                  Michał Tyszkiewicz and
                  Simon Batzner and
                  Dylan Madisetti and
                  Martin Uhrin and
                  Jes Frellsen and
                  Nuri Jung and
                  Sophia Sanborn and
                  Mingjian Wen and
                  Josh Rackers and
                  Marcel Rød and
                  Michael Bailey},
  title        = {Euclidean neural networks: e3nn},
  month        = apr,
  year         = 2022,
  publisher    = {Zenodo},
  version      = {0.5.0},
  doi          = {10.5281/zenodo.6459381},
  url          = {https://doi.org/10.5281/zenodo.6459381}
}

@inproceedings{huang2024enhancing,
    author = {Li, Yunyang and Xia, Zaishuo and Huang, Lin and Wei, Xinran and Harshe, Samuel and Yang, Han and Luo, Erpai and Wang, Zun and Zhang, Jia and Liu, Chang and Shao, Bin and Gerstein, Mark},
    title = {Enhancing the Scalability and Applicability of Kohn-Sham Hamiltonian for  Molecular Systems},
    booktitle={International Conference on Learning Representations},
    year = {2025}
}


@inproceedings{worrall2017harmonic,
  title={Harmonic networks: Deep translation and rotation equivariance},
  author={Worrall, Daniel E and Garbin, Stephan J and Turmukhambetov, Daniyar and Brostow, Gabriel J},
  booktitle={Proceedings of the IEEE conference on computer vision and pattern recognition},
  pages={5028--5037},
  year={2017}
}

@article{fuchs2020se,
  title={Se (3)-transformers: 3d roto-translation equivariant attention networks},
  author={Fuchs, Fabian and Worrall, Daniel and Fischer, Volker and Welling, Max},
  journal={Advances in neural information processing systems},
  volume={33},
  pages={1970--1981},
  year={2020}
}

@inproceedings{du2022se,
  title={SE (3) equivariant graph neural networks with complete local frames},
  author={Du, Weitao and Zhang, He and Du, Yuanqi and Meng, Qi and Chen, Wei and Zheng, Nanning and Shao, Bin and Liu, Tie-Yan},
  booktitle={International Conference on Machine Learning},
  pages={5583--5608},
  year={2022},
  organization={PMLR}
}

@article{musaelian2023learning,
  title={Learning local equivariant representations for large-scale atomistic dynamics},
  author={Musaelian, Albert and Batzner, Simon and Johansson, Anders and Sun, Lixin and Owen, Cameron J and Kornbluth, Mordechai and Kozinsky, Boris},
  journal={Nature Communications},
  volume={14},
  number={1},
  pages={579},
  year={2023},
  publisher={Nature Publishing Group UK London}
}

@article{liao2022equiformer,
  title={Equiformer: Equivariant graph attention transformer for 3d atomistic graphs},
  author={Liao, Yi-Lun and Smidt, Tess},
  journal={arXiv preprint arXiv:2206.11990},
  year={2022}
}

@article{gasteiger2022gemnet,
  title={Gemnet-oc: developing graph neural networks for large and diverse molecular simulation datasets},
  author={Gasteiger, Johannes and Shuaibi, Muhammed and Sriram, Anuroop and G{\"u}nnemann, Stephan and Ulissi, Zachary and Zitnick, C Lawrence and Das, Abhishek},
  journal={arXiv preprint arXiv:2204.02782},
  year={2022}
}

@article{tholke2022torchmd,
  title={Torchmd-net: Equivariant transformers for neural network based molecular potentials},
  author={Th{\"o}lke, Philipp and De Fabritiis, Gianni},
  journal={arXiv preprint arXiv:2202.02541},
  year={2022}
}

@article{schutt2017schnet,
  title={Schnet: A continuous-filter convolutional neural network for modeling quantum interactions},
  author={Sch{\"u}tt, Kristof and Kindermans, Pieter-Jan and Sauceda Felix, Huziel Enoc and Chmiela, Stefan and Tkatchenko, Alexandre and M{\"u}ller, Klaus-Robert},
  journal={Advances in neural information processing systems},
  volume={30},
  year={2017}
}


@article{cances2000convergence,
  title={On the convergence of SCF algorithms for the Hartree-Fock equations},
  author={Cances, Eric and Le Bris, Claude},
  journal={ESAIM: Mathematical Modelling and Numerical Analysis},
  volume={34},
  number={4},
  pages={749--774},
  year={2000},
  publisher={EDP Sciences}
}

@article{kudin2002black,
  title={A black-box self-consistent field convergence algorithm: One step closer},
  author={Kudin, Konstantin N and Scuseria, Gustavo E and Cances, Eric},
  journal={The Journal of chemical physics},
  volume={116},
  number={19},
  pages={8255--8261},
  year={2002},
  publisher={American Institute of Physics}
}

@article{choudhary2022recent,
  title={Recent advances and applications of deep learning methods in materials science},
  author={Choudhary, Kamal and DeCost, Brian and Chen, Chi and Jain, Anubhav and Tavazza, Francesca and Cohn, Ryan and Park, Cheol Woo and Choudhary, Alok and Agrawal, Ankit and Billinge, Simon JL and others},
  journal={npj Computational Materials},
  volume={8},
  number={1},
  pages={59},
  year={2022},
  publisher={Nature Publishing Group UK London}
}

@article{debus2021deep,
  title={Deep learning in analytical chemistry},
  author={Debus, Bruno and Parastar, Hadi and Harrington, Peter and Kirsanov, Dmitry},
  journal={TrAC Trends in Analytical Chemistry},
  volume={145},
  pages={116459},
  year={2021},
  publisher={Elsevier}
}

@article{walters2020applications,
  title={Applications of deep learning in molecule generation and molecular property prediction},
  author={Walters, W Patrick and Barzilay, Regina},
  journal={Accounts of chemical research},
  volume={54},
  number={2},
  pages={263--270},
  year={2020},
  publisher={ACS Publications}
}


@article{reiser2022graph,
  title={Graph neural networks for materials science and chemistry},
  author={Reiser, Patrick and Neubert, Marlen and Eberhard, Andr{\'e} and Torresi, Luca and Zhou, Chen and Shao, Chen and Metni, Houssam and van Hoesel, Clint and Schopmans, Henrik and Sommer, Timo and others},
  journal={Communications Materials},
  volume={3},
  number={1},
  pages={93},
  year={2022},
  publisher={Nature Publishing Group UK London}
}

@article{fung2021benchmarking,
  title={Benchmarking graph neural networks for materials chemistry},
  author={Fung, Victor and Zhang, Jiaxin and Juarez, Eric and Sumpter, Bobby G},
  journal={npj Computational Materials},
  volume={7},
  number={1},
  pages={84},
  year={2021},
  publisher={Nature Publishing Group UK London}
}


@article{zhou2022deep,
  title={Deep learning of dynamically responsive chemical Hamiltonians with semiempirical quantum mechanics},
  author={Zhou, Guoqing and Lubbers, Nicholas and Barros, Kipton and Tretiak, Sergei and Nebgen, Benjamin},
  journal={Proceedings of the National Academy of Sciences},
  volume={119},
  number={27},
  pages={e2120333119},
  year={2022},
  publisher={National Acad Sciences}
}

@article{zhong2023transferable,
  title={Transferable equivariant graph neural networks for the Hamiltonians of molecules and solids},
  author={Zhong, Yang and Yu, Hongyu and Su, Mao and Gong, Xingao and Xiang, Hongjun},
  journal={npj Computational Materials},
  volume={9},
  number={1},
  pages={182},
  year={2023},
  publisher={Nature Publishing Group UK London}
}

@article{ying2021transformers,
  title={Do transformers really perform badly for graph representation?},
  author={Ying, Chengxuan and Cai, Tianle and Luo, Shengjie and Zheng, Shuxin and Ke, Guolin and He, Di and Shen, Yanming and Liu, Tie-Yan},
  journal={Advances in neural information processing systems},
  volume={34},
  pages={28877--28888},
  year={2021}
}

@article{chen2023geomformer,
  title={GeoMFormer: A general architecture for geometric molecular representation learning},
  author={Chen, Tianlang and Luo, Shengjie and He, Di and Zheng, Shuxin and Liu, Tie-Yan and Wang, Liwei},
  year={2023}
}

@article{wang2022visnet,
  title={ViSNet: an equivariant geometry-enhanced graph neural network with vector-scalar interactive message passing for molecules},
  author={Wang, Yusong and Li, Shaoning and He, Xinheng and Li, Mingyu and Wang, Zun and Zheng, Nanning and Shao, Bin and Liu, Tie-Yan and Wang, Tong},
  journal={arXiv preprint arXiv:2210.16518},
  year={2022}
}


@article{han2015learning,
  title={Learning both weights and connections for efficient neural network},
  author={Han, Song and Pool, Jeff and Tran, John and Dally, William},
  journal={Advances in neural information processing systems},
  volume={28},
  year={2015}
}

@article{liu2023comprehensive,
  title={Comprehensive graph gradual pruning for sparse training in graph neural networks},
  author={Liu, Chuang and Ma, Xueqi and Zhan, Yibing and Ding, Liang and Tao, Dapeng and Du, Bo and Hu, Wenbin and Mandic, Danilo P},
  journal={IEEE Transactions on Neural Networks and Learning Systems},
  year={2023},
  publisher={IEEE}
}

@inproceedings{peng2022towardssparsification,
  title={Towards sparsification of graph neural networks},
  author={Peng, Hongwu and Gurevin, Deniz and Huang, Shaoyi and Geng, Tong and Jiang, Weiwen and Khan, Orner and Ding, Caiwen},
  booktitle={2022 IEEE 40th International Conference on Computer Design (ICCD)},
  pages={272--279},
  year={2022},
  organization={IEEE}
}

@inproceedings{li2023long,
  title={Long-short-range message-passing: A physics-informed framework to capture non-local interaction for scalable molecular dynamics simulation},
  author={Li, Yunyang and Wang, Yusong and Huang, Lin and Yang, Han and Wei, Xinran and Zhang, Jia and Wang, Tong and Wang, Zun and Shao, Bin and Liu, Tie-Yan},
  booktitle={International Conference on Learning Representations},
  year={2024}
}

@article{ozaki2004numerical,
  title={Numerical atomic basis orbitals from H to Kr},
  author={Ozaki, T and Kino, H},
  journal={Physical Review B},
  volume={69},
  number={19},
  pages={195113},
  year={2004},
  publisher={APS}
}


@inproceedings{lecun1990optimal,
  title={Optimal brain damage},
  author={LeCun, Yann and Denker, John S and Solla, Sara A},
  booktitle={Advances in Neural Information Processing Systems (NeurIPS)},
  pages={598--605},
  year={1990}
}

@article{hassibi1993second,
  title={Second order derivatives for network pruning: Optimal brain surgeon},
  author={Hassibi, Babak and Stork, David G},
  journal={Advances in Neural Information Processing Systems (NeurIPS)},
  year={1993}
}

@inproceedings{frankle2018lottery,
  title={The Lottery Ticket Hypothesis: Finding Sparse, Trainable Neural Networks},
  author={Frankle, Jonathan and Carbin, Michael},
  booktitle={International Conference on Learning Representations (ICLR)},
  year={2019}
}


@article{peng2022towards,
  title={Towards effective sparsification for molecular graph property prediction},
  author={Peng, Yue and Zhang, Rui},
  journal={Journal of Chemical Information and Modeling},
  year={2022}
}

@article{wang2023towardsefficient,
  title={Towards efficient tensor product pruning in neural networks},
  author={Wang, Xin and Li, Ming},
  journal={Neural Networks},
  year={2023}
}

@article{sun2020recent,
  title={Recent developments in the PySCF program package},
  author={Sun, Qiming and Liu, Junzi and Zhang, Xing and et al.},
  journal={The Journal of Chemical Physics},
  volume={153},
  number={2},
  pages={024109},
  year={2020},
  publisher={AIP Publishing}
}

@article{doi:10.1021/ct200412r,
author = {Burow, Asbj{\"o}rn M. and Sierka, Marek},
title = {Linear Scaling Hierarchical Integration Scheme for the Exchange-Correlation Term in Molecular and Periodic Systems},
journal = {Journal of Chemical Theory and Computation},
volume = {7},
number = {10},
pages = {3097-3104},
year = {2011},
doi = {10.1021/ct200412r},
    note ={PMID: 26598153},
URL = { 
        https://doi.org/10.1021/ct200412r
},
eprint = { 
        https://doi.org/10.1021/ct200412r
}
}

@article{doi:10.1021/acs.jctc.2c00509,
author = {Laqua, Henryk and Dietschreit, Johannes C. B. and Kussmann, J{\"o}rg and Ochsenfeld, Christian},
title = {Accelerating Hybrid Density Functional Theory Molecular Dynamics Simulations by Seminumerical Integration, Resolution-of-the-Identity Approximation, and Graphics Processing Units},
journal = {Journal of Chemical Theory and Computation},
volume = {18},
number = {10},
pages = {6010-6020},
year = {2022},
doi = {10.1021/acs.jctc.2c00509},
    note ={PMID: 36136665},
URL = { 
        https://doi.org/10.1021/acs.jctc.2c00509
},
eprint = { 
      https://doi.org/10.1021/acs.jctc.2c00509
}
}







