@article{crainic2009ts2pack,
  title={TS2PACK: A two-level tabu search for the three-dimensional bin packing problem},
  author={Crainic, Teodor Gabriel and Perboli, Guido and Tadei, Roberto},
  journal={European Journal of Operational Research},
  volume={195},
  number={3},
  pages={744--760},
  year={2009},
  publisher={Elsevier}
}

@article{faroe2003guided,
  title={Guided local search for the three-dimensional bin-packing problem},
  author={Faroe, Oluf and Pisinger, David and Zachariasen, Martin},
  journal={Informs journal on computing},
  volume={15},
  number={3},
  pages={267--283},
  year={2003},
  publisher={INFORMS}
}

@inproceedings{ha2017online,
  title={An online packing heuristic for the three-dimensional container loading problem in dynamic environments and the Physical Internet},
  author={Ha, Chi Trung and Nguyen, Trung Thanh and Bui, Lam Thu and Wang, Ran},
  booktitle={Applications of Evolutionary Computation: 20th European Conference, EvoApplications 2017, Amsterdam, The Netherlands, April 19-21, 2017, Proceedings, Part II 20},
  pages={140--155},
  year={2017},
  organization={Springer}
}

@article{hu2020tap,
  title={TAP-Net: transport-and-pack using reinforcement learning},
  author={Hu, Ruizhen and Xu, Juzhan and Chen, Bin and Gong, Minglun and Zhang, Hao and Huang, Hui},
  journal={ACM Transactions on Graphics (TOG)},
  volume={39},
  number={6},
  pages={1--15},
  year={2020},
  publisher={ACM New York, NY, USA}
}

@article{kang2012hybrid,
  title={A hybrid genetic algorithm with a new packing strategy for the three-dimensional bin packing problem},
  author={Kang, Kyungdaw and Moon, Ilkyeong and Wang, Hongfeng},
  journal={Applied Mathematics and Computation},
  volume={219},
  number={3},
  pages={1287--1299},
  year={2012},
  publisher={Elsevier}
}

@inproceedings{karabulut2004hybrid,
  title={A hybrid genetic algorithm for packing in 3D with deepest bottom left with fill method},
  author={Karabulut, Korhan and {\.I}nceo{\u{g}}lu, Mustafa Murat},
  booktitle={International Conference on Advances in Information Systems},
  pages={441--450},
  year={2004},
  organization={Springer}
}

@inproceedings{wang2019stable,
  title={Stable bin packing of non-convex 3D objects with a robot manipulator},
  author={Wang, Fan and Hauser, Kris},
  booktitle={2019 International Conference on Robotics and Automation (ICRA)},
  pages={8698--8704},
  year={2019},
  organization={IEEE}
}

@article{wu2024efficient,
  title={Efficient Reinforcement Learning of Task Planners for Robotic Palletization through Iterative Action Masking Learning},
  author={Wu, Zheng and Li, Yichuan and Zhan, Wei and Liu, Changliu and Liu, Yun-Hui and Tomizuka, Masayoshi},
  journal={arXiv preprint arXiv:2404.04772},
  year={2024}
}

@article{zhang2021attend2pack,
  title={Attend2Pack: Bin packing through deep reinforcement learning with attention},
  author={Zhang, Jingwei and Zi, Bin and Ge, Xiaoyu},
  journal={arXiv preprint arXiv:2107.04333},
  year={2021}
}

@inproceedings{zhao2021online,
  title={Online 3D bin packing with constrained deep reinforcement learning},
  author={Zhao, Hang and She, Qijin and Zhu, Chenyang and Yang, Yin and Xu, Kai},
  booktitle={Proceedings of the AAAI Conference on Artificial Intelligence},
  volume={35},
  number={1},
  pages={741--749},
  year={2021}
}

@article{zhao2022learning,
  title={Learning practically feasible policies for online 3D bin packing},
  author={Zhao, Hang and Zhu, Chenyang and Xu, Xin and Huang, Hui and Xu, Kai},
  journal={Science China Information Sciences},
  volume={65},
  number={1},
  pages={112105},
  year={2022},
  publisher={Springer}
}

