
%% IEEEexample.bib 
%% V1.10 
%% 2002/09/27
%% Copyright (c) 2002 by Michael Shell
%% mshell(at)ece.gatech.edu
%% See support website below for current contact information.
%% 
%% NOTE: This text file uses MS Windows line feed conventions. When (human)
%% reading this file on other platforms, you may have to use a text
%% editor that can handle lines terminated by the MS Windows line feed
%% characters (0x0D 0x0A).
%% 
%% This is an example BibTeX database for the official IEEEtran.bst
%% BibTeX style file.
%% 
%% Some entries call strings that are defined in the IEEEabrv.bib file.
%% Therefore, IEEEabrv.bib should be loaded prior to this file. 
%% Usage: 
%% 
%% \bibliographystyle{./IEEEtran} % use IEEEtran.bst style
%% \bibliography{./IEEEabrv,./IEEEexample}
%% 
%% 
%% Support sites:
%% http://www.ctan.org/tex-archive/macros/latex/contrib/supported/IEEEtran/ 
%% and/or
%% http://www.ieee.org
%%**********************************************************************
%% Legal Notice:
%% This code is offered as-is without any warranty either expressed or
%% implied; without even the implied warranty of MERCHANTABILITY or
%% FITNESS FOR A PARTICULAR PURPOSE!
%% User assumes all risk.
%% In no event shall IEEE or any contributor to this code be liable for
%% any damages or losses, including, but not limited to, incidental,
%% consequential, or any other damages, resulting from the use or misuse
%% of any information contained here.
%%
%% This code is distributed under the Perl Artistic License 
%% ( http://language.perl.com/misc/Artistic.html ) 
%% and may be freely used, distributed and modified - subject to the
%% constraints therein.
%% Retain all contribution notices, credits and disclaimers.
%% 
%% All comments are the opinions of their respective authors and are not
%% necessarily endorsed by the IEEE.
%%**********************************************************************


% Note that, because the example references were taken from actual IEEE
% publications, these examples do not always contain the full amount
% of information that may be desirable (for use with other BibTeX styles).
% In particular, full names (not abbreviated with initials) should be
% entered whenever possible as some (non-IEEE) bibliography styles use
% full names. IEEEtran.bst will automatically abbreviate when it
% encounters full names.
 
 
 
 
% references for the IEEEtran.bst documentation
% the distribution site for IEEEtran.bst
@article{wang2020robot,
  title={Robot packing with known items and nondeterministic arrival order},
  author={Wang, Fan and Hauser, Kris},
  journal={IEEE Transactions on Automation Science and Engineering},
  volume={18},
  number={4},
  pages={1901--1915},
  year={2020},
  publisher={IEEE}
}

@inproceedings{lamon2020towards,
  title={Towards an intelligent collaborative robotic system for mixed case palletizing},
  author={Lamon, Edoardo and Leonori, Mattia and Kim, Wansoo and Ajoudani, Arash},
  booktitle={2020 IEEE International Conference on Robotics and Automation (ICRA)},
  pages={9128--9134},
  year={2020},
  organization={IEEE}
}

@article{szczepanski2022optimal,
  title={Optimal scheduling for palletizing task using robotic arm and artificial bee colony algorithm},
  author={Szczepanski, Rafal and Erwinski, Krystian and Tejer, Mateusz and Bereit, Artur and Tarczewski, Tomasz},
  journal={Engineering Applications of Artificial Intelligence},
  volume={113},
  pages={104976},
  year={2022},
  publisher={Elsevier}
}

@article{wu2024efficient,
  title={Efficient Reinforcement Learning of Task Planners for Robotic Palletization through Iterative Action Masking Learning},
  author={Wu, Zheng and Li, Yichuan and Zhan, Wei and Liu, Changliu and Liu, Yun-Hui and Tomizuka, Masayoshi},
  journal={arXiv preprint arXiv:2404.04772},
  year={2024}
}

@inproceedings{zhao2021online,
  title={Online 3D bin packing with constrained deep reinforcement learning},
  author={Zhao, Hang and She, Qijin and Zhu, Chenyang and Yang, Yin and Xu, Kai},
  booktitle={Proceedings of the AAAI Conference on Artificial Intelligence},
  volume={35},
  number={1},
  pages={741--749},
  year={2021}
}

@inproceedings{zhao2021learning,
  title={Learning efficient online 3D bin packing on packing configuration trees},
  author={Zhao, Hang and Yu, Yang and Xu, Kai},
  booktitle={International conference on learning representations},
  year={2021}
}

@article{faroe2003guided,
  title={Guided local search for the three-dimensional bin-packing problem},
  author={Faroe, Oluf and Pisinger, David and Zachariasen, Martin},
  journal={Informs journal on computing},
  volume={15},
  number={3},
  pages={267--283},
  year={2003},
  publisher={INFORMS}
}

@article{zhao2022learning,
  title={Learning practically feasible policies for online 3D bin packing},
  author={Zhao, Hang and Zhu, Chenyang and Xu, Xin and Huang, Hui and Xu, Kai},
  journal={Science China Information Sciences},
  volume={65},
  number={1},
  pages={112105},
  year={2022},
  publisher={Springer}
}

@article{kaelbling1996reinforcement,
  title={Reinforcement learning: A survey},
  author={Kaelbling, Leslie Pack and Littman, Michael L and Moore, Andrew W},
  journal={Journal of artificial intelligence research},
  volume={4},
  pages={237--285},
  year={1996}
}

@inproceedings{ha2017online,
  title={An online packing heuristic for the three-dimensional container loading problem in dynamic environments and the Physical Internet},
  author={Ha, Chi Trung and Nguyen, Trung Thanh and Bui, Lam Thu and Wang, Ran},
  booktitle={Applications of Evolutionary Computation: 20th European Conference, EvoApplications 2017, Amsterdam, The Netherlands, April 19-21, 2017, Proceedings, Part II 20},
  pages={140--155},
  year={2017},
  organization={Springer}
}

@inproceedings{wang2019stable,
  title={Stable bin packing of non-convex 3D objects with a robot manipulator},
  author={Wang, Fan and Hauser, Kris},
  booktitle={2019 International Conference on Robotics and Automation (ICRA)},
  pages={8698--8704},
  year={2019},
  organization={IEEE}
}

@article{dulac2015deep,
  title={Deep reinforcement learning in large discrete action spaces},
  author={Dulac-Arnold, Gabriel and Evans, Richard and van Hasselt, Hado and Sunehag, Peter and Lillicrap, Timothy and Hunt, Jonathan and Mann, Timothy and Weber, Theophane and Degris, Thomas and Coppin, Ben},
  journal={arXiv preprint arXiv:1512.07679},
  year={2015}
}

@article{vinyals2017starcraft,
  title={Starcraft ii: A new challenge for reinforcement learning},
  author={Vinyals, Oriol and Ewalds, Timo and Bartunov, Sergey and Georgiev, Petko and Vezhnevets, Alexander Sasha and Yeo, Michelle and Makhzani, Alireza and K{\"u}ttler, Heinrich and Agapiou, John and Schrittwieser, Julian and others},
  journal={arXiv preprint arXiv:1708.04782},
  year={2017}
}

@inproceedings{ye2020mastering,
  title={Mastering complex control in moba games with deep reinforcement learning},
  author={Ye, Deheng and Liu, Zhao and Sun, Mingfei and Shi, Bei and Zhao, Peilin and Wu, Hao and Yu, Hongsheng and Yang, Shaojie and Wu, Xipeng and Guo, Qingwei and others},
  booktitle={Proceedings of the AAAI Conference on Artificial Intelligence},
  volume={34},
  number={04},
  pages={6672--6679},
  year={2020}
}

@article{chen2014semantic,
  title={Semantic image segmentation with deep convolutional nets and fully connected crfs},
  author={Chen, Liang-Chieh and Papandreou, George and Kokkinos, Iasonas and Murphy, Kevin and Yuille, Alan L},
  journal={arXiv preprint arXiv:1412.7062},
  year={2014}
}

@inproceedings{long2015fully,
  title={Fully convolutional networks for semantic segmentation},
  author={Long, Jonathan and Shelhamer, Evan and Darrell, Trevor},
  booktitle={Proceedings of the IEEE conference on computer vision and pattern recognition},
  pages={3431--3440},
  year={2015}
}

@inproceedings{todorov2012mujoco,
  title={Mujoco: A physics engine for model-based control},
  author={Todorov, Emanuel and Erez, Tom and Tassa, Yuval},
  booktitle={2012 IEEE/RSJ international conference on intelligent robots and systems},
  pages={5026--5033},
  year={2012},
  organization={IEEE}
}

@inproceedings{wang2016apriltag,
  title={AprilTag 2: Efficient and robust fiducial detection},
  author={Wang, John and Olson, Edwin},
  booktitle={2016 IEEE/RSJ International Conference on Intelligent Robots and Systems (IROS)},
  pages={4193--4198},
  year={2016},
  organization={IEEE}
}

@article{crainic2009ts2pack,
  title={TS2PACK: A two-level tabu search for the three-dimensional bin packing problem},
  author={Crainic, Teodor Gabriel and Perboli, Guido and Tadei, Roberto},
  journal={European Journal of Operational Research},
  volume={195},
  number={3},
  pages={744--760},
  year={2009},
  publisher={Elsevier}
}

@article{kang2012hybrid,
  title={A hybrid genetic algorithm with a new packing strategy for the three-dimensional bin packing problem},
  author={Kang, Kyungdaw and Moon, Ilkyeong and Wang, Hongfeng},
  journal={Applied Mathematics and Computation},
  volume={219},
  number={3},
  pages={1287--1299},
  year={2012},
  publisher={Elsevier}
}

@article{hu2020tap,
  title={TAP-Net: transport-and-pack using reinforcement learning},
  author={Hu, Ruizhen and Xu, Juzhan and Chen, Bin and Gong, Minglun and Zhang, Hao and Huang, Hui},
  journal={ACM Transactions on Graphics (TOG)},
  volume={39},
  number={6},
  pages={1--15},
  year={2020},
  publisher={ACM New York, NY, USA}
}

@article{zhang2021attend2pack,
  title={Attend2Pack: Bin packing through deep reinforcement learning with attention},
  author={Zhang, Jingwei and Zi, Bin and Ge, Xiaoyu},
  journal={arXiv preprint arXiv:2107.04333},
  year={2021}
}

@inproceedings{karabulut2004hybrid,
  title={A hybrid genetic algorithm for packing in 3D with deepest bottom left with fill method},
  author={Karabulut, Korhan and {\.I}nceo{\u{g}}lu, Mustafa Murat},
  booktitle={International Conference on Advances in Information Systems},
  pages={441--450},
  year={2004},
  organization={Springer}
}

@inproceedings{robosuite2020,
  title={robosuite: A Modular Simulation Framework and Benchmark for Robot Learning},
  author={Yuke Zhu and Josiah Wong and Ajay Mandlekar and Roberto Mart\'{i}n-Mart\'{i}n and Abhishek Joshi and Soroush Nasiriany and Yifeng Zhu},
  booktitle={arXiv preprint arXiv:2009.12293},
  year={2020}
}

@article{schulman2017proximal,
  title={Proximal policy optimization algorithms},
  author={Schulman, John and Wolski, Filip and Dhariwal, Prafulla and Radford, Alec and Klimov, Oleg},
  journal={arXiv preprint arXiv:1707.06347},
  year={2017}
}

@inproceedings{cciccek20163d,
  title={3D U-Net: learning dense volumetric segmentation from sparse annotation},
  author={{\c{C}}i{\c{c}}ek, {\"O}zg{\"u}n and Abdulkadir, Ahmed and Lienkamp, Soeren S and Brox, Thomas and Ronneberger, Olaf},
  booktitle={Medical Image Computing and Computer-Assisted Intervention--MICCAI 2016: 19th International Conference, Athens, Greece, October 17-21, 2016, Proceedings, Part II 19},
  pages={424--432},
  year={2016},
  organization={Springer}
}