@inproceedings{aksan2021spatio,
  title={A spatio-temporal transformer for 3D human motion prediction},
  author={Aksan, Emre and Kaufmann, Manuel and Cao, Peng and Hilliges, Otmar},
  booktitle={2021 International Conference on 3D Vision (3DV)},
  pages={565--574},
  year={2021},
  organization={IEEE}
}

@article{alexanderson2023listen,
  title={Listen, denoise, action! audio-driven motion synthesis with Diffusion Models},
  author={Alexanderson, Simon and Nagy, Rajmund and Beskow, Jonas and Henter, Gustav Eje},
  journal={ACM Transactions on Graphics (TOG)},
  volume={42},
  number={4},
  pages={1--20},
  year={2023},
  publisher={ACM New York, NY, USA}
}

@article{austin2021structured,
  title={Structured denoising Diffusion Models in discrete state-spaces},
  author={Austin, Jacob and Johnson, Daniel D and Ho, Jonathan and Tarlow, Daniel and Van Den Berg, Rianne},
  journal={Advances in Neural Information Processing Systems},
  volume={34},
  pages={17981--17993},
  year={2021}
}

@inproceedings{avrahami2022blended,
  title={Blended diffusion for text-driven editing of natural images},
  author={Avrahami, Omri and Lischinski, Dani and Fried, Ohad},
  booktitle={Proceedings of the IEEE/CVF Conference on Computer Vision and Pattern Recognition},
  pages={18208--18218},
  year={2022}
}

@article{baranchuk2021label,
  title={Label-efficient semantic segmentation with Diffusion Models},
  author={Baranchuk, Dmitry and Rubachev, Ivan and Voynov, Andrey and Khrulkov, Valentin and Babenko, Artem},
  journal={arXiv preprint arXiv:2112.03126},
  year={2021}
}

@inproceedings{brempong2022denoising,
  title={Denoising pretraining for semantic segmentation},
  author={Brempong, Emmanuel Asiedu and Kornblith, Simon and Chen, Ting and Parmar, Niki and Minderer, Matthias and Norouzi, Mohammad},
  booktitle={Proceedings of the IEEE/CVF Conference on Computer Vision and Pattern Recognition},
  pages={4175--4186},
  year={2022}
}

@inproceedings{butepage2017deep,
  title={Deep representation learning for human motion prediction and classification},
  author={Butepage, Judith and Black, Michael J and Kragic, Danica and Kjellstrom, Hedvig},
  booktitle={Proceedings of the IEEE Conference on Computer Vision and Pattern Recognition},
  pages={6158--6166},
  year={2017}
}

@inproceedings{chiu2019action,
  title={Action-agnostic human pose forecasting},
  author={Chiu, Hsukuang and Adeli, Ehsan and Wang, Borui and Huang, De-An and Niebles, Juan Carlos},
  booktitle={2019 IEEE Winter Conference on Applications of Computer Vision (WACV)},
  pages={1423--1432},
  year={2019},
  organization={IEEE}
}

@article{chung2022improving,
  title={Improving Diffusion Models for inverse problems using manifold constraints},
  author={Chung, Hyungjin and Sim, Byeongsu and Ryu, Dohoon and Ye, Jong Chul},
  journal={Advances in Neural Information Processing Systems},
  volume={35},
  pages={25683--25696},
  year={2022}
}

@article{croitoru2023diffusion,
  title={Diffusion models in vision: A survey},
  author={Croitoru, Florinel-Alin and Hondru, Vlad and Ionescu, Radu Tudor and Shah, Mubarak},
  journal={IEEE Transactions on Pattern Analysis and Machine Intelligence},
  volume={45},
  number={9},
  pages={10850--10869},
  year={2023},
  publisher={IEEE}
}

@inproceedings{dabral2023mofusion,
  title={Mofusion: A framework for denoising-diffusion-based motion synthesis},
  author={Dabral, Rishabh and Mughal, Muhammad Hamza and Golyanik, Vladislav and Theobalt, Christian},
  booktitle={Proceedings of the IEEE/CVF Conference on Computer Vision and Pattern Recognition},
  pages={9760--9770},
  year={2023}
}

@article{dhariwal2021diffusion,
  title={Diffusion models beat gans on image synthesis},
  author={Dhariwal, Prafulla and Nichol, Alexander},
  journal={Advances in Neural Information Processing Systems},
  volume={34},
  pages={8780--8794},
  year={2021}
}

@article{du2019bio,
  title={Bio-lstm: A biomechanically inspired recurrent neural network for 3-d pedestrian pose and gait prediction},
  author={Du, Xiaoxiao and Vasudevan, Ram and Johnson-Roberson, Matthew},
  journal={IEEE Robotics and Automation Letters},
  volume={4},
  number={2},
  pages={1501--1508},
  year={2019},
  publisher={IEEE}
}

@article{fan2022bi,
  title={A bi-directional attention guided cross-modal network for music based dance generation},
  author={Fan, Di and Wan, Lili and Xu, Wanru and Wang, Shenghui},
  journal={Computers and Electrical Engineering},
  volume={103},
  pages={108310},
  year={2022},
  publisher={Elsevier}
}

@article{fukayama2015music,
  title={Music content driven automated choreography with beat-wise motion connectivity constraints},
  author={Fukayama, Satoru and Goto, Masataka},
  journal={Proceedings of SMC},
  pages={177--183},
  year={2015},
  publisher={Citeseer}
}

@inproceedings{gong2023tm2d,
  title={Tm2d: Bimodality driven 3D dance generation via music-text integration},
  author={Gong, Kehong and Lian, Dongze and Chang, Heng and Guo, Chuan and Jiang, Zihang and Zuo, Xinxin and Mi, Michael Bi and Wang, Xinchao},
  booktitle={Proceedings of the IEEE/CVF International Conference on Computer Vision},
  pages={9942--9952},
  year={2023}
}

@inproceedings{gui2018adversarial,
  title={Adversarial geometry-aware human motion prediction},
  author={Gui, Liang-Yan and Wang, Yu-Xiong and Liang, Xiaodan and Moura, Jos{\'e} MF},
  booktitle={Proceedings of the European Conference on Computer Vision (ECCV)},
  pages={786--803},
  year={2018}
}

@article{he2022diffusionbert,
  title={Diffusionbert: Improving generative masked language models with Diffusion Models},
  author={He, Zhengfu and Sun, Tianxiang and Wang, Kuanning and Huang, Xuanjing and Qiu, Xipeng},
  journal={arXiv preprint arXiv:2211.15029},
  year={2022}
}

@article{ho2020denoising,
  title={Denoising diffusion probabilistic models},
  author={Ho, Jonathan and Jain, Ajay and Abbeel, Pieter},
  journal={Advances in Neural Information Processing Systems},
  volume={33},
  pages={6840--6851},
  year={2020}
}

@article{ho2022cascaded,
  title={Cascaded Diffusion Models for high fidelity image generation},
  author={Ho, Jonathan and Saharia, Chitwan and Chan, William and Fleet, David J and Norouzi, Mohammad and Salimans, Tim},
  journal={Journal of Machine Learning Research},
  volume={23},
  number={47},
  pages={1--33},
  year={2022}
}

@incollection{holden2015learning,
  title={Learning motion manifolds with convolutional autoencoders},
  author={Holden, Daniel and Saito, Jun and Komura, Taku and Joyce, Thomas},
  booktitle={SIGGRAPH Asia 2015 technical briefs},
  pages={1--4},
  year={2015},
  publisher = {Association for Computing Machinery},
  address = {New York, NY, USA},
}

@article{holden2016deep,
  title={A deep learning framework for character motion synthesis and editing},
  author={Holden, Daniel and Saito, Jun and Komura, Taku},
  journal={ACM Transactions on Graphics (TOG)},
  volume={35},
  number={4},
  pages={1--11},
  year={2016}
}

@inproceedings{huang2022genre,
  title={Genre-conditioned long-term 3D dance generation driven by music},
  author={Huang, Yuhang and Zhang, Junjie and Liu, Shuyan and Bao, Qian and Zeng, Dan and Chen, Zhineng and Liu, Wu},
  booktitle={ICASSP 2022-2022 IEEE International Conference on Acoustics, Speech and Signal Processing (ICASSP)},
  pages={4858--4862},
  year={2022},
  organization={IEEE}
}

@inproceedings{karunratanakul2023guided,
  title={Guided motion diffusion for controllable human motion synthesis},
  author={Karunratanakul, Korrawe and Preechakul, Konpat and Suwajanakorn, Supasorn and Tang, Siyu},
  booktitle={Proceedings of the IEEE/CVF International Conference on Computer Vision},
  pages={2151--2162},
  year={2023}
}

@article{kong2020diffwave,
  title={Diffwave: A versatile Diffusion Model for audio synthesis},
  author={Kong, Zhifeng and Ping, Wei and Huang, Jiaji and Zhao, Kexin and Catanzaro, Bryan},
  journal={arXiv preprint arXiv:2009.09761},
  year={2020}
}

@inproceedings{li2018convolutional,
  title={Convolutional sequence to sequence model for human dynamics},
  author={Li, Chen and Zhang, Zhen and Lee, Wee Sun and Lee, Gim Hee},
  booktitle={Proceedings of the IEEE Conference on Computer Vision and Pattern Recognition},
  pages={5226--5234},
  year={2018}
}

@inproceedings{li2022danceformer,
  title={Danceformer: Music conditioned 3D dance generation with parametric motion transformer},
  author={Li, Buyu and Zhao, Yongchi and Zhelun, Shi and Sheng, Lu},
  booktitle={Proceedings of the AAAI Conference on Artificial Intelligence},
  volume={36},
  number={2},
  pages={1272--1279},
  year={2022}
}

@inproceedings{li2023finedance,
  title={Finedance: A fine-grained choreography dataset for 3d full body dance generation},
  author={Li, Ronghui and Zhao, Junfan and Zhang, Yachao and Su, Mingyang and Ren, Zeping and Zhang, Han and Tang, Yansong and Li, Xiu},
  booktitle={Proceedings of the IEEE/CVF International Conference on Computer Vision},
  pages={10234--10243},
  year={2023}
}

@inproceedings{liu2019towards,
  title={Towards natural and accurate future motion prediction of humans and animals},
  author={Liu, Zhenguang and Wu, Shuang and Jin, Shuyuan and Liu, Qi and Lu, Shijian and Zimmermann, Roger and Cheng, Li},
  booktitle={Proceedings of the IEEE/CVF Conference on Computer Vision and Pattern Recognition},
  pages={10004--10012},
  year={2019}
}

@article{liu2023audioldm,
  title={Audio\uppercase{ldm}: Text-to-audio generation with latent Diffusion Models},
  author={Liu, Haohe and Chen, Zehua and Yuan, Yi and Mei, Xinhao and Liu, Xubo and Mandic, Danilo and Wang, Wenwu and Plumbley, Mark D},
  journal={Proc. IEEE International Conference on Machine Learning},
  year={2023}
}

@article{liu2024audioldm2,
  title={AudioLDM 2: Learning holistic audio generation with self-supervised pretraining},
  author={Liu, Haohe and Yuan, Yi and Liu, Xubo and Mei, Xinhao and Kong, Qiuqiang and Tian, Qiao and Wang, Yuping and Wang, Wenwu and Wang, Yuxuan and Plumbley, Mark D.},
  journal={IEEE/ACM Transactions on Audio Speech and Language Processing},
  volume={32},
  number={},
  pages={2871--2883},
  year={2024}
}

@article{loi2023machine,
  title={Machine learning approaches for 3D motion synthesis and musculoskeletal dynamics estimation: a survey},
  author={Loi, Iliana and Zacharaki, Evangelia I and Moustakas, Konstantinos},
  journal={IEEE transactions on Visualization and Computer Graphics},
  volume={30},
  number={8},
  pages={5810--5829},
  year={2023},
  publisher={IEEE}
}

@article{lovelace2024latent,
  title={Latent diffusion for language generation},
  author={Lovelace, Justin and Kishore, Varsha and Wan, Chao and Shekhtman, Eliot and Weinberger, Kilian Q},
  journal={Advances in Neural Information Processing Systems},
  volume={36},
  year={2024}
}

@inproceedings{ma2022progressively,
  title={Progressively generating better initial guesses towards next stages for high-quality human motion prediction},
  author={Ma, Tiezheng and Nie, Yongwei and Long, Chengjiang and Zhang, Qing and Li, Guiqing},
  booktitle={Proceedings of the IEEE/CVF Conference on Computer Vision and Pattern Recognition},
  pages={6437--6446},
  year={2022}
}

@inproceedings{martinez2017human,
  title={On human motion prediction using recurrent neural networks},
  author={Martinez, Julieta and Black, Michael J and Romero, Javier},
  booktitle={Proceedings of the IEEE conference on computer vision and pattern recognition},
  pages={2891--2900},
  year={2017}
}

@article{nichol2021glide,
  title={Glide: Towards photorealistic image generation and editing with text-guided Diffusion Models},
  author={Nichol, Alex and Dhariwal, Prafulla and Ramesh, Aditya and Shyam, Pranav and Mishkin, Pamela and McGrew, Bob and Sutskever, Ilya and Chen, Mark},
  journal={arXiv preprint arXiv:2112.10741},
  year={2021}
}

@inproceedings{nichol2021improved,
  title={Improved denoising diffusion probabilistic models},
  author={Nichol, Alexander Quinn and Dhariwal, Prafulla},
  booktitle={International conference on machine learning},
  pages={8162--8171},
  year={2021},
  organization={PMLR}
}

@article{ofli2008audio,
  title={An audio-driven dancing avatar},
  author={Ofli, Ferda and Demir, Yasemin and Yemez, Y{\"u}cel and Erzin, Engin and Tekalp, A Murat and Balc{\i}, Koray and K{\i}zo{\u{g}}lu, {\.I}dil and Akarun, Lale and Canton-Ferrer, Cristian and Tilmanne, Jo{\"e}lle and others},
  journal={Journal on Multimodal User Interfaces},
  volume={2},
  pages={93--103},
  year={2008},
  publisher={Springer}
}

@article{poole2022dreamfusion,
  title={Dreamfusion: Text-to-3D using 2d diffusion},
  author={Poole, Ben and Jain, Ajay and Barron, Jonathan T and Mildenhall, Ben},
  journal={arXiv preprint arXiv:2209.14988},
  year={2022}
}

@inproceedings{radford2021learning,
  title={Learning transferable visual models from natural language supervision},
  author={Radford, Alec and Kim, Jong Wook and Hallacy, Chris and Ramesh, Aditya and Goh, Gabriel and Agarwal, Sandhini and Sastry, Girish and Askell, Amanda and Mishkin, Pamela and Clark, Jack and others},
  booktitle={International conference on machine learning},
  pages={8748--8763},
  year={2021},
  organization={PMLR}
}

@article{ramesh2022hierarchical,
  title={Hierarchical text-conditional image generation with clip latents},
  author={Ramesh, Aditya and Dhariwal, Prafulla and Nichol, Alex and Chu, Casey and Chen, Mark},
  journal={arXiv preprint arXiv:2204.06125},
  volume={1},
  number={2},
  pages={3},
  year={2022}
}

@inproceedings{rombach2022high,
  title={High-resolution image synthesis with latent Diffusion Models},
  author={Rombach, Robin and Blattmann, Andreas and Lorenz, Dominik and Esser, Patrick and Ommer, Bj{\"o}rn},
  booktitle={Proceedings of the IEEE/CVF Conference on Computer Vision and Pattern Recognition},
  pages={10684--10695},
  year={2022}
}

@inproceedings{ruiz2023dreambooth,
  title={Dreambooth: Fine tuning text-to-image Diffusion Models for subject-driven generation},
  author={Ruiz, Nataniel and Li, Yuanzhen and Jampani, Varun and Pritch, Yael and Rubinstein, Michael and Aberman, Kfir},
  booktitle={Proceedings of the IEEE/CVF Conference on Computer Vision and Pattern Recognition},
  pages={22500--22510},
  year={2023}
}

@inproceedings{shiratori2006dancing,
  title={Dancing-to-music character animation},
  author={Shiratori, Takaaki and Nakazawa, Atsushi and Ikeuchi, Katsushi},
  booktitle={Computer Graphics Forum},
  volume={25},
  number={3},
  pages={449--458},
  year={2006},
  organization={Wiley Online Library}
}

@inproceedings{siyao2022bailando,
  title={Bailando: 3D dance generation by actor-critic gpt with choreographic memory},
  author={Siyao, Li and Yu, Weijiang and Gu, Tianpei and Lin, Chunze and Wang, Quan and Qian, Chen and Loy, Chen Change and Liu, Ziwei},
  booktitle={Proceedings of the IEEE/CVF Conference on Computer Vision and Pattern Recognition},
  pages={11050--11059},
  year={2022}
}

@misc{tevet2022humanmotiondiffusionmodel,
      title={Human Motion Diffusion Model}, 
      author={Guy Tevet and Sigal Raab and Brian Gordon and Yonatan Shafir and Daniel Cohen-Or and Amit H. Bermano},
      year={2022},
      eprint={2209.14916},
      archivePrefix={arXiv},
      primaryClass={cs.CV},
      url={https://arxiv.org/abs/2209.14916}, 
}

@inproceedings{tseng2023edge,
  title={Edge: Editable dance generation from music},
  author={Tseng, Jonathan and Castellon, Rodrigo and Liu, Karen},
  booktitle={Proceedings of the IEEE/CVF Conference on Computer Vision and Pattern Recognition},
  pages={448--458},
  year={2023}
}

@article{zhuang2022music2dance,
  title={Music2dance: Dancenet for music-driven dance generation},
  author={Zhuang, Wenlin and Wang, Congyi and Chai, Jinxiang and Wang, Yangang and Shao, Ming and Xia, Siyu},
  journal={ACM Transactions on Multimedia Computing, Communications, and Applications (TOMM)},
  volume={18},
  number={2},
  pages={1--21},
  year={2022},
  publisher={ACM New York, NY}
}

