%------ Introduction ------------------------------------------------------

@article{bannerman2014dance,
  title={Is dance a language? Movement, meaning and communication},
  author={Bannerman, Henrietta},
  journal={Dance Research},
  volume={32},
  number={1},
  pages={65--80},
  year={2014},
  publisher={Edinburgh University Press 22 George Square, Edinburgh EH8 9LF UK}
}
@inproceedings{huang2022genre,
  title={Genre-conditioned long-term 3D dance generation driven by music},
  author={Huang, Yuhang and Zhang, Junjie and Liu, Shuyan and Bao, Qian and Zeng, Dan and Chen, Zhineng and Liu, Wu},
  booktitle={ICASSP 2022-2022 IEEE International Conference on Acoustics, Speech and Signal Processing (ICASSP)},
  pages={4858--4862},
  year={2022},
  organization={IEEE}
}
@inproceedings{li2021ai,
  title={Ai choreographer: Music conditioned 3D dance generation with aist++},
  author={Li, Ruilong and Yang, Shan and Ross, David A and Kanazawa, Angjoo},
  booktitle={Proceedings of the IEEE/CVF International Conference on Computer Vision},
  pages={13401--13412},
  year={2021}
}
@inproceedings{zhang2024bidirectional,
  title={Bidirectional Autoregessive Diffusion Model for Dance Generation},
  author={Zhang, Canyu and Tang, Youbao and Zhang, Ning and Lin, Ruei-Sung and Han, Mei and Xiao, Jing and Wang, Song},
  booktitle={Proceedings of the IEEE/CVF Conference on Computer Vision and Pattern Recognition},
  pages={687--696},
  year={2024}
}
@inproceedings{marchellus2023m2c,
  title={M2c: Concise music representation for 3D dance generation},
  author={Marchellus, Matthew and Park, In Kyu},
  booktitle={Proceedings of the IEEE/CVF International Conference on Computer Vision},
  pages={3126--3135},
  year={2023}
}
@inproceedings{gong2023tm2d,
  title={Tm2d: Bimodality driven 3D dance generation via music-text integration},
  author={Gong, Kehong and Lian, Dongze and Chang, Heng and Guo, Chuan and Jiang, Zihang and Zuo, Xinxin and Mi, Michael Bi and Wang, Xinchao},
  booktitle={Proceedings of the IEEE/CVF International Conference on Computer Vision},
  pages={9942--9952},
  year={2023}
}
@article{yang2023longdancediff,
  title={Longdancediff: Long-term dance generation with conditional Diffusion Model},
  author={Yang, Siqi and Yang, Zejun and Wang, Zhisheng},
  journal={arXiv preprint arXiv:2308.11945},
  year={2023}
}
@inproceedings{li2024lodge,
  title={Lodge: A coarse to fine diffusion network for long dance generation guided by the characteristic dance primitives},
  author={Li, Ronghui and Zhang, YuXiang and Zhang, Yachao and Zhang, Hongwen and Guo, Jie and Zhang, Yan and Liu, Yebin and Li, Xiu},
  booktitle={Proceedings of the IEEE/CVF Conference on Computer Vision and Pattern Recognition},
  pages={1524--1534},
  year={2024}
}
@inproceedings{siyao2022bailando,
  title={Bailando: 3D dance generation by actor-critic gpt with choreographic memory},
  author={Siyao, Li and Yu, Weijiang and Gu, Tianpei and Lin, Chunze and Wang, Quan and Qian, Chen and Loy, Chen Change and Liu, Ziwei},
  booktitle={Proceedings of the IEEE/CVF Conference on Computer Vision and Pattern Recognition},
  pages={11050--11059},
  year={2022}
}

@article{huang2020dance,
  title={Dance revolution: Long-term dance generation with music via curriculum learning},
  author={Huang, Ruozi and Hu, Huang and Wu, Wei and Sawada, Kei and Zhang, Mi and Jiang, Daxin},
  journal={arXiv preprint arXiv:2006.06119},
  year={2020}
}
@inproceedings{kim2022brand,
  title={A brand new dance partner: Music-conditioned pluralistic dancing controlled by multiple dance genres},
  author={Kim, Jinwoo and Oh, Heeseok and Kim, Seongjean and Tong, Hoseok and Lee, Sanghoon},
  booktitle={Proceedings of the IEEE/CVF Conference on Computer Vision and Pattern Recognition},
  pages={3490--3500},
  year={2022}
}
@misc{tevet2022humanmotiondiffusionmodel,
      title={Human Motion Diffusion Model}, 
      author={Guy Tevet and Sigal Raab and Brian Gordon and Yonatan Shafir and Daniel Cohen-Or and Amit H. Bermano},
      year={2022},
      eprint={2209.14916},
      archivePrefix={arXiv},
      primaryClass={cs.CV},
      url={https://arxiv.org/abs/2209.14916}, 
}
@inproceedings{tseng2023edge,
  title={Edge: Editable dance generation from music},
  author={Tseng, Jonathan and Castellon, Rodrigo and Liu, Karen},
  booktitle={Proceedings of the IEEE/CVF Conference on Computer Vision and Pattern Recognition},
  pages={448--458},
  year={2023}
}
@inproceedings{qi2023diffdance,
  title={Diffdance: Cascaded human motion Diffusion Model for dance generation},
  author={Qi, Qiaosong and Zhuo, Le and Zhang, Aixi and Liao, Yue and Fang, Fei and Liu, Si and Yan, Shuicheng},
  booktitle={Proceedings of the 31st ACM International Conference on Multimedia},
  pages={1374--1382},
  year={2023}
}
@inproceedings{liu2024dgfm,
  title={DGFM: Full Body Dance Generation Driven by Music Foundation Models},
  author={Liu, Xinran and Feng, Zhenhua and Kanojia, Diptesh and Wang, Wenwu},
  booktitle={Audio Imagination: NeurIPS 2024 Workshop AI-Driven Speech, Music, and Sound Generation}
}
@article{abdul2022mel,
  title={Mel frequency cepstral coefficient and its applications: A review},
  author={Abdul, Zrar Kh and Al-Talabani, Abdulbasit K},
  journal={IEEE Access},
  volume={10},
  pages={122136--122158},
  year={2022},
  publisher={IEEE}
}

@article{li2023mert,
  title={Mert: Acoustic music understanding model with large-scale self-supervised training},
  author={Li, Yizhi and Yuan, Ruibin and Zhang, Ge and Ma, Yinghao and Chen, Xingran and Yin, Hanzhi and Xiao, Chenghao and Lin, Chenghua and Ragni, Anton and Benetos, Emmanouil and others},
  journal={arXiv preprint arXiv:2306.00107},
  year={2023}
}
@inproceedings{wu2022wav2clip,
  title={Wav2clip: Learning robust audio representations from clip},
  author={Wu, Ho-Hsiang and Seetharaman, Prem and Kumar, Kundan and Bello, Juan Pablo},
  booktitle={ICASSP 2022-2022 IEEE International Conference on Acoustics, Speech and Signal Processing (ICASSP)},
  pages={4563--4567},
  year={2022},
  organization={IEEE}
}
@inproceedings{radford2021learning,
  title={Learning transferable visual models from natural language supervision},
  author={Radford, Alec and Kim, Jong Wook and Hallacy, Chris and Ramesh, Aditya and Goh, Gabriel and Agarwal, Sandhini and Sastry, Girish and Askell, Amanda and Mishkin, Pamela and Clark, Jack and others},
  booktitle={International conference on machine learning},
  pages={8748--8763},
  year={2021},
  organization={PMLR}
}






%------ Related work ------------------------------------------------------
%------ motion Synthesis ------------------------------------------------------
@article{loi2023machine,
  title={Machine learning approaches for 3D motion synthesis and musculoskeletal dynamics estimation: a survey},
  author={Loi, Iliana and Zacharaki, Evangelia I and Moustakas, Konstantinos},
  journal={IEEE transactions on Visualization and Computer Graphics},
  volume={30},
  number={8},
  pages={5810--5829},
  year={2023},
  publisher={IEEE}
}
@inproceedings{guo2023back,
  title={Back to mlp: A simple baseline for human motion prediction},
  author={Guo, Wen and Du, Yuming and Shen, Xi and Lepetit, Vincent and Alameda-Pineda, Xavier and Moreno-Noguer, Francesc},
  booktitle={Proceedings of the IEEE/CVF winter conference on applications of computer vision},
  pages={4809--4819},
  year={2023}
}
@inproceedings{gui2018adversarial,
  title={Adversarial geometry-aware human motion prediction},
  author={Gui, Liang-Yan and Wang, Yu-Xiong and Liang, Xiaodan and Moura, Jos{\'e} MF},
  booktitle={Proceedings of the European Conference on Computer Vision (ECCV)},
  pages={786--803},
  year={2018}
}

@inproceedings{li2018convolutional,
  title={Convolutional sequence to sequence model for human dynamics},
  author={Li, Chen and Zhang, Zhen and Lee, Wee Sun and Lee, Gim Hee},
  booktitle={Proceedings of the IEEE Conference on Computer Vision and Pattern Recognition},
  pages={5226--5234},
  year={2018}
}
@inproceedings{liu2019towards,
  title={Towards natural and accurate future motion prediction of humans and animals},
  author={Liu, Zhenguang and Wu, Shuang and Jin, Shuyuan and Liu, Qi and Lu, Shijian and Zimmermann, Roger and Cheng, Li},
  booktitle={Proceedings of the IEEE/CVF Conference on Computer Vision and Pattern Recognition},
  pages={10004--10012},
  year={2019}
}
@inproceedings{martinez2017human,
  title={On human motion prediction using recurrent neural networks},
  author={Martinez, Julieta and Black, Michael J and Romero, Javier},
  booktitle={Proceedings of the IEEE conference on computer vision and pattern recognition},
  pages={2891--2900},
  year={2017}
}
@inproceedings{mao2019learning,
  title={Learning trajectory dependencies for human motion prediction},
  author={Mao, Wei and Liu, Miaomiao and Salzmann, Mathieu and Li, Hongdong},
  booktitle={Proceedings of the IEEE/CVF International Conference on Computer Vision},
  pages={9489--9497},
  year={2019}
}

@inproceedings{ma2022progressively,
  title={Progressively generating better initial guesses towards next stages for high-quality human motion prediction},
  author={Ma, Tiezheng and Nie, Yongwei and Long, Chengjiang and Zhang, Qing and Li, Guiqing},
  booktitle={Proceedings of the IEEE/CVF Conference on Computer Vision and Pattern Recognition},
  pages={6437--6446},
  year={2022}
}

@inproceedings{aksan2021spatio,
  title={A spatio-temporal transformer for 3D human motion prediction},
  author={Aksan, Emre and Kaufmann, Manuel and Cao, Peng and Hilliges, Otmar},
  booktitle={2021 International Conference on 3D Vision (3DV)},
  pages={565--574},
  year={2021},
  organization={IEEE}
}

@inproceedings{dabral2023mofusion,
  title={Mofusion: A framework for denoising-diffusion-based motion synthesis},
  author={Dabral, Rishabh and Mughal, Muhammad Hamza and Golyanik, Vladislav and Theobalt, Christian},
  booktitle={Proceedings of the IEEE/CVF Conference on Computer Vision and Pattern Recognition},
  pages={9760--9770},
  year={2023}
}




%------ Dance Generation ------------------------------------------------------
@inproceedings{shiratori2006dancing,
  title={Dancing-to-music character animation},
  author={Shiratori, Takaaki and Nakazawa, Atsushi and Ikeuchi, Katsushi},
  booktitle={Computer Graphics Forum},
  volume={25},
  number={3},
  pages={449--458},
  year={2006},
  organization={Wiley Online Library}
}
@article{ofli2008audio,
  title={An audio-driven dancing avatar},
  author={Ofli, Ferda and Demir, Yasemin and Yemez, Y{\"u}cel and Erzin, Engin and Tekalp, A Murat and Balc{\i}, Koray and K{\i}zo{\u{g}}lu, {\.I}dil and Akarun, Lale and Canton-Ferrer, Cristian and Tilmanne, Jo{\"e}lle and others},
  journal={Journal on Multimodal User Interfaces},
  volume={2},
  pages={93--103},
  year={2008},
  publisher={Springer}
}
@article{fukayama2015music,
  title={Music content driven automated choreography with beat-wise motion connectivity constraints},
  author={Fukayama, Satoru and Goto, Masataka},
  journal={Proceedings of SMC},
  pages={177--183},
  year={2015},
  publisher={Citeseer}
}
@article{holden2016deep,
  title={A deep learning framework for character motion synthesis and editing},
  author={Holden, Daniel and Saito, Jun and Komura, Taku},
  journal={ACM Transactions on Graphics (TOG)},
  volume={35},
  number={4},
  pages={1--11},
  year={2016}
}

@incollection{holden2015learning,
  title={Learning motion manifolds with convolutional autoencoders},
  author={Holden, Daniel and Saito, Jun and Komura, Taku and Joyce, Thomas},
  booktitle={SIGGRAPH Asia 2015 technical briefs},
  pages={1--4},
  year={2015},
  publisher = {Association for Computing Machinery},
  address = {New York, NY, USA},
}

@inproceedings{butepage2017deep,
  title={Deep representation learning for human motion prediction and classification},
  author={Butepage, Judith and Black, Michael J and Kragic, Danica and Kjellstrom, Hedvig},
  booktitle={Proceedings of the IEEE Conference on Computer Vision and Pattern Recognition},
  pages={6158--6166},
  year={2017}
}
@inproceedings{chiu2019action,
  title={Action-agnostic human pose forecasting},
  author={Chiu, Hsukuang and Adeli, Ehsan and Wang, Borui and Huang, De-An and Niebles, Juan Carlos},
  booktitle={2019 IEEE Winter Conference on Applications of Computer Vision (WACV)},
  pages={1423--1432},
  year={2019},
  organization={IEEE}
}
@article{du2019bio,
  title={Bio-lstm: A biomechanically inspired recurrent neural network for 3-d pedestrian pose and gait prediction},
  author={Du, Xiaoxiao and Vasudevan, Ram and Johnson-Roberson, Matthew},
  journal={IEEE Robotics and Automation Letters},
  volume={4},
  number={2},
  pages={1501--1508},
  year={2019},
  publisher={IEEE}
}
@article{fan2022bi,
  title={A bi-directional attention guided cross-modal network for music based dance generation},
  author={Fan, Di and Wan, Lili and Xu, Wanru and Wang, Shenghui},
  journal={Computers and Electrical Engineering},
  volume={103},
  pages={108310},
  year={2022},
  publisher={Elsevier}
}

@article{li2020learning,
  title={Learning to generate diverse dance motions with transformer},
  author={Li, Jiaman and Yin, Yihang and Chu, Hang and Zhou, Yi and Wang, Tingwu and Fidler, Sanja and Li, Hao},
  journal={arXiv preprint arXiv:2008.08171},
  year={2020}
}

@inproceedings{li2022danceformer,
  title={Danceformer: Music conditioned 3D dance generation with parametric motion transformer},
  author={Li, Buyu and Zhao, Yongchi and Zhelun, Shi and Sheng, Lu},
  booktitle={Proceedings of the AAAI Conference on Artificial Intelligence},
  volume={36},
  number={2},
  pages={1272--1279},
  year={2022}
}
@article{zhuang2022music2dance,
  title={Music2dance: Dancenet for music-driven dance generation},
  author={Zhuang, Wenlin and Wang, Congyi and Chai, Jinxiang and Wang, Yangang and Shao, Ming and Xia, Siyu},
  journal={ACM Transactions on Multimedia Computing, Communications, and Applications (TOMM)},
  volume={18},
  number={2},
  pages={1--21},
  year={2022},
  publisher={ACM New York, NY}
}


@inproceedings{li2023finedance,
  title={Finedance: A fine-grained choreography dataset for 3d full body dance generation},
  author={Li, Ronghui and Zhao, Junfan and Zhang, Yachao and Su, Mingyang and Ren, Zeping and Zhang, Han and Tang, Yansong and Li, Xiu},
  booktitle={Proceedings of the IEEE/CVF International Conference on Computer Vision},
  pages={10234--10243},
  year={2023}
}

%------ Diffusion ------------------------------------------------------
@article{ho2020denoising,
  title={Denoising diffusion probabilistic models},
  author={Ho, Jonathan and Jain, Ajay and Abbeel, Pieter},
  journal={Advances in Neural Information Processing Systems},
  volume={33},
  pages={6840--6851},
  year={2020}
}

@article{croitoru2023diffusion,
  title={Diffusion models in vision: A survey},
  author={Croitoru, Florinel-Alin and Hondru, Vlad and Ionescu, Radu Tudor and Shah, Mubarak},
  journal={IEEE Transactions on Pattern Analysis and Machine Intelligence},
  volume={45},
  number={9},
  pages={10850--10869},
  year={2023},
  publisher={IEEE}
}
@inproceedings{nichol2021improved,
  title={Improved denoising diffusion probabilistic models},
  author={Nichol, Alexander Quinn and Dhariwal, Prafulla},
  booktitle={International conference on machine learning},
  pages={8162--8171},
  year={2021},
  organization={PMLR}
}
@article{dhariwal2021diffusion,
  title={Diffusion models beat gans on image synthesis},
  author={Dhariwal, Prafulla and Nichol, Alexander},
  journal={Advances in Neural Information Processing Systems},
  volume={34},
  pages={8780--8794},
  year={2021}
}
@inproceedings{rombach2022high,
  title={High-resolution image synthesis with latent Diffusion Models},
  author={Rombach, Robin and Blattmann, Andreas and Lorenz, Dominik and Esser, Patrick and Ommer, Bj{\"o}rn},
  booktitle={Proceedings of the IEEE/CVF Conference on Computer Vision and Pattern Recognition},
  pages={10684--10695},
  year={2022}
}
@article{austin2021structured,
  title={Structured denoising Diffusion Models in discrete state-spaces},
  author={Austin, Jacob and Johnson, Daniel D and Ho, Jonathan and Tarlow, Daniel and Van Den Berg, Rianne},
  journal={Advances in Neural Information Processing Systems},
  volume={34},
  pages={17981--17993},
  year={2021}
}
@article{ho2022cascaded,
  title={Cascaded Diffusion Models for high fidelity image generation},
  author={Ho, Jonathan and Saharia, Chitwan and Chan, William and Fleet, David J and Norouzi, Mohammad and Salimans, Tim},
  journal={Journal of Machine Learning Research},
  volume={23},
  number={47},
  pages={1--33},
  year={2022}
}
@inproceedings{ruiz2023dreambooth,
  title={Dreambooth: Fine tuning text-to-image Diffusion Models for subject-driven generation},
  author={Ruiz, Nataniel and Li, Yuanzhen and Jampani, Varun and Pritch, Yael and Rubinstein, Michael and Aberman, Kfir},
  booktitle={Proceedings of the IEEE/CVF Conference on Computer Vision and Pattern Recognition},
  pages={22500--22510},
  year={2023}
}
@article{ramesh2022hierarchical,
  title={Hierarchical text-conditional image generation with clip latents},
  author={Ramesh, Aditya and Dhariwal, Prafulla and Nichol, Alex and Chu, Casey and Chen, Mark},
  journal={arXiv preprint arXiv:2204.06125},
  volume={1},
  number={2},
  pages={3},
  year={2022}
}
@article{poole2022dreamfusion,
  title={Dreamfusion: Text-to-3D using 2d diffusion},
  author={Poole, Ben and Jain, Ajay and Barron, Jonathan T and Mildenhall, Ben},
  journal={arXiv preprint arXiv:2209.14988},
  year={2022}
}

@article{baranchuk2021label,
  title={Label-efficient semantic segmentation with Diffusion Models},
  author={Baranchuk, Dmitry and Rubachev, Ivan and Voynov, Andrey and Khrulkov, Valentin and Babenko, Artem},
  journal={arXiv preprint arXiv:2112.03126},
  year={2021}
}
@inproceedings{brempong2022denoising,
  title={Denoising pretraining for semantic segmentation},
  author={Brempong, Emmanuel Asiedu and Kornblith, Simon and Chen, Ting and Parmar, Niki and Minderer, Matthias and Norouzi, Mohammad},
  booktitle={Proceedings of the IEEE/CVF Conference on Computer Vision and Pattern Recognition},
  pages={4175--4186},
  year={2022}
}


@article{lovelace2024latent,
  title={Latent diffusion for language generation},
  author={Lovelace, Justin and Kishore, Varsha and Wan, Chao and Shekhtman, Eliot and Weinberger, Kilian Q},
  journal={Advances in Neural Information Processing Systems},
  volume={36},
  year={2024}
}
@article{he2022diffusionbert,
  title={Diffusionbert: Improving generative masked language models with Diffusion Models},
  author={He, Zhengfu and Sun, Tianxiang and Wang, Kuanning and Huang, Xuanjing and Qiu, Xipeng},
  journal={arXiv preprint arXiv:2211.15029},
  year={2022}
}


@inproceedings{avrahami2022blended,
  title={Blended diffusion for text-driven editing of natural images},
  author={Avrahami, Omri and Lischinski, Dani and Fried, Ohad},
  booktitle={Proceedings of the IEEE/CVF Conference on Computer Vision and Pattern Recognition},
  pages={18208--18218},
  year={2022}
}
@article{alexanderson2023listen,
  title={Listen, denoise, action! audio-driven motion synthesis with Diffusion Models},
  author={Alexanderson, Simon and Nagy, Rajmund and Beskow, Jonas and Henter, Gustav Eje},
  journal={ACM Transactions on Graphics (TOG)},
  volume={42},
  number={4},
  pages={1--20},
  year={2023},
  publisher={ACM New York, NY, USA}
}

@inproceedings{karunratanakul2023guided,
  title={Guided motion diffusion for controllable human motion synthesis},
  author={Karunratanakul, Korrawe and Preechakul, Konpat and Suwajanakorn, Supasorn and Tang, Siyu},
  booktitle={Proceedings of the IEEE/CVF International Conference on Computer Vision},
  pages={2151--2162},
  year={2023}
}

@article{liu2023audioldm,
  title={Audio\uppercase{ldm}: Text-to-audio generation with latent Diffusion Models},
  author={Liu, Haohe and Chen, Zehua and Yuan, Yi and Mei, Xinhao and Liu, Xubo and Mandic, Danilo and Wang, Wenwu and Plumbley, Mark D},
  journal={Proc. IEEE International Conference on Machine Learning},
  year={2023}
}
@article{kong2020diffwave,
  title={Diffwave: A versatile Diffusion Model for audio synthesis},
  author={Kong, Zhifeng and Ping, Wei and Huang, Jiaji and Zhao, Kexin and Catanzaro, Bryan},
  journal={arXiv preprint arXiv:2009.09761},
  year={2020}
}
@inproceedings{zhang2022music,
  title={Music-to-dance generation with multiple conformer},
  author={Zhang, Mingao and Liu, Changhong and Chen, Yong and Lei, Zhenchun and Wang, Mingwen},
  booktitle={Proceedings of the 2022 International Conference on Multimedia Retrieval},
  pages={34--38},
  year={2022}
}
@article{chung2022improving,
  title={Improving Diffusion Models for inverse problems using manifold constraints},
  author={Chung, Hyungjin and Sim, Byeongsu and Ryu, Dohoon and Ye, Jong Chul},
  journal={Advances in Neural Information Processing Systems},
  volume={35},
  pages={25683--25696},
  year={2022}
}

@article{nichol2021glide,
  title={Glide: Towards photorealistic image generation and editing with text-guided Diffusion Models},
  author={Nichol, Alex and Dhariwal, Prafulla and Ramesh, Aditya and Shyam, Pranav and Mishkin, Pamela and McGrew, Bob and Sutskever, Ilya and Chen, Mark},
  journal={arXiv preprint arXiv:2112.10741},
  year={2021}
}



------
%------ Introduction ------------------------------------------------------

@article{chen2021choreomaster,
  title={Choreomaster: choreography-oriented music-driven dance synthesis},
  author={Chen, Kang and Tan, Zhipeng and Lei, Jin and Zhang, Song-Hai and Guo, Yuan-Chen and Zhang, Weidong and Hu, Shi-Min},
  journal={ACM Transactions on Graphics (TOG)},
  volume={40},
  number={4},
  pages={1--13},
  year={2021},
  publisher={ACM New York, NY, USA}
}

@article{sun2022research,
  title={Research on dance motion capture technology for visualization requirements},
  author={Sun, Kaiqiang},
  journal={Scientific Programming},
  volume={2022},
  number={1},
  pages={2062791},
  year={2022},
  publisher={Wiley Online Library}
}
@article{shaheen2021applications,
  title={Applications of Artificial Intelligence (AI) in healthcare: A review},
  author={Shaheen, Mohammed Yousef},
  journal={ScienceOpen Preprints},
  year={2021},
  publisher={ScienceOpen}
}
@article{goodell2021artificial,
  title={Artificial intelligence and machine learning in finance: Identifying foundations, themes, and research clusters from bibliometric analysis},
  author={Goodell, John W and Kumar, Satish and Lim, Weng Marc and Pattnaik, Debidutta},
  journal={Journal of Behavioral and Experimental Finance},
  volume={32},
  pages={100577},
  year={2021},
  publisher={Elsevier}
}
@article{cao2022ai,
  title={Ai in finance: challenges, techniques, and opportunities},
  author={Cao, Longbing},
  journal={ACM Computing Surveys (CSUR)},
  volume={55},
  number={3},
  pages={1--38},
  year={2022},
  publisher={ACM New York, NY}
}
@article{kute2021deep,
  title={Deep learning and explainable artificial intelligence techniques applied for detecting money laundering--a critical review},
  author={Kute, Dattatray Vishnu and Pradhan, Biswajeet and Shukla, Nagesh and Alamri, Abdullah},
  journal={IEEE access},
  volume={9},
  pages={82300--82317},
  year={2021},
  publisher={IEEE}
}
@article{nader2024public,
  title={Public understanding of artificial intelligence through entertainment media},
  author={Nader, Karim and Toprac, Paul and Scott, Suzanne and Baker, Samuel},
  journal={AI \& society},
  volume={39},
  number={2},
  pages={713--726},
  year={2024},
  publisher={Springer}
}
@article{shin2022countering,
  title={Countering algorithmic bias and disinformation and effectively harnessing the power of AI in media},
  author={Shin, Donghee and Hameleers, Michael and Park, Yong Jin and Kim, Jeong Nam and Trielli, Daniel and Diakopoulos, Nicholas and Helberger, Natali and Lewis, Seth C and Westlund, Oscar and Baumann, Sabine},
  journal={Journalism \& Mass Communication Quarterly},
  volume={99},
  number={4},
  pages={887--907},
  year={2022},
  publisher={SAGE Publications Sage CA: Los Angeles, CA}
}


%------ Related work ------------------------------------------------------
%------ 3D Human Motion ------------------------------------------------------



%------ Dance Generation ------------------------------------------------------
@inproceedings{aksan2019structured,
  title={Structured prediction helps 3D human motion modelling},
  author={Aksan, Emre and Kaufmann, Manuel and Hilliges, Otmar},
  booktitle={Proceedings of the IEEE/CVF International Conference on Computer Vision},
  pages={7144--7153},
  year={2019}
}

@inproceedings{qiu2019cross,
  title={Cross view fusion for 3D human pose estimation},
  author={Qiu, Haibo and Wang, Chunyu and Wang, Jingdong and Wang, Naiyan and Zeng, Wenjun},
  booktitle={Proceedings of the IEEE/CVF International Conference on Computer Vision},
  pages={4342--4351},
  year={2019}
}

@article{galata2001learning,
  title={Learning variable-length Markov models of behavior},
  author={Galata, Aphrodite and Johnson, Neil and Hogg, David},
  journal={Computer Vision and Image Understanding},
  volume={81},
  number={3},
  pages={398--413},
  year={2001},
  publisher={Elsevier}
}





@inproceedings{li2024lodge,
  title={Lodge: A coarse to fine diffusion network for long dance generation guided by the characteristic dance primitives},
  author={Li, Ronghui and Zhang, YuXiang and Zhang, Yachao and Zhang, Hongwen and Guo, Jie and Zhang, Yan and Liu, Yebin and Li, Xiu},
  booktitle={Proceedings of the IEEE/CVF Conference on Computer Vision and Pattern Recognition},
  pages={1524--1534},
  year={2024}
}

@inproceedings{zhang2022music,
  title={Music-to-dance generation with multiple conformer},
  author={Zhang, Mingao and Liu, Changhong and Chen, Yong and Lei, Zhenchun and Wang, Mingwen},
  booktitle={Proceedings of the 2022 International Conference on Multimedia Retrieval},
  pages={34--38},
  year={2022}
}
@article{sun2020deepdance,
  title={Deepdance: music-to-dance motion choreography with adversarial learning},
  author={Sun, Guofei and Wong, Yongkang and Cheng, Zhiyong and Kankanhalli, Mohan S and Geng, Weidong and Li, Xiangdong},
  journal={IEEE Transactions on Multimedia},
  volume={23},
  pages={497--509},
  year={2020},
  publisher={IEEE}
}

%------ Music Foundation Models ---------------------------------------------

@article{ma2024foundation,
  title={Foundation Models for Music: A Survey},
  author={Ma, Yinghao and {\O}land, Anders and Ragni, Anton and Del Sette, Bleiz MacSen and Saitis, Charalampos and Donahue, Chris and Lin, Chenghua and Plachouras, Christos and Benetos, Emmanouil and Quinton, Elio and others},
  journal={arXiv preprint arXiv:2408.14340},
  year={2024}
}
@article{baevski2020wav2vec,
  title={wav2vec 2.0: A framework for self-supervised learning of speech representations},
  author={Baevski, Alexei and Zhou, Yuhao and Mohamed, Abdelrahman and Auli, Michael},
  journal={Advances in Neural Information Processing Systems},
  volume={33},
  pages={12449--12460},
  year={2020}
}

@article{dhariwal2020jukebox,
  title={Jukebox: A generative model for music},
  author={Dhariwal, Prafulla and Jun, Heewoo and Payne, Christine and Kim, Jong Wook and Radford, Alec and Sutskever, Ilya},
  journal={arXiv preprint arXiv:2005.00341},
  year={2020}
}



@inproceedings{wu2023large,
  title={Large-scale contrastive language-audio pretraining with feature fusion and keyword-to-caption augmentation},
  author={Wu, Yusong and Chen, Ke and Zhang, Tianyu and Hui, Yuchen and Berg-Kirkpatrick, Taylor and Dubnov, Shlomo},
  booktitle={ICASSP 2023-2023 IEEE International Conference on Acoustics, Speech and Signal Processing (ICASSP)},
  pages={1--5},
  year={2023},
  organization={IEEE}
}

%------ Diffusion ------------------------------------------------------






@article{liu2024audioldm2,
  title={AudioLDM 2: Learning holistic audio generation with self-supervised pretraining},
  author={Liu, Haohe and Yuan, Yi and Liu, Xubo and Mei, Xinhao and Kong, Qiuqiang and Tian, Qiao and Wang, Yuping and Wang, Wenwu and Wang, Yuxuan and Plumbley, Mark D.},
  journal={IEEE/ACM Transactions on Audio Speech and Language Processing},
  volume={32},
  number={},
  pages={2871--2883},
  year={2024}
}


@inproceedings{zhang2022music,
  title={Music-to-dance generation with multiple conformer},
  author={Zhang, Mingao and Liu, Changhong and Chen, Yong and Lei, Zhenchun and Wang, Mingwen},
  booktitle={Proceedings of the 2022 International Conference on Multimedia Retrieval},
  pages={34--38},
  year={2022}
}


%--------------Preliminaries--------------------------

@inproceedings{chen2020vggsound,
  title={Vggsound: A large-scale audio-visual dataset},
  author={Chen, Honglie and Xie, Weidi and Vedaldi, Andrea and Zisserman, Andrew},
  booktitle={ICASSP 2020-2020 IEEE International Conference on Acoustics, Speech and Signal Processing (ICASSP)},
  pages={721--725},
  year={2020},
  organization={IEEE}
}
@inproceedings{mcfee2015librosa,
  title={librosa: Audio and music signal analysis in python.},
  author={McFee, Brian and Raffel, Colin and Liang, Dawen and Ellis, Daniel PW and McVicar, Matt and Battenberg, Eric and Nieto, Oriol},
  booktitle={SciPy},
  pages={18--24},
  year={2015}
}
@article{zhou2022learning,
  title={Learning to prompt for vision-language models},
  author={Zhou, Kaiyang and Yang, Jingkang and Loy, Chen Change and Liu, Ziwei},
  journal={International Journal of Computer Vision},
  volume={130},
  number={9},
  pages={2337--2348},
  year={2022},
  publisher={Springer}
}
@article{gourisaria2024comparative,
  title={Comparative analysis of audio classification with MFCC and STFT features using machine learning techniques},
  author={Gourisaria, Mahendra Kumar and Agrawal, Rakshit and Sahni, Manoj and Singh, Pradeep Kumar},
  journal={Discover Internet of Things},
  volume={4},
  number={1},
  pages={1},
  year={2024},
  publisher={Springer}
}
@article{saharia2022photorealistic,
  title={Photorealistic text-to-image Diffusion Models with deep language understanding},
  author={Saharia, Chitwan and Chan, William and Saxena, Saurabh and Li, Lala and Whang, Jay and Denton, Emily L and Ghasemipour, Kamyar and Gontijo Lopes, Raphael and Karagol Ayan, Burcu and Salimans, Tim and others},
  journal={Advances in neural information processing systems},
  volume={35},
  pages={36479--36494},
  year={2022}
}
@article{su2024roformer,
  title={Roformer: Enhanced transformer with rotary position embedding},
  author={Su, Jianlin and Ahmed, Murtadha and Lu, Yu and Pan, Shengfeng and Bo, Wen and Liu, Yunfeng},
  journal={Neurocomputing},
  volume={568},
  pages={127063},
  year={2024},
  publisher={Elsevier}
}
@article{mirza2014conditional,
  title={Conditional generative adversarial nets},
  author={Mirza, Mehdi},
  journal={arXiv preprint arXiv:1411.1784},
  year={2014}
}
@article{sohn2015learning,
  title={Learning structured output representation using deep conditional generative models},
  author={Sohn, Kihyuk and Lee, Honglak and Yan, Xinchen},
  journal={Advances in neural information processing systems},
  volume={28},
  year={2015}
}
@article{vaswani2017attention,
  title={Attention is all you need},
  author={Vaswani, A},
  journal={Advances in Neural Information Processing Systems},
  year={2017}
}
@inproceedings{perez2018film,
  title={Film: Visual reasoning with a general conditioning layer},
  author={Perez, Ethan and Strub, Florian and De Vries, Harm and Dumoulin, Vincent and Courville, Aaron},
  booktitle={Proceedings of the AAAI conference on artificial intelligence},
  volume={32},
  number={1},
  year={2018}
}
%------ Methodology ------------------------------------------------------
@incollection{loper2023smpl,
  title={SMPL: A skinned multi-person linear model},
  author={Loper, Matthew and Mahmood, Naureen and Romero, Javier and Pons-Moll, Gerard and Black, Michael J},
  booktitle={Seminal Graphics Papers: Pushing the Boundaries, Volume 2},
  pages={851--866},
  year={2023}
}

@inproceedings{
tevet2023human,
title={Human Motion Diffusion Model},
author={Guy Tevet and Sigal Raab and Brian Gordon and Yoni Shafir and Daniel Cohen-or and Amit Haim Bermano},
booktitle={The Eleventh International Conference on Learning Representations },
year={2023},
url={https://openreview.net/forum?id=SJ1kSyO2jwu}
}

@article{ho2022classifier,
  title={Classifier-free diffusion guidance},
  author={Ho, Jonathan and Salimans, Tim},
  journal={arXiv preprint arXiv:2207.12598},
  year={2022}
}

@inproceedings{peebles2023scalable,
  title={Scalable Diffusion Models with transformers},
  author={Peebles, William and Xie, Saining},
  booktitle={Proceedings of the IEEE/CVF International Conference on Computer Vision},
  pages={4195--4205},
  year={2023}
}

@article{xie2024adan,
  title={Adan: Adaptive nesterov momentum algorithm for faster optimizing deep models},
  author={Xie, Xingyu and Zhou, Pan and Li, Huan and Lin, Zhouchen and Yan, Shuicheng},
  journal={IEEE Transactions on Pattern Analysis and Machine Intelligence},
  year={2024},
  publisher={IEEE}
}

%------ Experiments Results And Analysis ------------------------------------------------------


@article{onuma2008fmdistance,
  title={FMDistance: A Fast and Effective Distance Function for Motion Capture Data.},
  author={Onuma, Kensuke and Faloutsos, Christos and Hodgins, Jessica K},
  journal={Eurographics (Short Papers)},
  volume={7},
  year={2008}
}
@incollection{muller2005efficient,
  title={Efficient content-based retrieval of motion capture data},
  author={M{\"u}ller, Meinard and R{\"o}der, Tido and Clausen, Michael},
  booktitle={ACM SIGGRAPH 2005 Papers},
  pages={677--685},
  year={2005}
}

@article{heusel2017gans,
  title={Gans trained by a two time-scale update rule converge to a local nash equilibrium},
  author={Heusel, Martin and Ramsauer, Hubert and Unterthiner, Thomas and Nessler, Bernhard and Hochreiter, Sepp},
  journal={Advances in Neural Information Processing Systems},
  volume={30},
  year={2017}
}@article{onuma2008fmdistance,
  title={FMDistance: A Fast and Effective Distance Function for Motion Capture Data.},
  author={Onuma, Kensuke and Faloutsos, Christos and Hodgins, Jessica K},
  journal={Eurographics (Short Papers)},
  volume={7},
  year={2008}
}
@InProceedings{Kim_2022_CVPR,
    author    = {Kim, Jinwoo and Oh, Heeseok and Kim, Seongjean and Tong, Hoseok and Lee, Sanghoon},
    title     = {A Brand New Dance Partner: Music-Conditioned Pluralistic Dancing Controlled by Multiple Dance Genres},
    booktitle = {Proceedings of the IEEE/CVF Conference on Computer Vision and Pattern Recognition (CVPR)},
    month     = {June},
    year      = {2022},
    pages     = {3490-3500}
}
@article{zhuang2020music2dance,
  title={Music2dance: Music-driven dance generation using wavenet},
  author={Zhuang, Wenlin and Wang, Congyi and Xia, Siyu and Chai, Jinxiang and Wang, Yangang},
  journal={arXiv preprint arXiv:2002.03761},
  volume={3},
  number={4},
  pages={6},
  year={2020}
}


%---------------future work ------------------------------------------------------
@article{jiang2022text2human,
  title={Text2human: Text-driven controllable human image generation},
  author={Jiang, Yuming and Yang, Shuai and Qiu, Haonan and Wu, Wayne and Loy, Chen Change and Liu, Ziwei},
  journal={ACM Transactions on Graphics (TOG)},
  volume={41},
  number={4},
  pages={1--11},
  year={2022},
  publisher={ACM New York, NY, USA}
}
@inproceedings{tumanyan2023plug,
  title={Plug-and-play diffusion features for text-driven image-to-image translation},
  author={Tumanyan, Narek and Geyer, Michal and Bagon, Shai and Dekel, Tali},
  booktitle={Proceedings of the IEEE/CVF Conference on Computer Vision and Pattern Recognition},
  pages={1921--1930},
  year={2023}
}
@article{zhang2022motiondiffuse,
  title={Motiondiffuse: Text-driven human motion generation with Diffusion Model},
  author={Zhang, Mingyuan and Cai, Zhongang and Pan, Liang and Hong, Fangzhou and Guo, Xinying and Yang, Lei and Liu, Ziwei},
  journal={arXiv preprint arXiv:2208.15001},
  year={2022}
}
@inproceedings{zhong2023attt2m,
  title={Attt2m: Text-driven human motion generation with multi-perspective attention mechanism},
  author={Zhong, Chongyang and Hu, Lei and Zhang, Zihao and Xia, Shihong},
  booktitle={Proceedings of the IEEE/CVF International Conference on Computer Vision},
  pages={509--519},
  year={2023}
}
@inproceedings{luddecke2022image,
  title={Image segmentation using text and image prompts},
  author={L{\"u}ddecke, Timo and Ecker, Alexander},
  booktitle={Proceedings of the IEEE/CVF Conference on Computer Vision and Pattern Recognition},
  pages={7086--7096},
  year={2022}
}

@inproceedings{guo2020action2motion,
  title={Action2motion: Conditioned generation of 3\uppercase{D} human motions},
  author={Guo, Chuan and Zuo, Xinxin and Wang, Sen and Zou, Shihao and Sun, Qingyao and Deng, Annan and Gong, Minglun and Cheng, Li},
  booktitle={Proceedings of the 28th ACM International Conference on Multimedia},
  pages={2021--2029},
  year={2020}
}
@conference{AMASS:ICCV:2019,
  title = {{AMASS}: Archive of Motion Capture as Surface Shapes},
  author = {Mahmood, Naureen and Ghorbani, Nima and Troje, Nikolaus F. and Pons-Moll, Gerard and Black, Michael J.},
  booktitle = {International Conference on Computer Vision},
  pages = {5442--5451},
  month = oct,
  year = {2019},
  month_numeric = {10}
}
@InProceedings{Guo_2022_CVPR,
    author    = {Guo, Chuan and Zou, Shihao and Zuo, Xinxin and Wang, Sen and Ji, Wei and Li, Xingyu and Cheng, Li},
    title     = {Generating Diverse and Natural 3D Human Motions From Text},
    booktitle = {Proceedings of the IEEE/CVF Conference on Computer Vision and Pattern Recognition (CVPR)},
    month     = {June},
    year      = {2022},
    pages     = {5152-5161}
}
@inproceedings{zhang2023adding,
  title={Adding conditional control to text-to-image Diffusion Models},
  author={Zhang, Lvmin and Rao, Anyi and Agrawala, Maneesh},
  booktitle={Proceedings of the IEEE/CVF International Conference on Computer Vision},
  pages={3836--3847},
  year={2023}
}
@article{hsu2021hubert,
  title={Hubert: Self-supervised speech representation learning by masked prediction of hidden units},
  author={Hsu, Wei-Ning and Bolte, Benjamin and Tsai, Yao-Hung Hubert and Lakhotia, Kushal and Salakhutdinov, Ruslan and Mohamed, Abdelrahman},
  journal={IEEE/ACM transactions on audio, speech, and language processing},
  volume={29},
  pages={3451--3460},
  year={2021},
  publisher={IEEE}
}
@article{benetos2018automatic,
  title={Automatic music transcription: An overview},
  author={Benetos, Emmanouil and Dixon, Simon and Duan, Zhiyao and Ewert, Sebastian},
  journal={IEEE Signal Processing Magazine},
  volume={36},
  number={1},
  pages={20--30},
  year={2018},
  publisher={IEEE}
}

@article{fonseca2021fsd50k,
  title={Fsd50k: an open dataset of human-labeled sound events},
  author={Fonseca, Eduardo and Favory, Xavier and Pons, Jordi and Font, Frederic and Serra, Xavier},
  journal={IEEE/ACM Transactions on Audio, Speech, and Language Processing},
  volume={30},
  pages={829--852},
  year={2021},
  publisher={IEEE}
}
@inproceedings{kim2019audiocaps,
  title={Audiocaps: Generating captions for audios in the wild},
  author={Kim, Chris Dongjoo and Kim, Byeongchang and Lee, Hyunmin and Kim, Gunhee},
  booktitle={Proceedings of the 2019 Conference of the North American Chapter of the Association for Computational Linguistics: Human Language Technologies, Volume 1 (Long and Short Papers)},
  pages={119--132},
  year={2019}
}
