@article{Albuquerque2019,
	journal = {arxiv:1901.08680[cs.LG,stat.ML]},
	title = {Multi-objective training of Generative Adversarial Networks with
  multiple discriminators},
	author = {Albuquerque, Isabela and Monteiro, João and Doan, Thang and Considine, Breandan and Falk, Tiago and Mitliagkas, Ioannis},
	note = {[Online; accessed 2025-01-22]},
	date = {2019-01-24},
	year = {2019},
	month = {1},
	day = {24},
}

@article{Arjovsky2017,
	journal = {arxiv:1701.07875[stat.ML,cs.LG]},
	title = {Wasserstein GAN},
	author = {Arjovsky, Martin and Chintala, Soumith and Bottou, Léon},
	note = {[Online; accessed 2025-01-22]},
	date = {2017-01-26},
	year = {2017},
	month = {1},
	day = {26},
}

@article{Durugkar2016,
	journal = {arxiv:1611.01673[cs.LG,cs.MA,cs.NE]},
	title = {Generative Multi-Adversarial Networks},
	author = {Durugkar, Ishan and Gemp, Ian and Mahadevan, Sridhar},
	note = {[Online; accessed 2025-01-22]},
	date = {2016-11-05},
	year = {2016},
	month = {11},
	day = {5},
}

@article{Goodfellow2020,
	journal = {Communications of the ACM},
	doi = {10.1145/3422622},
	issn = {0001-0782},
	number = {11},
	publisher = {Association for Computing Machinery (ACM)},
	title = {Generative adversarial networks},
	volume = {63},
	author = {Goodfellow, Ian and Pouget-Abadie, Jean and Mirza, Mehdi and Xu, Bing and Warde-Farley, David and Ozair, Sherjil and Courville, Aaron and Bengio, Yoshua},
	note = {[Online; accessed 2025-01-22]},
	pages = {139--144},
	date = {2020-10-22},
	year = {2020},
	month = {10},
	day = {22},
}

@article{Huang2025,
	journal = {arxiv:2501.05441[cs.LG,cs.CV]},
	title = {The GAN is dead; long live the GAN! A Modern GAN Baseline},
	author = {Huang, Yiwen and Gokaslan, Aaron and Kuleshov, Volodymyr and Tompkin, James},
	note = {[Online; accessed 2025-01-22]},
	date = {2025-01-09},
	year = {2025},
	month = {1},
	day = {9},
}

@article{Karras2017,
	journal = {arxiv:1710.10196[cs.NE,cs.LG,stat.ML]},
	title = {Progressive Growing of GANs for Improved Quality, Stability, and
  Variation},
	author = {Karras, Tero and Aila, Timo and Laine, Samuli and Lehtinen, Jaakko},
	note = {[Online; accessed 2025-01-22]},
	date = {2017-10-27},
	year = {2017},
	month = {10},
	day = {27},
}

@article{Karras2018,
	journal = {arxiv:1812.04948[cs.NE,cs.LG,stat.ML]},
	title = {A Style-Based Generator Architecture for Generative Adversarial Networks},
	author = {Karras, Tero and Laine, Samuli and Aila, Timo},
	note = {[Online; accessed 2025-01-22]},
	date = {2018-12-12},
	year = {2018},
	month = {12},
	day = {12},
}

@article{Karras2021,
	journal = {arxiv:2106.12423[cs.CV,cs.AI,cs.LG,cs.NE,stat.ML]},
	title = {Alias-Free Generative Adversarial Networks},
	author = {Karras, Tero and Aittala, Miika and Laine, Samuli and Härkönen, Erik and Hellsten, Janne and Lehtinen, Jaakko and Aila, Timo},
	note = {[Online; accessed 2025-01-22]},
	date = {2021-06-23},
	year = {2021},
	month = {6},
	day = {23},
}

@article{Kumari2021,
	journal = {arxiv:2112.09130[cs.CV,cs.GR,cs.LG]},
	title = {Ensembling Off-the-shelf Models for GAN Training},
	author = {Kumari, Nupur and Zhang, Richard and Shechtman, Eli and Zhu, Jun-Yan},
	note = {[Online; accessed 2025-01-22]},
	date = {2021-12-16},
	year = {2021},
	month = {12},
	day = {16},
}

@article{O'Boyle2011,
	journal = {Journal of cheminformatics},
	doi = {10.1186/1758-2946-3-33},
	issn = {1758-2946},
	pmid = {21982300},
	pmcid = {PMC3198950},
	address = {England},
	title = {Open Babel: An open chemical toolbox},
	volume = {3},
	author = {O'Boyle, Noel M and Banck, Michael and James, Craig A and Morley, Chris and Vandermeersch, Tim and Hutchison, Geoffrey R},
	note = {[Online; accessed 2025-01-22]},
	pages = {33},
	date = {2011-10-07},
	year = {2011},
	month = {10},
	day = {7},
}

@article{Odena2016,
journal = {arxiv:1610.09585[stat.ML,cs.CV]},
title = {Conditional Image Synthesis With Auxiliary Classifier GANs},
author = {Odena, Augustus and Olah, Christopher and Shlens, Jonathon},
note = {[Online; accessed 2025-01-22]},
date = {2016-10-30},
year = {2016},
month = {10},
day = {30},
}

@article{Putin2018a,
author = {Putin, Evgeny and Asadulaev, Arip and Ivanenkov, Yan and Aladinskiy, Vladimir and Sanchez-Lengeling, Benjamin and Aspuru-Guzik, Alán and Zhavoronkov, Alex},
title = {Reinforced Adversarial Neural Computer for de Novo Molecular Design},
journal = {Journal of Chemical Information and Modeling},
volume = {58},
number = {6},
pages = {1194-1204},
year = {2018},
doi = {10.1021/acs.jcim.7b00690},
    note ={PMID: 29762023},

URL = { 
    
        https://doi.org/10.1021/acs.jcim.7b00690
    
    

},
eprint = { 
    
        https://doi.org/10.1021/acs.jcim.7b00690
    
    

}

}

@article{Putin2018b,
journal = {Molecular Pharmaceutics},
doi = {10.1021/acs.molpharmaceut.7b01137},
issn = {1543-8384},
number = {10},
publisher = {American Chemical Society (ACS)},
title = {Adversarial Threshold Neural Computer for Molecular \textit{de Novo} Design},
volume = {15},
author = {Putin, Evgeny and Asadulaev, Arip and Vanhaelen, Quentin and Ivanenkov, Yan and Aladinskaya, Anastasia V. and Aliper, Alex and Zhavoronkov, Alex},
note = {[Online; accessed 2025-01-22]},
pages = {4386--4397},
date = {2018-03-23},
year = {2018},
month = {3},
day = {23},
}

@article{Radford2015,
	journal = {arxiv:1511.06434[cs.LG,cs.CV]},
	title = {Unsupervised Representation Learning with Deep Convolutional Generative
  Adversarial Networks},
	author = {Radford, Alec and Metz, Luke and Chintala, Soumith},
	note = {[Online; accessed 2025-01-22]},
	date = {2015-11-19},
	year = {2015},
	month = {11},
	day = {19},
}

@misc{Sanchez-Lengeling2017,
doi = {10.26434/chemrxiv.5309668.v3},
publisher = {American Chemical Society (ACS)},
title = {Optimizing distributions over molecular space. An Objective-Reinforced Generative Adversarial Network for Inverse-design Chemistry (ORGANIC)},
author = {Sanchez-Lengeling, Benjamin and Outeiral, Carlos and Guimaraes, Gabriel L. and Aspuru-Guzik, Alan},
note = {[Online; accessed 2025-01-22]},
date = {2017-08-17},
year = {2017},
month = {8},
day = {17},
}

@article{arigye2020,
	journal = {Molecular informatics},
	doi = {10.1002/minf.202000086},
	issn = {1868-1743},
	number = {10},
	pmid = {32558335},
	address = {Germany},
	title = {Generative Adversarial Networks (GANs) Based Synthetic Sampling for Predictive Modeling},
	volume = {39},
	author = {Barigye, Stephen J and García de la Vega, José M and Perez-Castillo, Yunierkis},
	note = {[Online; accessed 2025-01-22]},
	pages = {e2000086},
	date = {2020-10},
	year = {2020},
	month = {10},
}

@misc{rdkit,
  author = {Greg Landrum},
  title = {RDKit: Open-source cheminformatics; Version 2024.09.4},
  year = {2024},
  note = {Available at \url{https://www.rdkit.org}}
}

