@inproceedings{arnould2021analyzing,
  title={Analyzing the tree-layer structure of Deep Forests},
  author={Arnould, Ludovic and Boyer, Claire and Scornet, Erwan},
  booktitle={Proccedings of the 37th International Conference on Machine Learning},
  pages={342--350},
  year={2021}
}

@article{bertsimas2017optimal,
  title={Optimal classification trees},
  author={Bertsimas, Dimitris and Dunn, Jack},
  journal={Machine Learning},
  volume={106},
  pages={1039--1082},
  year={2017}
}

@book{breiman1984classification,
  title={Classification and Regression Trees},
  author={Breiman, Leo and Friedman, Jerome and Olshen, Richard and Stone, Charles},
  year={1984},
  publisher={Chapman \& Hall/CRC}
}

@article{cattaneo2022convergence,
  title={Convergence rates of oblique regression trees for flexible function libraries},
  author={Cattaneo, Matias D and Chandak, Rajita and Klusowski, Jason M},
  journal={Annals of Statistics},
  volume={52},
  number={2},
  pages={466--490},
  year={2024}
}

@inproceedings{chen2021improving,
  author    = {Yi-He Chen and
               Shen-Huan Lyu and
               Yuan Jiang},
  title     = {Improving deep forest by exploiting high-order interactions},
  booktitle = {Proceedings of the 21st {IEEE} International Conference on Data Mining},
  pages     = {1030--1035},
  year      = {2021}
}

@article{ganaie2022oblique,
  title={Oblique and rotation double random forest},
  author={Ganaie, Mudasir A and Tanveer, Muhammad and Suganthan, Ponnuthurai N and Sn{\'a}sel, V{\'a}clav},
  journal={Neural Networks},
  volume={153},
  pages={496--517},
  year={2022}
}

@inproceedings{heath1993induction,
  title={Induction of oblique decision trees},
  author={Heath, David and Kasif, Simon and Salzberg, Steven},
  booktitle={Proceedings of the 13th International Joint Conference on Artificial Intelligence},
  pages={1002--1007},
  year={1993}
}

@article{li2003multivariate,
  title={Multivariate decision trees using linear discriminants and tabu search},
  author={Li, Xiao-Bai and Sweigart, James R and Teng, James TC and Donohue, Joan M and Thombs, Lori A and Wang, S Michael},
  journal={IEEE Transactions on Systems, Man, and Cybernetics - Part A: Systems and Humans},
  volume={33},
  number={2},
  pages={194--205},
  year={2003}
}

@article{lopez2013fisher,
  title={Fisherâ€™s decision tree},
  author={L{\'o}pez-Chau, Asdr{\'u}bal and Cervantes, Jair and L{\'o}pez-Garc{\'\i}a, Lourdes and Lamont, Farid Garc{\'\i}a},
  journal={Expert Systems with Applications},
  volume={40},
  number={16},
  pages={6283--6291},
  year={2013}
}

@inproceedings{lyu2022depth,
  author    = {Shen-Huan Lyu and
               Yi-Xiao He and
               Zhi-Hua Zhou},
  title     = {Depth is more powerful than width with prediction concatenation in deep forests},
  booktitle = {Advances in Neural Information Processing Systems 35},
  pages     = {29719--29732},
  year      = {2022}
}

@article{lyu2022region,
  title={A region-based analysis for the feature concatenation in deep forests},
  author={Shen-Huan Lyu and Yi-He Chen and Zhi-Hua Zhou},
  journal={Chinese Journal of Electronics},
  volume    = {31},
  number    = {6},
  pages     = {1072--1080},
  year      = {2022}
}

@inproceedings{menze2011oblique,
  title={On oblique random forests},
  author={Menze, Bjoern H and Kelm, B Michael and Splitthoff, Daniel N and Koethe, Ullrich and Hamprecht, Fred A},
  booktitle={Joint European Conference on Machine Learning and Knowledge Discovery in Databases},
  pages={453--469},
  year={2011}
}

@article{murthy1994system,
  title={A system for induction of oblique decision trees},
  author={Murthy, Sreerama K and Kasif, Simon and Salzberg, Steven},
  journal={Journal of Artificial Intelligence Research},
  volume={2},
  number={1},
  pages={1--32},
  year={1994}
}

@article{rodriguez2006rotation,
  title={Rotation forest: {A} new classifier ensemble method},
  author={Rodriguez, Juan Jos{\'e} and Kuncheva, Ludmila I and Alonso, Carlos J},
  journal={IEEE Transactions on Pattern Analysis and Machine Intelligence},
  volume={28},
  number={10},
  pages={1619--1630},
  year={2006}
}

@article{stepivsnik2021oblique,
  title={Oblique predictive clustering trees},
  author={Stepi{\v{s}}nik, Toma{\v{z}} and Kocev, Dragi},
  journal={Knowledge-Based Systems},
  volume={227},
  pages={107228},
  year={2021}
}

@article{tomita2020sparse,
  title={Sparse projection oblique randomer forests},
  author={Tomita, Tyler M and Browne, James and Shen, Cencheng and Chung, Jaewon and Patsolic, Jesse L and Falk, Benjamin and Priebe, Carey E and Yim, Jason and Burns, Randal and Maggioni, Mauro and others},
  journal={Journal of Machine Learning Research},
  volume={21},
  number={1},
  pages={4193--4231},
  year={2020}
}

@inproceedings{wang2020learning,
  author    = {Qian{-}Wei Wang and
               Liang Yang and
               Yu{-}Feng Li},
  title     = {Learning from Weak-Label Data: {A} Deep Forest Expedition},
  booktitle = {Proceedings of the 34th {AAAI} Conference on Artificial Intelligence},
  pages     = {6251--6258},
  year      = {2020}
}

@inproceedings{yang2020multilabel,
  author    = {Liang Yang and
               Xi{-}Zhu Wu and
               Yuan Jiang and
               Zhi{-}Hua Zhou},
  title     = {Multi-Label Learning with Deep Forest},
  booktitle = {Proceedings of the 24th European Conference on Artificial Intelligence},
  volume    = {325},
  pages     = {1634--1641},
  year      = {2020}
}

@inproceedings{zhou2017deep,
author = {Zhou, Zhi-Hua and Feng, Ji},
booktitle = {Proceedings of the 26th International Joint Conference on Artificial Intelligence},
pages = {3553--3559},
title = {{Deep forest: {T}owards an alternative to deep neural networks}},
year = {2017}
}

@inproceedings{zhu2020scalable,
  title={A scalable {MIP}-based method for learning optimal multivariate decision trees},
  author={Zhu, Haoran and Murali, Pavankumar and Phan, Dzung and Nguyen, Lam and Kalagnanam, Jayant},
  booktitle={Advances in Neural Information Processing Systems 33},
  pages={1771--1781},
  year={2020}
}

