@inproceedings{gabidolla2022optimal,
  title={Optimal interpretable clustering using oblique decision trees},
  author={Gabidolla, Magzhan and Carreira-Perpi{\~n}{\'a}n, Miguel {\'A}},
  booktitle={Proceedings of the 28th ACM SIGKDD Conference on Knowledge Discovery and Data Mining},
  pages={400--410},
  year={2022}
}

@article{stepivsnik2021oblique,
  title={Oblique predictive clustering trees},
  author={Stepi{\v{s}}nik, Toma{\v{z}} and Kocev, Dragi},
  journal={Knowledge-Based Systems},
  volume={227},
  pages={107228},
  year={2021}
}

@article{rosner2003incorporation,
  title={Incorporation of clustering effects for the {W}ilcoxon rank sum test: {A} large-sample approach},
  author={Rosner, Bernard and Glynn, Robert J and Ting Lee, Mei-Ling},
  journal={Biometrics},
  volume={59},
  number={4},
  pages={1089--1098},
  year={2003}
}

@article{barros2014framework,
  title={A framework for bottom-up induction of oblique decision trees},
  author={Barros, Rodrigo C and Jaskowiak, Pablo A and Cerri, Ricardo and de Carvalho, Andre CPLF},
  journal={Neurocomputing},
  volume={135},
  pages={3--12},
  year={2014}
}

@book{gyorfi2002distribution,
  title={A Distribution-Free Theory of Nonparametric Regression},
  author={Gy{\"o}rfi, L{\'a}szl{\'o} and Kohler, Michael and Krzyzak, Adam and Walk, Harro and others},
  year={2002},
  publisher={Springer}
}

@article{hastie1987generalized,
  title={Generalized additive models: {S}ome applications},
  author={Hastie, Trevor and Tibshirani, Robert},
  journal={Journal of the American Statistical Association},
  volume={82},
  number={398},
  pages={371--386},
  year={1987}
}

@article{stone1985additive,
  title={Additive regression and other nonparametric models},
  author={Stone, Charles J},
  journal={Annals of Statistics},
  volume={13},
  number={2},
  pages={689--705},
  year={1985}
}

@article{bartlett1998boosting,
  title={Boosting the margin: {A} new explanation for the effectiveness of voting methods},
  author={Bartlett, Peter and Freund, Yoav and Lee, Wee Sun and Schapire, Robert E},
  journal={Annals of Statistics},
  volume={26},
  number={5},
  pages={1651--1686},
  year={1998}
}

@inproceedings{wang2020learning,
  author    = {Qian{-}Wei Wang and
               Liang Yang and
               Yu{-}Feng Li},
  title     = {Learning from Weak-Label Data: {A} Deep Forest Expedition},
  booktitle = {Proceedings of the 34th {AAAI} Conference on Artificial Intelligence},
  pages     = {6251--6258},
  year      = {2020}
}

@inproceedings{yang2020multilabel,
  author    = {Liang Yang and
               Xi{-}Zhu Wu and
               Yuan Jiang and
               Zhi{-}Hua Zhou},
  title     = {Multi-Label Learning with Deep Forest},
  booktitle = {Proceedings of the 24th European Conference on Artificial Intelligence},
  volume    = {325},
  pages     = {1634--1641},
  year      = {2020}
}

@article{li2021deep,
  author    = {Xin-Chun Li and
               De-Chuan Zhan and
               Jia-Qi Yang and
               Yi Shi},
  title     = {Deep multiple instance selection},
  journal   = {Science China Information Sciences},
  volume    = {64},
  number    = {3},
  pages = {130102},
  year      = {2021},
  doi       = {10.1007/s11432-020-3117-3}
}

@ARTICLE{pang2022improving,
  author={Ming {Pang} and Kai-Ming {Ting} and Peng {Zhao} and Zhi-Hua {Zhou}},
  journal={IEEE Transactions on Knowledge and Data Engineering}, 
  title={Improving deep forest by confidence screening}, 
  year={2022},
  volume={34},
  number={9},
  pages={4298--4312}}

@article{zhan2022consistency,
  title={Consistency of The Oblique Decision Tree and Its Random Forest},
  author={Zhan, Haoran and Liu, Yu and Xia, Yingcun},
  journal={arXiv preprint arXiv:2211.12653},
  year={2022}
}

@article{rodriguez2006rotation,
  title={Rotation forest: {A} new classifier ensemble method},
  author={Rodriguez, Juan Jos{\'e} and Kuncheva, Ludmila I and Alonso, Carlos J},
  journal={IEEE Transactions on Pattern Analysis and Machine Intelligence},
  volume={28},
  number={10},
  pages={1619--1630},
  year={2006}
}

@article{li2003multivariate,
  title={Multivariate decision trees using linear discriminants and tabu search},
  author={Li, Xiao-Bai and Sweigart, James R and Teng, James TC and Donohue, Joan M and Thombs, Lori A and Wang, S Michael},
  journal={IEEE Transactions on Systems, Man, and Cybernetics - Part A: Systems and Humans},
  volume={33},
  number={2},
  pages={194--205},
  year={2003}
}

@article{lopez2013fisher,
  title={Fisher’s decision tree},
  author={L{\'o}pez-Chau, Asdr{\'u}bal and Cervantes, Jair and L{\'o}pez-Garc{\'\i}a, Lourdes and Lamont, Farid Garc{\'\i}a},
  journal={Expert Systems with Applications},
  volume={40},
  number={16},
  pages={6283--6291},
  year={2013}
}

@article{bertsimas2017optimal,
  title={Optimal classification trees},
  author={Bertsimas, Dimitris and Dunn, Jack},
  journal={Machine Learning},
  volume={106},
  pages={1039--1082},
  year={2017}
}

@inproceedings{zhu2020scalable,
  title={A scalable {MIP}-based method for learning optimal multivariate decision trees},
  author={Zhu, Haoran and Murali, Pavankumar and Phan, Dzung and Nguyen, Lam and Kalagnanam, Jayant},
  booktitle={Advances in Neural Information Processing Systems 33},
  pages={1771--1781},
  year={2020}
}

@article{carla1995multivariate,
  author       = {Carla E. Brodley and
                  Paul E. Utgoff},
  title        = {Multivariate Decision Trees},
  journal      = {Machine Learning},
  volume       = {19},
  number       = {1},
  pages        = {45--77},
  year         = {1995}
}

@inproceedings{heath1993induction,
  title={Induction of oblique decision trees},
  author={Heath, David and Kasif, Simon and Salzberg, Steven},
  booktitle={Proceedings of the 13th International Joint Conference on Artificial Intelligence},
  pages={1002--1007},
  year={1993}
}

@article{ganaie2022oblique,
  title={Oblique and rotation double random forest},
  author={Ganaie, Mudasir A and Tanveer, Muhammad and Suganthan, Ponnuthurai N and Sn{\'a}sel, V{\'a}clav},
  journal={Neural Networks},
  volume={153},
  pages={496--517},
  year={2022}
}

@article{wager2018estimation,
  title={Estimation and inference of heterogeneous treatment effects using random forests},
  author={Wager, Stefan and Athey, Susan},
  journal={Journal of the American Statistical Association},
  volume={113},
  number={523},
  pages={1228--1242},
  year={2018}
}

@book{shalev2014understanding,
  title={Understanding Machine Learning: From Theory to Algorithms},
  author={Shalev-Shwartz, Shai and Ben-David, Shai},
  year={2014},
  publisher={Cambridge University Press}
}

@inproceedings{quinlan2014c4,
  title={C4. 5: {P}rograms for Machine Learning},
  author={Quinlan, J Ross},
  year={1993},
  booktitle={Proceedings of 10th International Conference on Machine Learning},
  pages={252–-259}
}

@inproceedings{menze2011oblique,
  title={On oblique random forests},
  author={Menze, Bjoern H and Kelm, B Michael and Splitthoff, Daniel N and Koethe, Ullrich and Hamprecht, Fred A},
  booktitle={Joint European Conference on Machine Learning and Knowledge Discovery in Databases},
  pages={453--469},
  year={2011}
}

@article{kontschieder2014structured,
  title={Structured labels in random forests for semantic labeling and object detection},
  author={Kontschieder, Peter and Bul{\`o}, Samuel Rota and Pelillo, Marcello and Bischof, Horst},
  journal={IEEE Transactions on Pattern Analysis and Machine Intelligence},
  volume={36},
  number={10},
  pages={2104--2116},
  year={2014}
}

@article{payet2012hough,
  title={Hough forest random field for object recognition and segmentation},
  author={Payet, Nadia and Todorovic, Sinisa},
  journal={IEEE Transactions on Pattern Analysis and Machine Intelligence},
  volume={35},
  number={5},
  pages={1066--1079},
  year={2012}
}

@article{pal2005random,
  title={Random forest classifier for remote sensing classification},
  author={Pal, Mahesh},
  journal={International Journal of Remote Sensing},
  volume={26},
  number={1},
  pages={217--222},
  year={2005}
}

@article{kane2014comparison,
  title={Comparison of ARIMA and Random Forest time series models for prediction of avian influenza {H5N1} outbreaks},
  author={Kane, Michael J and Price, Natalie and Scotch, Matthew and Rabinowitz, Peter},
  journal={BMC Bioinformatics},
  volume={15},
  number={1},
  pages={1--9},
  year={2014}
}

@article{doubleday2022risk,
  title={Risk controlled decision trees and random forests for precision medicine},
  author={Doubleday, Kevin and Zhou, Jin and Zhou, Hua and Fu, Haoda},
  journal={Statistics in Medicine},
  volume={41},
  number={4},
  pages={719--735},
  year={2022}
}

@inproceedings{ke2017light,
 author = {Ke, Guolin and Meng, Qi and Finley, Thomas and Wang, Taifeng and Chen, Wei and Ma, Weidong and Ye, Qiwei and Liu, Tie-Yan},
 booktitle = {Advances in Neural Information Processing Systems 30},
 pages = {3146--3154},
 title = {Light{GBM}: {A} Highly Efficient Gradient Boosting Decision Tree},
 year = {2017}
}


@inproceedings{chen2016xgboost,
	title={X{GB}oost: {A} scalable tree boosting system},
	author={Chen, Tianqi and Guestrin, Carlos},
	booktitle={Proceedings of the 22nd {ACM SIGKDD} International Conference on Knowledge Discovery and Data Mining},
	pages={785--794},
	year={2016}
}

@article{friedman2001greedy,
  title={Greedy function approximation: {A} gradient boosting machine},
  author={Friedman, Jerome H},
  journal={Annals of Statistics},
  volume = {29},
  number = {5},
  pages={1189--1232},
  year={2001}
}

@article{geurts2006extremely,
  author       = {Pierre Geurts and
                  Damien Ernst and
                  Louis Wehenkel},
  title        = {Extremely randomized trees},
  journal      = {Machine Learning},
  volume       = {63},
  number       = {1},
  pages        = {3--42},
  year         = {2006}
}

@article{breiman2001random,
  title={Random forests},
  author={Breiman, Leo},
  journal={Machine Learning},
  volume={45},
  number={1},
  pages={5--32},
  year={2001}
}

@article{smith1980critique,
  title={A critique of some ridge regression methods},
  author={Smith, Gary and Campbell, Frank},
  journal={Journal of the American Statistical Association},
  volume={75},
  number={369},
  pages={74--81},
  year={1980}
}

@article{murthy1994system,
  title={A system for induction of oblique decision trees},
  author={Murthy, Sreerama K and Kasif, Simon and Salzberg, Steven},
  journal={Journal of Artificial Intelligence Research},
  volume={2},
  number={1},
  pages={1--32},
  year={1994}
}

@inproceedings{zhou2017deep,
author = {Zhou, Zhi-Hua and Feng, Ji},
booktitle = {Proceedings of the 26th International Joint Conference on Artificial Intelligence},
pages = {3553--3559},
title = {{Deep forest: {T}owards an alternative to deep neural networks}},
year = {2017}
}

@inproceedings{lyu2022depth,
  author    = {Shen-Huan Lyu and
               Yi-Xiao He and
               Zhi-Hua Zhou},
  title     = {Depth is more powerful than width with prediction concatenation in deep forests},
  booktitle = {Advances in Neural Information Processing Systems 35},
  pages     = {29719--29732},
  year      = {2022}
}

@article{lyu2022region,
  title={A region-based analysis for the feature concatenation in deep forests},
  author={Shen-Huan Lyu and Yi-He Chen and Zhi-Hua Zhou},
  journal={Chinese Journal of Electronics},
  volume    = {31},
  number    = {6},
  pages     = {1072--1080},
  year      = {2022}
}

@inproceedings{arnould2021analyzing,
  title={Analyzing the tree-layer structure of Deep Forests},
  author={Arnould, Ludovic and Boyer, Claire and Scornet, Erwan},
  booktitle={Proccedings of the 37th International Conference on Machine Learning},
  pages={342--350},
  year={2021}
}

@inproceedings{lyu2019refined,
  author    = {Shen-Huan Lyu and
               Liang Yang and
               Zhi-Hua Zhou},
  title     = {A refined margin distribution analysis for forest representation learning},
  booktitle = {Advances in Neural Information Processing Systems 32},
  pages     = {5531--5541},
  year      = {2019}
}

@inproceedings{chen2021improving,
  author    = {Yi-He Chen and
               Shen-Huan Lyu and
               Yuan Jiang},
  title     = {Improving deep forest by exploiting high-order interactions},
  booktitle = {Proceedings of the 21st {IEEE} International Conference on Data Mining},
  pages     = {1030--1035},
  year      = {2021}
}

@book{breiman1984classification,
  title={Classification and Regression Trees},
  author={Breiman, Leo and Friedman, Jerome and Olshen, Richard and Stone, Charles},
  year={1984},
  publisher={Chapman \& Hall/CRC}
}

@book{vershynin2018high,
  title={High-Dimensional Probability: An Introduction with Applications in Data Science},
  author={Vershynin, Roman},
  year={2018},
  publisher={Cambridge University Press}
}

@article{cattaneo2022convergence,
  title={Convergence rates of oblique regression trees for flexible function libraries},
  author={Cattaneo, Matias D and Chandak, Rajita and Klusowski, Jason M},
  journal={Annals of Statistics},
  volume={52},
  number={2},
  pages={466--490},
  year={2024}
}

@article{tomita2020sparse,
  title={Sparse projection oblique randomer forests},
  author={Tomita, Tyler M and Browne, James and Shen, Cencheng and Chung, Jaewon and Patsolic, Jesse L and Falk, Benjamin and Priebe, Carey E and Yim, Jason and Burns, Randal and Maggioni, Mauro and others},
  journal={Journal of Machine Learning Research},
  volume={21},
  number={1},
  pages={4193--4231},
  year={2020}
}

@article{alexander2023benign,
  author  = {Alexander Tsigler and Peter L. Bartlett},
  title   = {Benign overfitting in ridge regression},
  journal = {Journal of Machine Learning Research},
  year    = {2023},
  volume  = {24},
  number  = {123},
  pages   = {1--76}
}

@article{chang2011libsvm,
	author = {Chang, Chih-Chung and Lin, Chih-Jen},
	title = {{LIBSVM}: A library for support vector machines},
	journal = {ACM Transactions on Intelligent Systems and Technology},
	volume = {2},
	issue = {3},
	year = {2011},
	pages = {1--27}
}

@inproceedings{carreira2018alternating,
  title={Alternating optimization of decision trees, with application to learning sparse oblique trees},
  author={Carreira-Perpin{\'a}n, Miguel A and Tavallali, Pooya},
  booktitle={Advances in Neural Information Processing Systems 31},
  year={2018},
  pages={1211--1221}
}