@article{chang2023few,
  title={Few-shot semantic segmentation: a review on recent approaches},
  author={Chang, Zhaobin and Lu, Yonggang and Ran, Xingcheng and Gao, Xiong and Wang, Xiangwen},
  journal={Neural Computing and Applications},
  volume={35},
  number={25},
  pages={18251--18275},
  year={2023},
  publisher={Springer}
}

@article{ren2023visual,
  title={Visual semantic segmentation based on few/zero-shot learning: An overview},
  author={Ren, Wenqi and Tang, Yang and Sun, Qiyu and Zhao, Chaoqiang and Han, Qing-Long},
  journal={IEEE/CAA Journal of Automatica Sinica},
  year={2023},
  publisher={IEEE}
}

@inproceedings{bergmann2019mvtec,
  title={MVTec AD--A comprehensive real-world dataset for unsupervised anomaly detection},
  author={Bergmann, Paul and Fauser, Michael and Sattlegger, David and Steger, Carsten},
  booktitle={Proceedings of the IEEE/CVF conference on computer vision and pattern recognition},
  pages={9592--9600},
  year={2019}
}

@article{bao2021triplet,
  title={Triplet-graph reasoning network for few-shot metal generic surface defect segmentation},
  author={Bao, Yanqi and Song, Kechen and Liu, Jie and Wang, Yanyan and Yan, Yunhui and Yu, Han and Li, Xingjie},
  journal={IEEE Transactions on Instrumentation and Measurement},
  volume={70},
  pages={1--11},
  year={2021},
  publisher={IEEE}
}

@article{tabernik2020segmentation,
  title={Segmentation-based deep-learning approach for surface-defect detection},
  author={Tabernik, Domen and {\v{S}}ela, Samo and Skvar{\v{c}}, Jure and Sko{\v{c}}aj, Danijel},
  journal={Journal of Intelligent Manufacturing},
  volume={31},
  number={3},
  pages={759--776},
  year={2020},
  publisher={Springer}
}

@article{yao2024few,
  title={Few-shot unseen defect segmentation for polycrystalline silicon panels with an interpretable dual subspace attention variational learning framework},
  author={Yao, Haiming and Luo, Wei and Yu, Wenyong and Zhang, Xiaotian and Qiang, Zhenfeng and Luo, Donghao and Shi, Hui},
  journal={Advanced Engineering Informatics},
  volume={62},
  pages={102613},
  year={2024},
  publisher={Elsevier}
}

@inproceedings{wieler2007weakly,
  title={Weakly supervised learning for industrial optical inspection},
  author={Wieler, Matthias and Hahn, Tobias},
  booktitle={DAGM symposium in},
  volume={6},
  pages={11},
  year={2007}
}

@inproceedings{zhang2022fdsnet,
  title={FDSNeT: An Accurate Real-Time Surface Defect Segmentation Network},
  author={Zhang, Jian and Ding, Runwei and Ban, Miaoju and Guo, Tianyu},
  booktitle={ICASSP 2022-2022 IEEE International Conference on Acoustics, Speech and Signal Processing (ICASSP)},
  pages={3803--3807},
  year={2022},
  organization={IEEE}
}

@inproceedings{zou2022spot,
  title={Spot-the-difference self-supervised pre-training for anomaly detection and segmentation},
  author={Zou, Yang and Jeong, Jongheon and Pemula, Latha and Zhang, Dongqing and Dabeer, Onkar},
  booktitle={European Conference on Computer Vision},
  pages={392--408},
  year={2022},
  organization={Springer}
}

@inproceedings{fan2022self,
  title={Self-support few-shot semantic segmentation},
  author={Fan, Qi and Pei, Wenjie and Tai, Yu-Wing and Tang, Chi-Keung},
  booktitle={European Conference on Computer Vision},
  pages={701--719},
  year={2022},
  organization={Springer}
}

@article{tian2020prior,
  title={Prior guided feature enrichment network for few-shot segmentation},
  author={Tian, Zhuotao and Zhao, Hengshuang and Shu, Michelle and Yang, Zhicheng and Li, Ruiyu and Jia, Jiaya},
  journal={IEEE transactions on pattern analysis and machine intelligence},
  volume={44},
  number={2},
  pages={1050--1065},
  year={2020},
  publisher={IEEE}
}

@inproceedings{min2021hypercorrelation,
  title={Hypercorrelation squeeze for few-shot segmentation},
  author={Min, Juhong and Kang, Dahyun and Cho, Minsu},
  booktitle={Proceedings of the IEEE/CVF international conference on computer vision},
  pages={6941--6952},
  year={2021}
}

@inproceedings{lei2022cross,
  title={Cross-domain few-shot semantic segmentation},
  author={Lei, Shuo and Zhang, Xuchao and He, Jianfeng and Chen, Fanglan and Du, Bowen and Lu, Chang-Tien},
  booktitle={European Conference on Computer Vision},
  pages={73--90},
  year={2022},
  organization={Springer}
}

@inproceedings{herzog2024adapt,
  title={Adapt Before Comparison: A New Perspective on Cross-Domain Few-Shot Segmentation},
  author={Herzog, Jonas},
  booktitle={Proceedings of the IEEE/CVF Conference on Computer Vision and Pattern Recognition},
  pages={23605--23615},
  year={2024}
}

@article{shaban2017one,
  title={One-shot learning for semantic segmentation},
  author={Shaban, Amirreza and Bansal, Shray and Liu, Zhen and Essa, Irfan and Boots, Byron},
  journal={arXiv preprint arXiv:1709.03410},
  year={2017}
}

@inproceedings{lin2014microsoft,
  title={Microsoft coco: Common objects in context},
  author={Lin, Tsung-Yi and Maire, Michael and Belongie, Serge and Hays, James and Perona, Pietro and Ramanan, Deva and Doll{\'a}r, Piotr and Zitnick, C Lawrence},
  booktitle={Computer Vision--ECCV 2014: 13th European Conference, Zurich, Switzerland, September 6-12, 2014, Proceedings, Part V 13},
  pages={740--755},
  year={2014},
  organization={Springer}
}

@inproceedings{xie2021few,
  title={Few-shot semantic segmentation with cyclic memory network},
  author={Xie, Guo-Sen and Xiong, Huan and Liu, Jie and Yao, Yazhou and Shao, Ling},
  booktitle={Proceedings of the IEEE/CVF International Conference on Computer Vision},
  pages={7293--7302},
  year={2021}
}

@article{yu2022selective,
  title={Selective prototype network for few-shot metal surface defect segmentation},
  author={Yu, Ruiyun and Guo, Bingyang and Yang, Kang},
  journal={IEEE Transactions on Instrumentation and Measurement},
  volume={71},
  pages={1--10},
  year={2022},
  publisher={IEEE}
}

@inproceedings{guo2020broader,
  title={A broader study of cross-domain few-shot learning},
  author={Guo, Yunhui and Codella, Noel C and Karlinsky, Leonid and Codella, James V and Smith, John R and Saenko, Kate and Rosing, Tajana and Feris, Rogerio},
  booktitle={Computer Vision--ECCV 2020: 16th European Conference, Glasgow, UK, August 23--28, 2020, Proceedings, Part XXVII 16},
  pages={124--141},
  year={2020},
  organization={Springer}
}

@article{zhang2023personalize,
  title={Personalize segment anything model with one shot},
  author={Zhang, Renrui and Jiang, Zhengkai and Guo, Ziyu and Yan, Shilin and Pan, Junting and Ma, Xianzheng and Dong, Hao and Gao, Peng and Li, Hongsheng},
  journal={arXiv preprint arXiv:2305.03048},
  year={2023}
}

@article{liu2023matcher,
  title={Matcher: Segment anything with one shot using all-purpose feature matching},
  author={Liu, Yang and Zhu, Muzhi and Li, Hengtao and Chen, Hao and Wang, Xinlong and Shen, Chunhua},
  journal={arXiv preprint arXiv:2305.13310},
  year={2023}
}

@article{zhuang2020comprehensive,
  title={A comprehensive survey on transfer learning},
  author={Zhuang, Fuzhen and Qi, Zhiyuan and Duan, Keyu and Xi, Dongbo and Zhu, Yongchun and Zhu, Hengshu and Xiong, Hui and He, Qing},
  journal={Proceedings of the IEEE},
  volume={109},
  number={1},
  pages={43--76},
  year={2020},
  publisher={Ieee}
}

@inproceedings{dong2018few,
  title={Few-shot semantic segmentation with prototype learning.},
  author={Dong, Nanqing and Xing, Eric P},
  booktitle={BMVC},
  volume={3},
  number={4},
  pages={4},
  year={2018}
}

@inproceedings{li2021adaptive,
  title={Adaptive prototype learning and allocation for few-shot segmentation},
  author={Li, Gen and Jampani, Varun and Sevilla-Lara, Laura and Sun, Deqing and Kim, Jonghyun and Kim, Joongkyu},
  booktitle={Proceedings of the IEEE/CVF conference on computer vision and pattern recognition},
  pages={8334--8343},
  year={2021}
}

@inproceedings{li2020fss,
  title={Fss-1000: A 1000-class dataset for few-shot segmentation},
  author={Li, Xiang and Wei, Tianhan and Chen, Yau Pun and Tai, Yu-Wing and Tang, Chi-Keung},
  booktitle={Proceedings of the IEEE/CVF conference on computer vision and pattern recognition},
  pages={2869--2878},
  year={2020}
}

@inproceedings{demir2018deepglobe,
  title={Deepglobe 2018: A challenge to parse the earth through satellite images},
  author={Demir, Ilke and Koperski, Krzysztof and Lindenbaum, David and Pang, Guan and Huang, Jing and Basu, Saikat and Hughes, Forest and Tuia, Devis and Raskar, Ramesh},
  booktitle={Proceedings of the IEEE conference on computer vision and pattern recognition workshops},
  pages={172--181},
  year={2018}
}

@article{candemir2013lung,
  title={Lung segmentation in chest radiographs using anatomical atlases with nonrigid registration},
  author={Candemir, Sema and Jaeger, Stefan and Palaniappan, Kannappan and Musco, Jonathan P and Singh, Rahul K and Xue, Zhiyun and Karargyris, Alexandros and Antani, Sameer and Thoma, George and McDonald, Clement J},
  journal={IEEE transactions on medical imaging},
  volume={33},
  number={2},
  pages={577--590},
  year={2013},
  publisher={IEEE}
}

@article{jaeger2013automatic,
  title={Automatic tuberculosis screening using chest radiographs},
  author={Jaeger, Stefan and Karargyris, Alexandros and Candemir, Sema and Folio, Les and Siegelman, Jenifer and Callaghan, Fiona and Xue, Zhiyun and Palaniappan, Kannappan and Singh, Rahul K and Antani, Sameer and others},
  journal={IEEE transactions on medical imaging},
  volume={33},
  number={2},
  pages={233--245},
  year={2013},
  publisher={IEEE}
}

@article{you2022unified,
  title={A unified model for multi-class anomaly detection},
  author={You, Zhiyuan and Cui, Lei and Shen, Yujun and Yang, Kai and Lu, Xin and Zheng, Yu and Le, Xinyi},
  journal={Advances in Neural Information Processing Systems},
  volume={35},
  pages={4571--4584},
  year={2022}
}

@inproceedings{he2016deep,
  title={Deep residual learning for image recognition},
  author={He, Kaiming and Zhang, Xiangyu and Ren, Shaoqing and Sun, Jian},
  booktitle={Proceedings of the IEEE conference on computer vision and pattern recognition},
  pages={770--778},
  year={2016}
}

@article{alexey2020image,
  title={An image is worth 16x16 words: Transformers for image recognition at scale},
  author={Alexey, Dosovitskiy},
  journal={arXiv preprint arXiv: 2010.11929},
  year={2020}
}

@inproceedings{caron2021emerging,
  title={Emerging properties in self-supervised vision transformers},
  author={Caron, Mathilde and Touvron, Hugo and Misra, Ishan and J{\'e}gou, Herv{\'e} and Mairal, Julien and Bojanowski, Piotr and Joulin, Armand},
  booktitle={Proceedings of the IEEE/CVF international conference on computer vision},
  pages={9650--9660},
  year={2021}
}

@article{oquab2023dinov2,
  title={Dinov2: Learning robust visual features without supervision},
  author={Oquab, Maxime and Darcet, Timoth{\'e}e and Moutakanni, Th{\'e}o and Vo, Huy and Szafraniec, Marc and Khalidov, Vasil and Fernandez, Pierre and Haziza, Daniel and Massa, Francisco and El-Nouby, Alaaeldin and others},
  journal={arXiv preprint arXiv:2304.07193},
  year={2023}
}

@inproceedings{kirillov2023segment,
  title={Segment anything},
  author={Kirillov, Alexander and Mintun, Eric and Ravi, Nikhila and Mao, Hanzi and Rolland, Chloe and Gustafson, Laura and Xiao, Tete and Whitehead, Spencer and Berg, Alexander C and Lo, Wan-Yen and others},
  booktitle={Proceedings of the IEEE/CVF International Conference on Computer Vision},
  pages={4015--4026},
  year={2023}
}

@article{ravi2024sam,
  title={Sam 2: Segment anything in images and videos},
  author={Ravi, Nikhila and Gabeur, Valentin and Hu, Yuan-Ting and Hu, Ronghang and Ryali, Chaitanya and Ma, Tengyu and Khedr, Haitham and R{\"a}dle, Roman and Rolland, Chloe and Gustafson, Laura and others},
  journal={arXiv preprint arXiv:2408.00714},
  year={2024}
}

@article{zhao2023fast,
  title={Fast segment anything},
  author={Zhao, Xu and Ding, Wenchao and An, Yongqi and Du, Yinglong and Yu, Tao and Li, Min and Tang, Ming and Wang, Jinqiao},
  journal={arXiv preprint arXiv:2306.12156},
  year={2023}
}

@article{zhang2023faster,
  title={Faster segment anything: Towards lightweight sam for mobile applications},
  author={Zhang, Chaoning and Han, Dongshen and Qiao, Yu and Kim, Jung Uk and Bae, Sung-Ho and Lee, Seungkyu and Hong, Choong Seon},
  journal={arXiv preprint arXiv:2306.14289},
  year={2023}
}

@inproceedings{xiong2024efficientsam,
  title={Efficientsam: Leveraged masked image pretraining for efficient segment anything},
  author={Xiong, Yunyang and Varadarajan, Bala and Wu, Lemeng and Xiang, Xiaoyu and Xiao, Fanyi and Zhu, Chenchen and Dai, Xiaoliang and Wang, Dilin and Sun, Fei and Iandola, Forrest and others},
  booktitle={Proceedings of the IEEE/CVF Conference on Computer Vision and Pattern Recognition},
  pages={16111--16121},
  year={2024}
}

@article{songa2024sam,
  title={SAM-Lightening: A Lightweight Segment Anything Model with Dilated Flash Attention to Achieve 30 times Acceleration},
  author={Songa, Yanfei and Pua, Bangzheng and Wanga, Peng and Jiang, Hongxu and Donga, Dong and Shen, Yiqing},
  journal={arXiv preprint arXiv:2403.09195},
  year={2024}
}

@inproceedings{roth2022towards,
  title={Towards total recall in industrial anomaly detection},
  author={Roth, Karsten and Pemula, Latha and Zepeda, Joaquin and Sch{\"o}lkopf, Bernhard and Brox, Thomas and Gehler, Peter},
  booktitle={Proceedings of the IEEE/CVF conference on computer vision and pattern recognition},
  pages={14318--14328},
  year={2022}
}

@inproceedings{jeong2023winclip,
  title={Winclip: Zero-/few-shot anomaly classification and segmentation},
  author={Jeong, Jongheon and Zou, Yang and Kim, Taewan and Zhang, Dongqing and Ravichandran, Avinash and Dabeer, Onkar},
  booktitle={Proceedings of the IEEE/CVF Conference on Computer Vision and Pattern Recognition},
  pages={19606--19616},
  year={2023}
}

@article{cao2023towards,
  title={Towards generic anomaly detection and understanding: Large-scale visual-linguistic model (gpt-4v) takes the lead},
  author={Cao, Yunkang and Xu, Xiaohao and Sun, Chen and Huang, Xiaonan and Shen, Weiming},
  journal={arXiv preprint arXiv:2311.02782},
  year={2023}
}

@article{li2024clipsam,
  title={ClipSAM: CLIP and SAM Collaboration for Zero-Shot Anomaly Segmentation},
  author={Li, Shengze and Cao, Jianjian and Ye, Peng and Ding, Yuhan and Tu, Chongjun and Chen, Tao},
  journal={arXiv preprint arXiv:2401.12665},
  year={2024}
}

@article{kaya2019deep,
  title={Deep metric learning: A survey},
  author={Kaya, Mahmut and Bilge, Hasan {\c{S}}akir},
  journal={Symmetry},
  volume={11},
  number={9},
  pages={1066},
  year={2019},
  publisher={MDPI}
}

@article{liu2024deep,
  title={Deep industrial image anomaly detection: A survey},
  author={Liu, Jiaqi and Xie, Guoyang and Wang, Jinbao and Li, Shangnian and Wang, Chengjie and Zheng, Feng and Jin, Yaochu},
  journal={Machine Intelligence Research},
  volume={21},
  number={1},
  pages={104--135},
  year={2024},
  publisher={Springer}
}

@inproceedings{deng2009imagenet,
  title={Imagenet: A large-scale hierarchical image database},
  author={Deng, Jia and Dong, Wei and Socher, Richard and Li, Li-Jia and Li, Kai and Fei-Fei, Li},
  booktitle={2009 IEEE conference on computer vision and pattern recognition},
  pages={248--255},
  year={2009},
  organization={Ieee}
}

@article{jocher2023yolo,
  title={YOLO by Ultralytics},
  author={Jocher, Glenn and Chaurasia, Ayush and Qiu, Jing},
  year={2023},
  publisher={Jan}
}

@article{hospedales2021meta,
  title={Meta-learning in neural networks: A survey},
  author={Hospedales, Timothy and Antoniou, Antreas and Micaelli, Paul and Storkey, Amos},
  journal={IEEE transactions on pattern analysis and machine intelligence},
  volume={44},
  number={9},
  pages={5149--5169},
  year={2021},
  publisher={IEEE}
}

@article{cohen2020sub,
  title={Sub-image anomaly detection with deep pyramid correspondences},
  author={Cohen, Niv and Hoshen, Yedid},
  journal={arXiv preprint arXiv:2005.02357},
  year={2020}
}

@article{bergmann2021mvtec,
  title={The mvtec 3d-ad dataset for unsupervised 3d anomaly detection and localization},
  author={Bergmann, Paul and Jin, Xin and Sattlegger, David and Steger, Carsten},
  journal={arXiv preprint arXiv:2112.09045},
  year={2021}
}

@article{nakamura2019revisiting,
  title={Revisiting fine-tuning for few-shot learning},
  author={Nakamura, Akihiro and Harada, Tatsuya},
  journal={arXiv preprint arXiv:1910.00216},
  year={2019}
}

@article{zhu2024medical,
  title={Medical sam 2: Segment medical images as video via segment anything model 2},
  author={Zhu, Jiayuan and Qi, Yunli and Wu, Junde},
  journal={arXiv preprint arXiv:2408.00874},
  year={2024}
}

@article{bai2024fs,
  title={FS-MedSAM2: Exploring the Potential of SAM2 for Few-Shot Medical Image Segmentation without Fine-tuning},
  author={Bai, Yunhao and Yu, Qinji and Yun, Boxiang and Jin, Dakai and Xia, Yingda and Wang, Yan},
  journal={arXiv preprint arXiv:2409.04298},
  year={2024}
}

@article{zhao2024retrieval,
  title={Retrieval-augmented Few-shot Medical Image Segmentation with Foundation Models},
  author={Zhao, Lin and Chen, Xiao and Chen, Eric Z and Liu, Yikang and Chen, Terrence and Sun, Shanhui},
  journal={arXiv preprint arXiv:2408.08813},
  year={2024}
}

@InProceedings{Batzner_2024_WACV,
    author    = {Batzner, Kilian and Heckler, Lars and K\"onig, Rebecca},
    title     = {EfficientAD: Accurate Visual Anomaly Detection at Millisecond-Level Latencies},
    booktitle = {Proceedings of the IEEE/CVF Winter Conference on Applications of Computer Vision (WACV)},
    month     = {January},
    year      = {2024},
    pages     = {128-138}
}

@ARTICLE{10574313,
  author={Yao, Haiming and Cao, Yunkang and Luo, Wei and Zhang, Weihang and Yu, Wenyong and Shen, Weiming},
  journal={IEEE Transactions on Industrial Informatics}, 
  title={Prior Normality Prompt Transformer for Multiclass Industrial Image Anomaly Detection}, 
  year={2024},
  volume={20},
  number={10},
  pages={11866-11876},
  keywords={Image reconstruction;Semantics;Training;Feature extraction;Anomaly detection;Transformers;Encoding;Defect detection;image anomaly detection;prompting;vision Transformer (ViT)},
  doi={10.1109/TII.2024.3413322}}