@Misc{TeXFAQ,
  title =        {{UK} List of {\TeX} Frequently Asked Questions},
  author =       {{UK \TeX{} Users Group}},
  year =         2019,
  howpublished = {\url{https://texfaq.org}}
}

@Manual{Downes04:amsart,
  title =        {The \textsf{amsart}, \textsf{amsproc}, and
                  \textsf{amsbook} document~classes},
  author =       {Michael Downes and Barbara Beeton},
  organization = {American Mathematical Society},
  year =         2004,
  month =        aug,
  note =         {\url{http://www.ctan.org/pkg/amslatex}}
}

@Manual{Fiorio15,
  title =        {{a}lgorithm2e.sty---package for algorithms},
  author =       {Cristophe Fiorio},
  year =         2015,
  month =        oct,
  note =         {\url{http://www.ctan.org/pkg/algorithm2e}}
}

@Manual{Brito09,
  title =        {The algorithms bundle},
  author =       {Rog\'erio Brito},
  year =         2009,
  month =        aug,
  note =         {\url{http://www.ctan.org/pkg/algorithms}}
}

@Manual{Heinz15,
  title =        {The Listings Package},
  author =       {Carsten Heinz and Brooks Moses and Jobst Hoffmann},
  year =         2015,
  month =        jun,
  note =         {\url{http://www.ctan.org/pkg/listings}}
}

@Manual{Fear05,
  title =        {Publication quality tables in {\LaTeX}},
  author =       {Simon Fear},
  year =         2005,
  month =        apr,
  note =         {\url{http://www.ctan.org/pkg/booktabs}}
}

@Manual{ACMIdentityStandards,
  title =        {{ACM} Visual Identity Standards},
  organization = {Association for Computing Machinery},
  year =         2007,
  note =         {\url{http://identitystandards.acm.org}}
}

@Manual{Sommerfeldt13:Subcaption,
  title =        {The subcaption package},
  author =       {Axel Sommerfeldt},
  year =         2013,
  month =        apr,
  note =         {\url{http://www.ctan.org/pkg/subcaption}}
}

@Manual{Nomencl,
  title =        {A package to create a nomenclature},
  author =       {Boris Veytsman and Bern Schandl and Lee Netherton
                  and C. V. Radhakrishnan},
  year =         2005,
  month =        sep,
  note =         {\url{http://www.ctan.org/pkg/nomencl}}
}

@Manual{Talbot16:Glossaries,
  title =        {User Manual for glossaries.sty v4.44},
  author =       {Nicola L. C. Talbot},
  year =         2019,
  month =        dec,
  note =         {\url{http://www.ctan.org/pkg/glossaries}}
}

@Manual{Carlisle04:Textcase,
  title =        {The \textsl{textcase} package},
  author =       {David Carlisle},
  month =        oct,
  year =         2004,
  note =         {\url{http://www.ctan.org/pkg/textcase}}
}

@Manual{Braams22:Babel,
  title = 	 {Babel},
  author = 	 {Johannes L. Braams and Javier Bezos},
  year = 	 2022,
  note = 	 {\url{http://www.ctan.org/pkg/babel}}}

@inproceedings{reichman2023outside,
  title={Outside knowledge visual question answering version 2.0},
  author={Reichman, Benjamin Z and Sundar, Anirudh and Richardson, Christopher and Zubatiy, Tamara and Chowdhury, Prithwijit and Shah, Aaryan and Truxal, Jack and Grimes, Micah and Shah, Dristi and Chee, Woo Ju and others},
  booktitle={ICASSP 2023-2023 IEEE International Conference on Acoustics, Speech and Signal Processing (ICASSP)},
  pages={1--5},
  year={2023},
  organization={IEEE}
}