@article{nikolaj2017tiers,
  author    = {Nikolaj Tatti},
  title     = {Tiers for peers: a practical algorithm for discovering hierarchy in weighted networks},
  journal   = {DMKD},
  volume    = {31},
  number={3},
  pages={702--738},
  year={2017},
  publisher={Springer}
}

@misc{UDMS_dataset,
author = {Jiaheng Lu and Jun Chen and Chao Zhang},
title = {Helsinki {M}ulti-{M}odel {D}ata {R}epository},
howpublished = "\url{https://www.helsinki.fi/en/researchgroups/unified-database-management-systems-udbms/datasets/patent-dataset}",
year = 2018 }

@inproceedings{tatti2014faster,
title={Faster way to agony},
author={Tatti, Nikolaj},
booktitle={Joint European Conference on Machine Learning and Knowledge Discovery in Databases},
pages={163--178},
year={2014},
organization={Springer}
}

@inproceedings{tatti2015hierarchies,
title={Hierarchies in directed networks},
author={Tatti, Nikolaj},
booktitle={2015 IEEE international conference on data mining},
pages={991--996},
year={2015},
organization={IEEE}
}

@inproceedings{Neumann2018RankingTT,
  title={Ranking the Teams in European Football Leagues With Agony},
  author={Stefan Neumann and Julian Ritter and Kailash Budhathoki},
  booktitle={MLSA@ECMLPKDD},
  year={2018}
}

@inproceedings{gupte2011finding,
title={Finding hierarchy in directed online social networks},
author={Gupte, Mangesh and Shankar, Pravin and Li, Jing and Muthukrishnan, Shanmugauelayut and Iftode, Liviu},
booktitle={WWW},
pages={557--566},
year={2011}
}
@INPROCEEDINGS{tennakoon2018discovering,  author={Tennakoon, T.M.G. and Nayak, Richi},
booktitle={2018 IEEE/ACM International Conference on Advances in Social Networks Analysis and Mining (ASONAM)},   title={Discovering Influence Hierarchy Based on Frequent Social Interactions},   year={2018}, 
 pages={575-576}  }
 
 @article{tennakoon2019fcminer,
  title={FCMiner: mining functional communities in social networks},
  author={Tennakoon, TMG and Nayak, Richi},
  journal={Social Network Analysis and Mining},
  volume={9},
  number={1},
  pages={1--19},
  year={2019},
  publisher={Springer}
}

@inproceedings{nr2015,
     title={The Network Data Repository with Interactive Graph Analytics and Visualization},
     author={Ryan A. Rossi and Nesreen K. Ahmed},
     booktitle={AAAI},
     url={https://networkrepository.com},
     year={2015}
}

@inproceedings{tang2009flickr,
author = {Tang, Lei and Liu, Huan},
title = {Relational Learning via Latent Social Dimensions},
year = {2009},
isbn = {9781605584959},
publisher = {Association for Computing Machinery},
address = {New York, NY, USA},
url = {https://doi.org/10.1145/1557019.1557109},
doi = {10.1145/1557019.1557109},
booktitle = {Proceedings of the 15th ACM SIGKDD International Conference on Knowledge Discovery and Data Mining},
pages = {817â€“826},
numpages = {10},
keywords = {social media, behavior prediction, social dimensions, modularity, relational learning},
location = {Paris, France},
series = {KDD '09}
}

@misc{Zafarani2009youtube,
author = "R. Zafarani and H. Liu",
year = "2009",
title = "Social Computing Data Repository at {ASU}",
url = "http://socialcomputing.asu.edu",
institution = "Arizona State University, School of Computing, Informatics and Decision Systems Engineering" }

@article{mones2012hierarchy,
  title={Hierarchy measure for complex networks},
  author={Mones, Enys and Vicsek, Lilla and Vicsek, Tam{\'a}s},
  journal={PloS one},
  volume={7},
  number={3},
  pages={e33799},
  year={2012},
  publisher={Public Library of Science San Francisco, USA}
}

@incollection{lane2006hierarchy,
  title={Hierarchy, complexity, society},
  author={Lane, David},
  booktitle={Hierarchy in natural and social sciences},
  pages={81--119},
  year={2006},
  publisher={Springer}
}

@inproceedings{maiya2009inferring,
  title={Inferring the maximum likelihood hierarchy in social networks},
  author={Maiya, Arun S and Berger-Wolf, Tanya Y},
  booktitle={CSE},
  volume={4},
  pages={245--250},
  year={2009},
}

@inproceedings{memon2008retracted,
  title={Retracted: detecting hidden hierarchy in terrorist networks: some case studies},
  author={Memon, Nasrullah and Larsen, Henrik Legind and Hicks, David L and Harkiolakis, Nicholas},
  booktitle={ISI},
  pages={477--489},
  year={2008},
}


@article{jameson1999finding,
  title={Finding an appropriate order for a hierarchy based on probabilistic dominance},
  author={Jameson, Kimberly A and Appleby, Michael C and Freeman, Linton C},
  journal={Animal behaviour},
  volume={57},
  number={5},
  pages={991--998},
  year={1999},
  publisher={Elsevier}
}


@article{pool2014description,
  title={Description-driven community detection},
  author={Pool, Simon and Bonchi, Francesco and Leeuwen, Matthijs van},
  journal={TIST},
  volume={5},
  number={2},
  pages={1--28},
  year={2014},
}


@article{bothorel2015clustering,
  title={Clustering attributed graphs: models, measures and methods},
  author={Bothorel, C{\'e}cile and Cruz, Juan David and Magnani, Matteo and Micenkova, Barbora},
  journal={Network Science},
  volume={3},
  number={3},
  pages={408--444},
  year={2015},
  publisher={Cambridge University Press}
}

@article{mcpherson2001birds,
  title={Birds of a feather: Homophily in social networks},
  author={McPherson, Miller and Smith-Lovin, Lynn and Cook, James M},
  journal={Annual review of sociology},
  volume={27},
  number={1},
  pages={415--444},
  year={2001},
  publisher={Annual Reviews 4139 El Camino Way, PO Box 10139, Palo Alto, CA 94303-0139, USA}
}

@article{dehghani2016purity,
  title={Purity homophily in social networks.},
  author={Dehghani, Morteza and Johnson, Kate and Hoover, Joe and Sagi, Eyal and Garten, Justin and Parmar, Niki Jitendra and Vaisey, Stephen and Iliev, Rumen and Graham, Jesse},
  journal={Journal of Experimental Psychology: General},
  volume={145},
  number={3},
  pages={366},
  year={2016},
  publisher={American Psychological Association}
}


@article{galbrun2014overlapping,
  title={Overlapping community detection in labeled graphs},
  author={Galbrun, Esther and Gionis, Aristides and Tatti, Nikolaj},
  journal={DMKD},
  volume={28},
  number={5},
  pages={1586--1610},
  year={2014},
  publisher={Springer}
}


@inproceedings{bai2020towards,
  title={Towards Description of Block Model on Graph},
  author={Bai, Zilong and Ravi, SS and Davidson, Ian},
  booktitle={ECMLPKDD},
  pages={37--53},
  year={2020},
}

@inproceedings{falih2018community,
  title={Community detection in attributed network},
  author={Falih, Issam and Grozavu, Nistor and Kanawati, Rushed and Bennani, Youn{\`e}s},
  booktitle={WWW},
  pages={1299--1306},
  year={2018}
}

@inproceedings{tang2008arnetminer,
  title={Arnetminer: extraction and mining of academic social networks},
  author={Tang, Jie and Zhang, Jing and Yao, Limin and Li, Juanzi and Zhang, Li and Su, Zhong},
  booktitle={KDD},
  pages={990--998},
  year={2008}
}

@book{elo1978rating,
  title     = {The rating of chessplayers, past and present},
  author    = {Elo, Arpad E.},
  year      = {1978},
  publisher = {Arco Pub.},
  address   = {New York}
}

@inproceedings{rowe2007automated,
  title={Automated social hierarchy detection through email network analysis},
  author={Rowe, Ryan and Creamer, German and Hershkop, Shlomo and Stolfo, Salvatore J},
  booktitle={WebKDD/SNA-KDD},
  pages={109--117},
  year={2007}
}

@article{dinur2005hardness,
  title={On the hardness of approximating minimum vertex cover},
  author={Dinur, Irit and Safra, Samuel},
  journal={Annals of mathematics},
  pages={439--485},
  year={2005},
  publisher={JSTOR}
}

@article{even1998approximating,
  title={Approximating minimum feedback sets and multicuts in directed graphs},
  author={Even, Guy and Schieber, B and Sudan, M and others},
  journal={Algorithmica},
  volume={20},
  number={2},
  pages={151--174},
  year={1998},
  publisher={Springer}
}

@article{kleinberg1999authoritative,
  title={Authoritative sources in a hyperlinked environment},
  author={Kleinberg, Jon M},
  journal={JACM},
  volume={46},
  number={5},
  pages={604--632},
  year={1999},
  publisher={ACM New York, NY, USA}
}
