@article{dinur2005hardness,
  title={On the hardness of approximating minimum vertex cover},
  author={Dinur, Irit and Safra, Samuel},
  journal={Annals of mathematics},
  pages={439--485},
  year={2005},
  publisher={JSTOR}
}

@book{elo1978rating,
  title     = {The rating of chessplayers, past and present},
  author    = {Elo, Arpad E.},
  year      = {1978},
  publisher = {Arco Pub.},
  address   = {New York}
}

@article{even1998approximating,
  title={Approximating minimum feedback sets and multicuts in directed graphs},
  author={Even, Guy and Schieber, B and Sudan, M and others},
  journal={Algorithmica},
  volume={20},
  number={2},
  pages={151--174},
  year={1998},
  publisher={Springer}
}

@inproceedings{gupte2011finding,
title={Finding hierarchy in directed online social networks},
author={Gupte, Mangesh and Shankar, Pravin and Li, Jing and Muthukrishnan, Shanmugauelayut and Iftode, Liviu},
booktitle={WWW},
pages={557--566},
year={2011}
}

@article{kleinberg1999authoritative,
  title={Authoritative sources in a hyperlinked environment},
  author={Kleinberg, Jon M},
  journal={JACM},
  volume={46},
  number={5},
  pages={604--632},
  year={1999},
  publisher={ACM New York, NY, USA}
}

@inproceedings{maiya2009inferring,
  title={Inferring the maximum likelihood hierarchy in social networks},
  author={Maiya, Arun S and Berger-Wolf, Tanya Y},
  booktitle={CSE},
  volume={4},
  pages={245--250},
  year={2009},
}

@inproceedings{memon2008retracted,
  title={Retracted: detecting hidden hierarchy in terrorist networks: some case studies},
  author={Memon, Nasrullah and Larsen, Henrik Legind and Hicks, David L and Harkiolakis, Nicholas},
  booktitle={ISI},
  pages={477--489},
  year={2008},
}

@article{nikolaj2017tiers,
  author    = {Nikolaj Tatti},
  title     = {Tiers for peers: a practical algorithm for discovering hierarchy in weighted networks},
  journal   = {DMKD},
  volume    = {31},
  number={3},
  pages={702--738},
  year={2017},
  publisher={Springer}
}

@inproceedings{rowe2007automated,
  title={Automated social hierarchy detection through email network analysis},
  author={Rowe, Ryan and Creamer, German and Hershkop, Shlomo and Stolfo, Salvatore J},
  booktitle={WebKDD/SNA-KDD},
  pages={109--117},
  year={2007}
}

