@inproceedings{jang2017categorical,
  title={Categorical Reparameterization with Gumbel-Softmax},
  author={Jang, Eric and Gu, Shixiang and Poole, Ben},
  booktitle={International Conference on Learning Representations},
  year={2017}
}

@inproceedings{iclr23transformercsp,
  title={Learning to Solve Constraint Satisfaction Problems with Recurrent Transformer},
  author={Yang, Zhun and Ishay, Adam and Lee, Joohyung},
  year={2023},
  booktitle={The Eleventh International Conference on Learning Representations}
}

@inproceedings{anycsp,
author = {T\"{o}nshoff, Jan and Kisin, Berke and Lindner, Jakob and Grohe, Martin},
title = {One model, any CSP: graph neural networks as fast global search heuristics for constraint satisfaction},
year = {2023},
isbn = {978-1-956792-03-4},
url = {https://doi.org/10.24963/ijcai.2023/476},
doi = {10.24963/ijcai.2023/476},
booktitle = {Proceedings of the Thirty-Second International Joint Conference on Artificial Intelligence},
articleno = {476},
numpages = {9},
location = {Macao, P.R.China},
series = {IJCAI '23}
}

@ARTICLE{rltsp,
  author={Wu, Yaoxin and Song, Wen and Cao, Zhiguang and Zhang, Jie and Lim, Andrew},
  journal={IEEE Transactions on Neural Networks and Learning Systems}, 
  title={Learning Improvement Heuristics for Solving Routing Problems}, 
  year={2022},
  volume={33},
  number={9},
  pages={5057-5069},
  keywords={Routing;Heuristic algorithms;Vehicle routing;Traveling salesman problems;Training;Task analysis;Search problems;Heuristic algorithms;learning (artificial intelligence);mathematical programming;neural networks;vehicle routing},
  doi={10.1109/TNNLS.2021.3068828}}


@inproceedings{injectconstraints,
  title={Injecting logical constraints into neural networks via straight-through estimators},
  author={Yang, Zhun and Lee, Joohyung and Park, Chiyoun},
  booktitle={International Conference on Machine Learning},
  pages={25096--25122},
  year={2022},
  organization={PMLR}
}

@inproceedings{clrdrnets,
  title={CLR-DRNets: Curriculum learning with restarts to solve visual combinatorial games},
  author={Bai, Yiwei and Chen, Di and Gomes, Carla P},
  booktitle={27th International Conference on Principles and Practice of Constraint Programming (CP 2021)},
  year={2021},
  organization={Schloss-Dagstuhl-Leibniz Zentrum f{\"u}r Informatik}
}

@article{vitarc,
  title={Tackling the abstraction and reasoning corpus with vision transformers: the importance of 2d representation, positions, and objects},
  author={Li, Wenhao and Xu, Yudong and Sanner, Scott and Khalil, Elias Boutros},
  journal={arXiv preprint arXiv:2410.06405},
  year={2024}
}

@inproceedings{vit,
  title={End-to-end object detection with transformers},
  author={Carion, Nicolas and Massa, Francisco and Synnaeve, Gabriel and Usunier, Nicolas and Kirillov, Alexander and Zagoruyko, Sergey},
  booktitle={European conference on computer vision},
  pages={213--229},
  year={2020},
  organization={Springer}
}


@inproceedings{alldifferent,
  title={A filtering algorithm for constraints of difference in CSPs},
  author={R{\'e}gin, Jean-Charles},
  booktitle={AAAI},
  volume={94},
  pages={362--367},
  year={1994}
}

@misc{globalconstraints,
  TITLE = {{Global Constraint Catalog}},
  AUTHOR = {Beldiceanu, Nicolas and Carlsson, Mats and Rampon, Jean-Xavier},
  URL = {https://hal.science/hal-00485396},
  NOTE = {Research Report SICS T2005-08},
  HAL_LOCAL_REFERENCE = {SICS T2005-08},
  YEAR = {2005},
  PDF = {https://hal.science/hal-00485396v1/file/SICS-T--2005-08--SE.pdf},
  HAL_ID = {hal-00485396},
  HAL_VERSION = {v1},
}

@article{bo-mip,
  title={Learning to Optimize for Mixed-Integer Non-linear Programming},
  author={Tang, Bo and Khalil, Elias B and Drgo{\v{n}}a, J{\'a}n},
  journal={arXiv preprint arXiv:2410.11061},
  year={2024}
}

@book{cp-handbook,
  title={Handbook of constraint programming},
  author={Rossi, Francesca and Van Beek, Peter and Walsh, Toby},
  year={2006},
  publisher={Elsevier}
}

@inproceedings{satnet,
  title={Satnet: Bridging deep learning and logical reasoning using a differentiable satisfiability solver},
  author={Wang, Po-Wei and Donti, Priya and Wilder, Bryan and Kolter, Zico},
  booktitle={International Conference on Machine Learning},
  pages={6545--6554},
  year={2019},
  organization={PMLR}
}

@article{rrn,
  title={Recurrent relational networks},
  author={Palm, Rasmus and Paquet, Ulrich and Winther, Ole},
  journal={Advances in neural information processing systems},
  volume={31},
  year={2018}
}


@InProceedings{ired,
    author    = {Du, Yilun and Mao, Jiayuan and Tenenbaum, Joshua B.},
    title     = {Learning Iterative Reasoning through Energy Diffusion},
    booktitle = {International Conference on Machine Learning (ICML)},
    year      = {2024}
}

@article{ptrnet,
  title={Pointer networks},
  author={Vinyals, Oriol and Fortunato, Meire and Jaitly, Navdeep},
  journal={Advances in neural information processing systems},
  volume={28},
  year={2015}
}


@article{sudoku-difficulty,
  title={There is no 16-clue Sudoku: Solving the Sudoku minimum number of clues problem via hitting set enumeration},
  author={McGuire, Gary and Tugemann, Bastian and Civario, Gilles},
  journal={Experimental Mathematics},
  volume={23},
  number={2},
  pages={190--217},
  year={2014},
  publisher={Taylor \& Francis}
}

@techreport{networkx,
  title={Exploring network structure, dynamics, and function using NetworkX},
  author={Hagberg, Aric and Swart, Pieter J and Schult, Daniel A},
  year={2008},
  institution={Los Alamos National Laboratory (LANL), Los Alamos, NM (United States)}
}

@misc{cpsat,
  title = {{CP-SAT}},
  version = { v9.11 },
  author = {Laurent Perron and Frédéric Didier},
  organization = {Google},
  url = {https://developers.google.com/optimization/cp/cp_solver/},
  date = { 2024-05-07 }
}

@article{khalil2017learning,
  title={Learning combinatorial optimization algorithms over graphs},
  author={Dai, Hanjun and Khalil, Elias and Zhang, Yuyu and Dilkina, Bistra and Song, Le},
  journal={Advances in neural information processing systems},
  volume={30},
  year={2017}
}


@article{petersen2021learning,
  title={Learning with algorithmic supervision via continuous relaxations},
  author={Petersen, Felix and Borgelt, Christian and Kuehne, Hilde and Deussen, Oliver},
  journal={Advances in Neural Information Processing Systems},
  volume={34},
  pages={16520--16531},
  year={2021}
}

@inproceedings{jaxplan,
  title={JaxPlan and GurobiPlan: Optimization Baselines for Replanning in Discrete and Mixed Discrete-Continuous Probabilistic Domains},
  author={Gimelfarb, Michael and Taitler, Ayal and Sanner, Scott},
  booktitle={Proceedings of the International Conference on Automated Planning and Scheduling},
  volume={34},
  pages={230--238},
  year={2024}
}

@article{ddlg,
  title={Deep differentiable logic gate networks},
  author={Petersen, Felix and Borgelt, Christian and Kuehne, Hilde and Deussen, Oliver},
  journal={Advances in Neural Information Processing Systems},
  volume={35},
  pages={2006--2018},
  year={2022}
}

@article{tnorm,
  title={T-norms driven loss functions for machine learning},
  author={Giannini, Francesco and Diligenti, Michelangelo and Maggini, Marco and Gori, Marco and Marra, Giuseppe},
  journal={Applied Intelligence},
  volume={53},
  number={15},
  pages={18775--18789},
  year={2023},
  publisher={Springer}
}

@inproceedings{
universal-transformer,
title={Universal Transformers},
author={Mostafa Dehghani and Stephan Gouws and Oriol Vinyals and Jakob Uszkoreit and Lukasz Kaiser},
booktitle={International Conference on Learning Representations},
year={2019},
url={https://openreview.net/forum?id=HyzdRiR9Y7},
}

@inproceedings{takase2021lessons,
  title={Lessons on Parameter Sharing across Layers in Transformers},
  author={Takase, Sho and Kiyono, Shun},
  booktitle={Proceedings of The Fourth Workshop on Simple and Efficient Natural Language Processing (SustaiNLP)},
  pages={78--90},
  year={2023}
}

@article{learn-lns,
  title={Learning a large neighborhood search algorithm for mixed integer programs},
  author={Sonnerat, Nicolas and Wang, Pengming and Ktena, Ira and Bartunov, Sergey and Nair, Vinod},
  journal={arXiv preprint arXiv:2107.10201},
  year={2021}
}

@article{drn,
  title={Deep reasoning networks: Thinking fast and slow},
  author={Chen, Di and Bai, Yiwei and Zhao, Wenting and Ament, Sebastian and Gregoire, John M and Gomes, Carla P},
  journal={arXiv preprint arXiv:1906.00855},
  year={2019}
}


@book{aimodernapproach,
  title={Artificial intelligence: a modern approach},
  author={Russell, Stuart J and Norvig, Peter},
  year={2016},
  publisher={Pearson}
}


@inproceedings{
neurosat,
title={Learning a {SAT} Solver from Single-Bit Supervision},
author={Daniel Selsam and Matthew Lamm and Benedikt B\"{u}nz and Percy Liang and Leonardo de Moura and David L. Dill},
booktitle={International Conference on Learning Representations},
year={2019},
url={https://openreview.net/forum?id=HJMC_iA5tm},
}

@article{bengio2021machine,
  title={Machine learning for combinatorial optimization: a methodological tour d’horizon},
  author={Bengio, Yoshua and Lodi, Andrea and Prouvost, Antoine},
  journal={European Journal of Operational Research},
  volume={290},
  number={2},
  pages={405--421},
  year={2021},
  publisher={Elsevier}
}

@article{lewkowycz2022solving,
  title={Solving quantitative reasoning problems with language models},
  author={Lewkowycz, Aitor and Andreassen, Anders and Dohan, David and Dyer, Ethan and Michalewski, Henryk and Ramasesh, Vinay and Slone, Ambrose and Anil, Cem and Schlag, Imanol and Gutman-Solo, Theo and others},
  journal={Advances in Neural Information Processing Systems},
  volume={35},
  pages={3843--3857},
  year={2022}
}

@article{achiam2023gpt,
  title={Gpt-4 technical report},
  author={Achiam, Josh and Adler, Steven and Agarwal, Sandhini and Ahmad, Lama and Akkaya, Ilge and Aleman, Florencia Leoni and Almeida, Diogo and Altenschmidt, Janko and Altman, Sam and Anadkat, Shyamal and others},
  journal={arXiv preprint arXiv:2303.08774},
  year={2023}
}


@article{arulkumaran2017deep,
  title={Deep reinforcement learning: A brief survey},
  author={Arulkumaran, Kai and Deisenroth, Marc Peter and Brundage, Miles and Bharath, Anil Anthony},
  journal={IEEE Signal Processing Magazine},
  volume={34},
  number={6},
  pages={26--38},
  year={2017},
  publisher={IEEE}
}


@article{recurrent-algo2022,
  title={End-to-end algorithm synthesis with recurrent networks: Extrapolation without overthinking},
  author={Bansal, Arpit and Schwarzschild, Avi and Borgnia, Eitan and Emam, Zeyad and Huang, Furong and Goldblum, Micah and Goldstein, Tom},
  journal={Advances in Neural Information Processing Systems},
  volume={35},
  pages={20232--20242},
  year={2022}
}

@article{abacus-embedding,
  title={Transformers Can Do Arithmetic with the Right Embeddings},
  author={McLeish, Sean and Bansal, Arpit and Stein, Alex and Jain, Neel and Kirchenbauer, John and Bartoldson, Brian R and Kailkhura, Bhavya and Bhatele, Abhinav and Geiping, Jonas and Schwarzschild, Avi and others},
  journal={arXiv preprint arXiv:2405.17399},
  year={2024}
}

@article{loopedtransformers,
  title={Looped transformers for length generalization},
  author={Fan, Ying and Du, Yilun and Ramchandran, Kannan and Lee, Kangwook},
  journal={arXiv preprint arXiv:2409.15647},
  year={2024}
}


@inproceedings{boisvert2024towards,
  title={Towards a Generic Representation of Combinatorial Problems for Learning-Based Approaches},
  author={Boisvert, L{\'e}o and Verhaeghe, H{\'e}l{\`e}ne and Cappart, Quentin},
  booktitle={International Conference on the Integration of Constraint Programming, Artificial Intelligence, and Operations Research},
  pages={99--108},
  year={2024},
  organization={Springer}
}


@article{
li2024gsatbench,
title={G4{SATB}ench: Benchmarking and Advancing {SAT} Solving with Graph Neural Networks},
author={Zhaoyu Li and Jinpei Guo and Xujie Si},
journal={Transactions on Machine Learning Research},
issn={2835-8856},
year={2024},
url={https://openreview.net/forum?id=7VB5db72lr},
note={}
}

@article{bengio2013estimating,
  title={Estimating or propagating gradients through stochastic neurons for conditional computation},
  author={Bengio, Yoshua and L{\'e}onard, Nicholas and Courville, Aaron},
  journal={arXiv preprint arXiv:1308.3432},
  year={2013}
}


@article{gnnco,
  author  = {Quentin Cappart and Didier ChÃ©telat and Elias B. Khalil and Andrea Lodi and Christopher Morris and Petar VeliÄkoviÄ‡},
  title   = {Combinatorial Optimization and Reasoning with Graph Neural Networks},
  journal = {Journal of Machine Learning Research},
  year    = {2023},
  volume  = {24},
  number  = {130},
  pages   = {1--61},
  url     = {http://jmlr.org/papers/v24/21-0449.html}
}


@inproceedings{chalumeau2021seapearl,
  title={Seapearl: A constraint programming solver guided by reinforcement learning},
  author={Chalumeau, F{\'e}lix and Coulon, Ilan and Cappart, Quentin and Rousseau, Louis-Martin},
  booktitle={Integration of Constraint Programming, Artificial Intelligence, and Operations Research: 18th International Conference, CPAIOR 2021, Vienna, Austria, July 5--8, 2021, Proceedings 18},
  pages={392--409},
  year={2021},
  organization={Springer}
}

@article{toenshoff2021graph,
  title={Graph neural networks for maximum constraint satisfaction},
  author={Toenshoff, Jan and Ritzert, Martin and Wolf, Hinrikus and Grohe, Martin},
  journal={Frontiers in artificial intelligence},
  volume={3},
  pages={580607},
  year={2021},
  publisher={Frontiers Media SA}
}

@article{lee2025self,
  title={Self-Improving Transformers Overcome Easy-to-Hard and Length Generalization Challenges},
  author={Lee, Nayoung and Cai, Ziyang and Schwarzschild, Avi and Lee, Kangwook and Papailiopoulos, Dimitris},
  journal={arXiv preprint arXiv:2502.01612},
  year={2025}
}

@article{holland1992genetic,
  title={Genetic algorithms},
  author={Holland, John H},
  journal={Scientific american},
  volume={267},
  number={1},
  pages={66--73},
  year={1992},
  publisher={JSTOR}
}