@article{abacus-embedding,
  title={Transformers Can Do Arithmetic with the Right Embeddings},
  author={McLeish, Sean and Bansal, Arpit and Stein, Alex and Jain, Neel and Kirchenbauer, John and Bartoldson, Brian R and Kailkhura, Bhavya and Bhatele, Abhinav and Geiping, Jonas and Schwarzschild, Avi and others},
  journal={arXiv preprint arXiv:2405.17399},
  year={2024}
}

@inproceedings{anycsp,
author = {T\"{o}nshoff, Jan and Kisin, Berke and Lindner, Jakob and Grohe, Martin},
title = {One model, any CSP: graph neural networks as fast global search heuristics for constraint satisfaction},
year = {2023},
isbn = {978-1-956792-03-4},
url = {https://doi.org/10.24963/ijcai.2023/476},
doi = {10.24963/ijcai.2023/476},
booktitle = {Proceedings of the Thirty-Second International Joint Conference on Artificial Intelligence},
articleno = {476},
numpages = {9},
location = {Macao, P.R.China},
series = {IJCAI '23}
}

@article{bengio2013estimating,
  title={Estimating or propagating gradients through stochastic neurons for conditional computation},
  author={Bengio, Yoshua and L{\'e}onard, Nicholas and Courville, Aaron},
  journal={arXiv preprint arXiv:1308.3432},
  year={2013}
}

@article{bo-mip,
  title={Learning to Optimize for Mixed-Integer Non-linear Programming},
  author={Tang, Bo and Khalil, Elias B and Drgo{\v{n}}a, J{\'a}n},
  journal={arXiv preprint arXiv:2410.11061},
  year={2024}
}

@inproceedings{boisvert2024towards,
  title={Towards a Generic Representation of Combinatorial Problems for Learning-Based Approaches},
  author={Boisvert, L{\'e}o and Verhaeghe, H{\'e}l{\`e}ne and Cappart, Quentin},
  booktitle={International Conference on the Integration of Constraint Programming, Artificial Intelligence, and Operations Research},
  pages={99--108},
  year={2024},
  organization={Springer}
}

@inproceedings{chalumeau2021seapearl,
  title={Seapearl: A constraint programming solver guided by reinforcement learning},
  author={Chalumeau, F{\'e}lix and Coulon, Ilan and Cappart, Quentin and Rousseau, Louis-Martin},
  booktitle={Integration of Constraint Programming, Artificial Intelligence, and Operations Research: 18th International Conference, CPAIOR 2021, Vienna, Austria, July 5--8, 2021, Proceedings 18},
  pages={392--409},
  year={2021},
  organization={Springer}
}

@inproceedings{clrdrnets,
  title={CLR-DRNets: Curriculum learning with restarts to solve visual combinatorial games},
  author={Bai, Yiwei and Chen, Di and Gomes, Carla P},
  booktitle={27th International Conference on Principles and Practice of Constraint Programming (CP 2021)},
  year={2021},
  organization={Schloss-Dagstuhl-Leibniz Zentrum f{\"u}r Informatik}
}

@article{ddlg,
  title={Deep differentiable logic gate networks},
  author={Petersen, Felix and Borgelt, Christian and Kuehne, Hilde and Deussen, Oliver},
  journal={Advances in Neural Information Processing Systems},
  volume={35},
  pages={2006--2018},
  year={2022}
}

@article{drn,
  title={Deep reasoning networks: Thinking fast and slow},
  author={Chen, Di and Bai, Yiwei and Zhao, Wenting and Ament, Sebastian and Gregoire, John M and Gomes, Carla P},
  journal={arXiv preprint arXiv:1906.00855},
  year={2019}
}

@inproceedings{injectconstraints,
  title={Injecting logical constraints into neural networks via straight-through estimators},
  author={Yang, Zhun and Lee, Joohyung and Park, Chiyoun},
  booktitle={International Conference on Machine Learning},
  pages={25096--25122},
  year={2022},
  organization={PMLR}
}

@InProceedings{ired,
    author    = {Du, Yilun and Mao, Jiayuan and Tenenbaum, Joshua B.},
    title     = {Learning Iterative Reasoning through Energy Diffusion},
    booktitle = {International Conference on Machine Learning (ICML)},
    year      = {2024}
}

@inproceedings{jaxplan,
  title={JaxPlan and GurobiPlan: Optimization Baselines for Replanning in Discrete and Mixed Discrete-Continuous Probabilistic Domains},
  author={Gimelfarb, Michael and Taitler, Ayal and Sanner, Scott},
  booktitle={Proceedings of the International Conference on Automated Planning and Scheduling},
  volume={34},
  pages={230--238},
  year={2024}
}

@article{khalil2017learning,
  title={Learning combinatorial optimization algorithms over graphs},
  author={Dai, Hanjun and Khalil, Elias and Zhang, Yuyu and Dilkina, Bistra and Song, Le},
  journal={Advances in neural information processing systems},
  volume={30},
  year={2017}
}

@article{loopedtransformers,
  title={Looped transformers for length generalization},
  author={Fan, Ying and Du, Yilun and Ramchandran, Kannan and Lee, Kangwook},
  journal={arXiv preprint arXiv:2409.15647},
  year={2024}
}

@article{petersen2021learning,
  title={Learning with algorithmic supervision via continuous relaxations},
  author={Petersen, Felix and Borgelt, Christian and Kuehne, Hilde and Deussen, Oliver},
  journal={Advances in Neural Information Processing Systems},
  volume={34},
  pages={16520--16531},
  year={2021}
}

@article{ptrnet,
  title={Pointer networks},
  author={Vinyals, Oriol and Fortunato, Meire and Jaitly, Navdeep},
  journal={Advances in neural information processing systems},
  volume={28},
  year={2015}
}

@article{recurrent-algo2022,
  title={End-to-end algorithm synthesis with recurrent networks: Extrapolation without overthinking},
  author={Bansal, Arpit and Schwarzschild, Avi and Borgnia, Eitan and Emam, Zeyad and Huang, Furong and Goldblum, Micah and Goldstein, Tom},
  journal={Advances in Neural Information Processing Systems},
  volume={35},
  pages={20232--20242},
  year={2022}
}

@ARTICLE{rltsp,
  author={Wu, Yaoxin and Song, Wen and Cao, Zhiguang and Zhang, Jie and Lim, Andrew},
  journal={IEEE Transactions on Neural Networks and Learning Systems}, 
  title={Learning Improvement Heuristics for Solving Routing Problems}, 
  year={2022},
  volume={33},
  number={9},
  pages={5057-5069},
  keywords={Routing;Heuristic algorithms;Vehicle routing;Traveling salesman problems;Training;Task analysis;Search problems;Heuristic algorithms;learning (artificial intelligence);mathematical programming;neural networks;vehicle routing},
  doi={10.1109/TNNLS.2021.3068828}}

@article{rrn,
  title={Recurrent relational networks},
  author={Palm, Rasmus and Paquet, Ulrich and Winther, Ole},
  journal={Advances in neural information processing systems},
  volume={31},
  year={2018}
}

@inproceedings{satnet,
  title={Satnet: Bridging deep learning and logical reasoning using a differentiable satisfiability solver},
  author={Wang, Po-Wei and Donti, Priya and Wilder, Bryan and Kolter, Zico},
  booktitle={International Conference on Machine Learning},
  pages={6545--6554},
  year={2019},
  organization={PMLR}
}

@inproceedings{takase2021lessons,
  title={Lessons on Parameter Sharing across Layers in Transformers},
  author={Takase, Sho and Kiyono, Shun},
  booktitle={Proceedings of The Fourth Workshop on Simple and Efficient Natural Language Processing (SustaiNLP)},
  pages={78--90},
  year={2023}
}

@article{tnorm,
  title={T-norms driven loss functions for machine learning},
  author={Giannini, Francesco and Diligenti, Michelangelo and Maggini, Marco and Gori, Marco and Marra, Giuseppe},
  journal={Applied Intelligence},
  volume={53},
  number={15},
  pages={18775--18789},
  year={2023},
  publisher={Springer}
}

@article{toenshoff2021graph,
  title={Graph neural networks for maximum constraint satisfaction},
  author={Toenshoff, Jan and Ritzert, Martin and Wolf, Hinrikus and Grohe, Martin},
  journal={Frontiers in artificial intelligence},
  volume={3},
  pages={580607},
  year={2021},
  publisher={Frontiers Media SA}
}

