@inproceedings{izacard2021leveraging,
  title={Leveraging Passage Retrieval with Generative Models for Open Domain Question Answering},
  author={Izacard, Gautier and Grave, {\'E}douard},
  booktitle={Proceedings of the 16th Conference of the European Chapter of the Association for Computational Linguistics: Main Volume},
  pages={874--880},
  year={2021}
}

@article{chu2025sft,
  title={Sft memorizes, rl generalizes: A comparative study of foundation model post-training},
  author={Chu, Tianzhe and Zhai, Yuexiang and Yang, Jihan and Tong, Shengbang and Xie, Saining and Schuurmans, Dale and Le, Quoc V and Levine, Sergey and Ma, Yi},
  journal={arXiv preprint arXiv:2501.17161},
  year={2025}
}

@article{lewis2020retrieval,
  title={Retrieval-augmented generation for knowledge-intensive nlp tasks},
  author={Lewis, Patrick and Perez, Ethan and Piktus, Aleksandra and Petroni, Fabio and Karpukhin, Vladimir and Goyal, Naman and K{\"u}ttler, Heinrich and Lewis, Mike and Yih, Wen-tau and Rockt{\"a}schel, Tim and others},
  journal={Advances in Neural Information Processing Systems},
  volume={33},
  pages={9459--9474},
  year={2020}
}

@inproceedings{
asai2024selfrag,
title={Self-{RAG}: Learning to Retrieve, Generate, and Critique through Self-Reflection},
author={Akari Asai and Zeqiu Wu and Yizhong Wang and Avirup Sil and Hannaneh Hajishirzi},
booktitle={The Twelfth International Conference on Learning Representations},
year={2024},
url={https://openreview.net/forum?id=hSyW5go0v8}
}

@article{xu2024simrag,
  title={Simrag: Self-improving retrieval-augmented generation for adapting large language models to specialized domains},
  author={Xu, Ran and Liu, Hui and Nag, Sreyashi and Dai, Zhenwei and Xie, Yaochen and Tang, Xianfeng and Luo, Chen and Li, Yang and Ho, Joyce C and Yang, Carl and He, Qi},
  journal={arXiv preprint arXiv:2410.17952},
  year={2024}
}

@inproceedings{ovadia-etal-2024-fine,
    title = "Fine-Tuning or Retrieval? Comparing Knowledge Injection in {LLM}s",
    author = "Ovadia, Oded  and
      Brief, Menachem  and
      Mishaeli, Moshik  and
      Elisha, Oren",
    editor = "Al-Onaizan, Yaser  and
      Bansal, Mohit  and
      Chen, Yun-Nung",
    booktitle = "Proceedings of the 2024 Conference on Empirical Methods in Natural Language Processing",
    month = nov,
    year = "2024",
    address = "Miami, Florida, USA",
    publisher = "Association for Computational Linguistics",
    url = "https://aclanthology.org/2024.emnlp-main.15/",
    doi = "10.18653/v1/2024.emnlp-main.15",
    pages = "237--250",

}

@inproceedings{vernikos2024small,
  title={Small Language Models Improve Giants by Rewriting Their Outputs},
  author={Vernikos, Giorgos and Bra{\v{z}}inskas, Arthur and Adamek, Jakub and Mallinson, Jonathan and Severyn, Aliaksei and Malmi, Eric},
  booktitle={Proceedings of the 18th Conference of the European Chapter of the Association for Computational Linguistics (Volume 1: Long Papers)},
  pages={2703--2718},
  year={2024}
}

@article{lu2024small,
  title={Small language models: Survey, measurements, and insights},
  author={Lu, Zhenyan and Li, Xiang and Cai, Dongqi and Yi, Rongjie and Liu, Fangming and Zhang, Xiwen and Lane, Nicholas D and Xu, Mengwei},
  journal={arXiv preprint arXiv:2409.15790},
  year={2024}
}

@article{zhou2024survey,
  title={A survey on efficient inference for large language models},
  author={Zhou, Zixuan and Ning, Xuefei and Hong, Ke and Fu, Tianyu and Xu, Jiaming and Li, Shiyao and Lou, Yuming and Wang, Luning and Yuan, Zhihang and Li, Xiuhong and others},
  journal={arXiv preprint arXiv:2404.14294},
  year={2024}
}


@article{dubey2024llama,
  title={The llama 3 herd of models},
  author={Dubey, Abhimanyu and Jauhri, Abhinav and Pandey, Abhinav and Kadian, Abhishek and Al-Dahle, Ahmad and Letman, Aiesha and Mathur, Akhil and Schelten, Alan and Yang, Amy and Fan, Angela and others},
  journal={arXiv preprint arXiv:2407.21783},
  year={2024}
}
@article{achiam2023gpt,
  title={Gpt-4 technical report},
  author={Achiam, Josh and Adler, Steven and Agarwal, Sandhini and Ahmad, Lama and Akkaya, Ilge and Aleman, Florencia Leoni and Almeida, Diogo and Altenschmidt, Janko and Altman, Sam and Anadkat, Shyamal and others},
  journal={arXiv preprint arXiv:2303.08774},
  year={2023}
}
@article{shao2021answering,
  title={Answering Open-Domain Multi-Answer Questions via a Recall-then-Verify Framework},
  author={Shao, Zhihong and Huang, Minlie},
  journal={arXiv preprint arXiv:2110.08544},
  year={2021}
}

@article{izacard2022atlas,
  title={Atlas: Few-shot learning with retrieval augmented language models},
  author={Izacard, Gautier and Lewis, Patrick and Lomeli, Maria and Hosseini, Lucas and Petroni, Fabio and Schick, Timo and Dwivedi-Yu, Jane and Joulin, Armand and Riedel, Sebastian and Grave, Edouard},
  journal={Journal of Machine Learning Research},
  volume={24},
  number={251},
  pages={1--43},
  year={2023}
}

@inproceedings{shi2023replug,
    title = "{REPLUG}: Retrieval-Augmented Black-Box Language Models",
    author = "Shi, Weijia  and
      Min, Sewon  and
      Yasunaga, Michihiro  and
      Seo, Minjoon  and
      James, Richard  and
      Lewis, Mike  and
      Zettlemoyer, Luke  and
      Yih, Wen-tau",
    editor = "Duh, Kevin  and
      Gomez, Helena  and
      Bethard, Steven",
    booktitle = "Proceedings of the 2024 Conference of the North American Chapter of the Association for Computational Linguistics: Human Language Technologies (Volume 1: Long Papers)",
    month = jun,
    year = "2024",
    address = "Mexico City, Mexico",
    publisher = "Association for Computational Linguistics",
    url = "https://aclanthology.org/2024.naacl-long.463/",
    doi = "10.18653/v1/2024.naacl-long.463",
    pages = "8371--8384",
}
@inproceedings{wang2023self,
  title={Self-Knowledge Guided Retrieval Augmentation for Large Language Models},
  author={Wang, Yile and Li, Peng and Sun, Maosong and Liu, Yang},
  booktitle={The 2023 Conference on Empirical Methods in Natural Language Processing},
  year={2023}
}
@article{li2023llatrieval,
  title={LLatrieval: LLM-Verified Retrieval for Verifiable Generation},
  author={Li, Xiaonan and Zhu, Changtai and Li, Linyang and Yin, Zhangyue and Sun, Tianxiang and Qiu, Xipeng},
  journal={arXiv preprint arXiv:2311.07838},
  year={2023}
}

@inproceedings{wang2024blendfilter,
    title = "{B}lend{F}ilter: Advancing Retrieval-Augmented Large Language Models via Query Generation Blending and Knowledge Filtering",
    author = "Wang, Haoyu  and
      Li, Ruirui  and
      Jiang, Haoming  and
      Tian, Jinjin  and
      Wang, Zhengyang  and
      Luo, Chen  and
      Tang, Xianfeng  and
      Cheng, Monica Xiao  and
      Zhao, Tuo  and
      Gao, Jing",
    editor = "Al-Onaizan, Yaser  and
      Bansal, Mohit  and
      Chen, Yun-Nung",
    booktitle = "Proceedings of the 2024 Conference on Empirical Methods in Natural Language Processing",
    month = nov,
    year = "2024",
    address = "Miami, Florida, USA",
    publisher = "Association for Computational Linguistics",
    url = "https://aclanthology.org/2024.emnlp-main.58/",
    doi = "10.18653/v1/2024.emnlp-main.58",
    pages = "1009--1025",
}

@article{wang2024astute,
  title={Astute rag: Overcoming imperfect retrieval augmentation and knowledge conflicts for large language models},
  author={Wang, Fei and Wan, Xingchen and Sun, Ruoxi and Chen, Jiefeng and Ar{\i}k, Sercan {\"O}},
  journal={arXiv preprint arXiv:2410.07176},
  year={2024}
}
@article{xiang2024certifiably,
  title={Certifiably Robust RAG against Retrieval Corruption},
  author={Xiang, Chong and Wu, Tong and Zhong, Zexuan and Wagner, David and Chen, Danqi and Mittal, Prateek},
  journal={arXiv preprint arXiv:2405.15556},
  year={2024}
}
@inproceedings{
wei2024instructrag,
title={Instruct{RAG}: Instructing Retrieval-Augmented Generation via Self-Synthesized Rationales},
author={Zhepei Wei and Wei-Lin Chen and Yu Meng},
booktitle={The Thirteenth International Conference on Learning Representations},
year={2025},
url={https://openreview.net/forum?id=P1qhkp8gQT}
}
@inproceedings{fang2024enhancing,
    title = "Enhancing Noise Robustness of Retrieval-Augmented Language Models with Adaptive Adversarial Training",
    author = "Fang, Feiteng  and
      Bai, Yuelin  and
      Ni, Shiwen  and
      Yang, Min  and
      Chen, Xiaojun  and
      Xu, Ruifeng",
    editor = "Ku, Lun-Wei  and
      Martins, Andre  and
      Srikumar, Vivek",
    booktitle = "Proceedings of the 62nd Annual Meeting of the Association for Computational Linguistics (Volume 1: Long Papers)",
    month = aug,
    year = "2024",
    address = "Bangkok, Thailand",
    publisher = "Association for Computational Linguistics",
    url = "https://aclanthology.org/2024.acl-long.540/",
    doi = "10.18653/v1/2024.acl-long.540",
    pages = "10028--10039",
}

@inproceedings{
yu2024rankrag,
title={Rank{RAG}: Unifying Context Ranking with Retrieval-Augmented Generation in {LLM}s},
author={Yue Yu and Wei Ping and Zihan Liu and Boxin Wang and Jiaxuan You and Chao Zhang and Mohammad Shoeybi and Bryan Catanzaro},
booktitle={The Thirty-eighth Annual Conference on Neural Information Processing Systems},
year={2024},
url={https://openreview.net/forum?id=S1fc92uemC}
}

@inproceedings{jeong2024adaptive,
  title={Adaptive-RAG: Learning to Adapt Retrieval-Augmented Large Language Models through Question Complexity},
  author={Jeong, Soyeong and Baek, Jinheon and Cho, Sukmin and Hwang, Sung Ju and Park, Jong C},
  booktitle={Proceedings of the 2024 Conference of the North American Chapter of the Association for Computational Linguistics: Human Language Technologies (Volume 1: Long Papers)},
  pages={7029--7043},
  year={2024}
}

@article{pan2024not,
  title={Not All Contexts Are Equal: Teaching LLMs Credibility-aware Generation},
  author={Pan, Ruotong and Cao, Boxi and Lin, Hongyu and Han, Xianpei and Zheng, Jia and Wang, Sirui and Cai, Xunliang and Sun, Le},
  journal={arXiv preprint arXiv:2404.06809},
  year={2024}
}
@inproceedings{yoranmaking,
  title={Making Retrieval-Augmented Language Models Robust to Irrelevant Context},
  author={Yoran, Ori and Wolfson, Tomer and Ram, Ori and Berant, Jonathan},
  booktitle={The Twelfth International Conference on Learning Representations},
  year={2024}
}
@inproceedings{yu2023chain,
    title = "Chain-of-Note: Enhancing Robustness in Retrieval-Augmented Language Models",
    author = "Yu, Wenhao  and
      Zhang, Hongming  and
      Pan, Xiaoman  and
      Cao, Peixin  and
      Ma, Kaixin  and
      Li, Jian  and
      Wang, Hongwei  and
      Yu, Dong",
    editor = "Al-Onaizan, Yaser  and
      Bansal, Mohit  and
      Chen, Yun-Nung",
    booktitle = "Proceedings of the 2024 Conference on Empirical Methods in Natural Language Processing",
    month = nov,
    year = "2024",
    address = "Miami, Florida, USA",
    publisher = "Association for Computational Linguistics",
    url = "https://aclanthology.org/2024.emnlp-main.813/",
    doi = "10.18653/v1/2024.emnlp-main.813",
    pages = "14672--14685",
}
@article{zhang2024knowpo,
  title={Knowpo: Knowledge-aware preference optimization for controllable knowledge selection in retrieval-augmented language models},
  author={Zhang, Ruizhe and Xu, Yongxin and Xiao, Yuzhen and Zhu, Runchuan and Jiang, Xinke and Chu, Xu and Zhao, Junfeng and Wang, Yasha},
  journal={arXiv preprint arXiv:2408.03297},
  year={2024}
}
@article{dong2024understand,
  title={Understand what llm needs: Dual preference alignment for retrieval-augmented generation},
  author={Dong, Guanting and Zhu, Yutao and Zhang, Chenghao and Wang, Zechen and Dou, Zhicheng and Wen, Ji-Rong},
  journal={arXiv preprint arXiv:2406.18676},
  year={2024}
}
@inproceedings{shao-etal-2023-enhancing,
    title = "Enhancing Retrieval-Augmented Large Language Models with Iterative Retrieval-Generation Synergy",
    author = "Shao, Zhihong  and
      Gong, Yeyun  and
      Shen, Yelong  and
      Huang, Minlie  and
      Duan, Nan  and
      Chen, Weizhu",
    booktitle = "Findings of the Association for Computational Linguistics: EMNLP 2023",
    month = dec,
    year = "2023",
    publisher = "Association for Computational Linguistics",
    doi = "10.18653/v1/2023.findings-emnlp.620",
    pages = "9248--9274",
}
@inproceedings{yang2018hotpotqa,
  title={HotpotQA: A Dataset for Diverse, Explainable Multi-hop Question Answering},
  author={Yang, Zhilin and Qi, Peng and Zhang, Saizheng and Bengio, Yoshua and Cohen, William and Salakhutdinov, Ruslan and Manning, Christopher D},
  booktitle={Proceedings of the 2018 Conference on Empirical Methods in Natural Language Processing},
  pages={2369--2380},
  year={2018}
}
@inproceedings{ho2020constructing,
  title={Constructing A Multi-hop QA Dataset for Comprehensive Evaluation of Reasoning Steps},
  author={Ho, Xanh and Nguyen, Anh-Khoa Duong and Sugawara, Saku and Aizawa, Akiko},
  booktitle={Proceedings of the 28th International Conference on Computational Linguistics},
  pages={6609--6625},
  year={2020}
}
@article{geva2021did,
  title={Did aristotle use a laptop? a question answering benchmark with implicit reasoning strategies},
  author={Geva, Mor and Khashabi, Daniel and Segal, Elad and Khot, Tushar and Roth, Dan and Berant, Jonathan},
  journal={Transactions of the Association for Computational Linguistics},
  volume={9},
  pages={346--361},
  year={2021},
  publisher={MIT Press One Rogers Street, Cambridge, MA 02142-1209, USA journals-info~…}
}
@article{wei2022chain,
  title={Chain-of-thought prompting elicits reasoning in large language models},
  author={Wei, Jason and Wang, Xuezhi and Schuurmans, Dale and Bosma, Maarten and Xia, Fei and Chi, Ed and Le, Quoc V and Zhou, Denny and others},
  journal={Advances in Neural Information Processing Systems},
  volume={35},
  pages={24824--24837},
  year={2022}
}
@inproceedings{yao2022react,
  title={ReAct: Synergizing Reasoning and Acting in Language Models},
  author={Yao, Shunyu and Zhao, Jeffrey and Yu, Dian and Du, Nan and Shafran, Izhak and Narasimhan, Karthik R and Cao, Yuan},
  booktitle={The Eleventh International Conference on Learning Representations},
  year={2022}
}
@inproceedings{press2022measuring,
    title = "Measuring and Narrowing the Compositionality Gap in Language Models",
    author = "Press, Ofir  and
      Zhang, Muru  and
      Min, Sewon  and
      Schmidt, Ludwig  and
      Smith, Noah  and
      Lewis, Mike",
    editor = "Bouamor, Houda  and
      Pino, Juan  and
      Bali, Kalika",
    booktitle = "Findings of the Association for Computational Linguistics: EMNLP 2023",
    month = dec,
    year = "2023",
    address = "Singapore",
    publisher = "Association for Computational Linguistics",
    url = "https://aclanthology.org/2023.findings-emnlp.378/",
    doi = "10.18653/v1/2023.findings-emnlp.378",
    pages = "5687--5711",
}
@inproceedings{park2024enhancing,
  title={Enhancing Robustness of Retrieval-Augmented Language Models with In-Context Learning},
  author={Park, SeongIl and Choi, Seungwoo and Kim, Nahyun and Lee, Jay-Yoon},
  booktitle={Proceedings of the 3rd Workshop on Knowledge Augmented Methods for NLP},
  pages={93--102},
  year={2024}
}
@article{chen2023universal,
  title={Universal self-consistency for large language model generation},
  author={Chen, Xinyun and Aksitov, Renat and Alon, Uri and Ren, Jie and Xiao, Kefan and Yin, Pengcheng and Prakash, Sushant and Sutton, Charles and Wang, Xuezhi and Zhou, Denny},
  journal={arXiv preprint arXiv:2311.17311},
  year={2023}
}
@misc{qwen2.5,
    title = {Qwen2.5: A Party of Foundation Models},
    url = {https://qwenlm.github.io/blog/qwen2.5/},
    author = {Qwen Team},
    month = {September},
    year = {2024}
}
@article{team2024gemma,
  title={Gemma 2: Improving open language models at a practical size},
  author={Team, Gemma and Riviere, Morgane and Pathak, Shreya and Sessa, Pier Giuseppe and Hardin, Cassidy and Bhupatiraju, Surya and Hussenot, L{\'e}onard and Mesnard, Thomas and Shahriari, Bobak and Ram{\'e}, Alexandre and others},
  journal={arXiv preprint arXiv:2408.00118},
  year={2024}
}
@inproceedings{santhanam2022colbertv2,
  title={ColBERTv2: Effective and Efficient Retrieval via Lightweight Late Interaction},
  author={Santhanam, Keshav and Khattab, Omar and Saad-Falcon, Jon and Potts, Christopher and Zaharia, Matei},
  booktitle={Proceedings of the 2022 Conference of the North American Chapter of the Association for Computational Linguistics: Human Language Technologies},
  pages={3715--3734},
  year={2022}
}
@article{khattab2023dspy,
  title={DSPy: Compiling Declarative Language Model Calls into Self-Improving Pipelines},
  author={Khattab, Omar and Singhvi, Arnav and Maheshwari, Paridhi and Zhang, Zhiyuan and Santhanam, Keshav and Vardhamanan, Sri and Haq, Saiful and Sharma, Ashutosh and Joshi, Thomas T. and Moazam, Hanna and Miller, Heather and Zaharia, Matei and Potts, Christopher},
  journal={arXiv preprint arXiv:2310.03714},
  year={2023}
}
@article{khattab2022demonstrate,
  title={Demonstrate-Search-Predict: Composing Retrieval and Language Models for Knowledge-Intensive {NLP}},
  author={Khattab, Omar and Santhanam, Keshav and Li, Xiang Lisa and Hall, David and Liang, Percy and Potts, Christopher and Zaharia, Matei},
  journal={arXiv preprint arXiv:2212.14024},
  year={2022}
}
@misc{vonwerra2022trl,
  author = {Leandro von Werra and Younes Belkada and Lewis Tunstall and Edward Beeching and Tristan Thrush and Nathan Lambert and Shengyi Huang and Kashif Rasul and Quentin Gallouédec},
  title = {TRL: Transformer Reinforcement Learning},
  year = {2020},
  publisher = {GitHub},
  journal = {GitHub repository},
  howpublished = {\url{https://github.com/huggingface/trl}}
}
@inproceedings{wolf-etal-2020-transformers,
    title = "Transformers: State-of-the-Art Natural Language Processing",
    author = "Thomas Wolf and Lysandre Debut and Victor Sanh and Julien Chaumond and Clement Delangue and Anthony Moi and Pierric Cistac and Tim Rault and Rémi Louf and Morgan Funtowicz and Joe Davison and Sam Shleifer and Patrick von Platen and Clara Ma and Yacine Jernite and Julien Plu and Canwen Xu and Teven Le Scao and Sylvain Gugger and Mariama Drame and Quentin Lhoest and Alexander M. Rush",
    booktitle = "Proceedings of the 2020 Conference on Empirical Methods in Natural Language Processing: System Demonstrations",
    month = oct,
    year = "2020",
    address = "Online",
    publisher = "Association for Computational Linguistics",
    url = "https://www.aclweb.org/anthology/2020.emnlp-demos.6",
    pages = "38--45"
}
@inproceedings{kwon2023efficient,
  title={Efficient Memory Management for Large Language Model Serving with PagedAttention},
  author={Woosuk Kwon and Zhuohan Li and Siyuan Zhuang and Ying Sheng and Lianmin Zheng and Cody Hao Yu and Joseph E. Gonzalez and Hao Zhang and Ion Stoica},
  booktitle={Proceedings of the ACM SIGOPS 29th Symposium on Operating Systems Principles},
  year={2023}
}

@misc{chen2024selfplayfinetuningconvertsweak,
      title={Self-Play Fine-Tuning Converts Weak Language Models to Strong Language Models}, 
      author={Zixiang Chen and Yihe Deng and Huizhuo Yuan and Kaixuan Ji and Quanquan Gu},
      year={2024},
      eprint={2401.01335},
      archivePrefix={arXiv},
      primaryClass={cs.LG},
      url={https://arxiv.org/abs/2401.01335}, 
}
@inproceedings{hong2024orpo,
  title={Orpo: Monolithic preference optimization without reference model},
  author={Hong, Jiwoo and Lee, Noah and Thorne, James},
  booktitle={Proceedings of the 2024 Conference on Empirical Methods in Natural Language Processing},
  pages={11170--11189},
  year={2024}
}
@article{ouyang2022training,
  title={Training language models to follow instructions with human feedback},
  author={Ouyang, Long and Wu, Jeffrey and Jiang, Xu and Almeida, Diogo and Wainwright, Carroll and Mishkin, Pamela and Zhang, Chong and Agarwal, Sandhini and Slama, Katarina and Ray, Alex and others},
  journal={Advances in neural information processing systems},
  volume={35},
  pages={27730--27744},
  year={2022}
}
@article{bai2022training,
  title={Training a helpful and harmless assistant with reinforcement learning from human feedback},
  author={Bai, Yuntao and Jones, Andy and Ndousse, Kamal and Askell, Amanda and Chen, Anna and DasSarma, Nova and Drain, Dawn and Fort, Stanislav and Ganguli, Deep and Henighan, Tom and others},
  journal={arXiv preprint arXiv:2204.05862},
  year={2022}
}
@misc{alpaca_eval,
  author = {Xuechen Li and Tianyi Zhang and Yann Dubois and Rohan Taori and Ishaan Gulrajani and Carlos Guestrin and Percy Liang and Tatsunori B. Hashimoto },
  title = {AlpacaEval: An Automatic Evaluator of Instruction-following Models},
  year = {2023},
  month = {5},
  publisher = {GitHub},
  journal = {GitHub repository},
  howpublished = {\url{https://github.com/tatsu-lab/alpaca_eval}}
}
@article{dubois2024length,
  title={Length-Controlled AlpacaEval: A Simple Way to Debias Automatic Evaluators},
  author={Dubois, Yann and Galambosi, Bal{\'a}zs and Liang, Percy and Hashimoto, Tatsunori B},
  journal={arXiv preprint arXiv:2404.04475},
  year={2024}
}
@misc{dubois2023alpacafarm,
  title={AlpacaFarm: A Simulation Framework for Methods that Learn from Human Feedback}, 
  author={Yann Dubois and Xuechen Li and Rohan Taori and Tianyi Zhang and Ishaan Gulrajani and Jimmy Ba and Carlos Guestrin and Percy Liang and Tatsunori B. Hashimoto},
  year={2023},
  eprint={2305.14387},
  archivePrefix={arXiv},
  primaryClass={cs.LG}
}
@misc{zheng2023judging,
      title={Judging LLM-as-a-judge with MT-Bench and Chatbot Arena}, 
      author={Lianmin Zheng and Wei-Lin Chiang and Ying Sheng and Siyuan Zhuang and Zhanghao Wu and Yonghao Zhuang and Zi Lin and Zhuohan Li and Dacheng Li and Eric. P Xing and Hao Zhang and Joseph E. Gonzalez and Ion Stoica},
      year={2023},
      eprint={2306.05685},
      archivePrefix={arXiv},
      primaryClass={cs.CL}
}
@article{liu2023statistical,
  title={Statistical rejection sampling improves preference optimization},
  author={Liu, Tianqi and Zhao, Yao and Joshi, Rishabh and Khalman, Misha and Saleh, Mohammad and Liu, Peter J and Liu, Jialu},
  journal={arXiv preprint arXiv:2309.06657},
  year={2023}
}
@article{guo2025deepseek,
  title={Deepseek-r1: Incentivizing reasoning capability in llms via reinforcement learning},
  author={Guo, Daya and Yang, Dejian and Zhang, Haowei and Song, Junxiao and Zhang, Ruoyu and Xu, Runxin and Zhu, Qihao and Ma, Shirong and Wang, Peiyi and Bi, Xiao and others},
  journal={arXiv preprint arXiv:2501.12948},
  year={2025}
}
@misc{geminiteam2024geminifamilyhighlycapable,
      title={Gemini: A Family of Highly Capable Multimodal Models}, 
      author={Google},
      year={2024},
      eprint={2312.11805},
      archivePrefix={arXiv},
      primaryClass={cs.CL},
      url={https://arxiv.org/abs/2312.11805}, 
}
@article{tian2020makes,
  title={What makes for good views for contrastive learning?},
  author={Tian, Yonglong and Sun, Chen and Poole, Ben and Krishnan, Dilip and Schmid, Cordelia and Isola, Phillip},
  journal={Advances in neural information processing systems},
  volume={33},
  pages={6827--6839},
  year={2020}
}
@article{wang2022contrastive,
  title={Contrastive learning with stronger augmentations},
  author={Wang, Xiao and Qi, Guo-Jun},
  journal={IEEE transactions on pattern analysis and machine intelligence},
  volume={45},
  number={5},
  pages={5549--5560},
  year={2022},
  publisher={IEEE}
}
@inproceedings{cui2021parametric,
  title={Parametric contrastive learning},
  author={Cui, Jiequan and Zhong, Zhisheng and Liu, Shu and Yu, Bei and Jia, Jiaya},
  booktitle={Proceedings of the IEEE/CVF international conference on computer vision},
  pages={715--724},
  year={2021}
}
@inproceedings{chen2020simple,
  title={A simple framework for contrastive learning of visual representations},
  author={Chen, Ting and Kornblith, Simon and Norouzi, Mohammad and Hinton, Geoffrey},
  booktitle={International conference on machine learning},
  pages={1597--1607},
  year={2020},
  organization={PMLR}
}
@article{li2020prototypical,
  title={Prototypical contrastive learning of unsupervised representations},
  author={Li, Junnan and Zhou, Pan and Xiong, Caiming and Hoi, Steven CH},
  journal={arXiv preprint arXiv:2005.04966},
  year={2020}
}
@inproceedings{huangtowards,
  title={Towards the Generalization of Contrastive Self-Supervised Learning},
  author={Huang, Weiran and Yi, Mingyang and Zhao, Xuyang and Jiang, Zihao},
  booktitle={The Eleventh International Conference on Learning Representations}
}
@article{fan2021does,
  title={When does contrastive learning preserve adversarial robustness from pretraining to finetuning?},
  author={Fan, Lijie and Liu, Sijia and Chen, Pin-Yu and Zhang, Gaoyuan and Gan, Chuang},
  journal={Advances in neural information processing systems},
  volume={34},
  pages={21480--21492},
  year={2021}
}
@inproceedings{robinsoncontrastive,
  title={Contrastive Learning with Hard Negative Samples},
  author={Robinson, Joshua David and Chuang, Ching-Yao and Sra, Suvrit and Jegelka, Stefanie},
  booktitle={International Conference on Learning Representations}
}
@article{pang2025iterative,
  title={Iterative reasoning preference optimization},
  author={Pang, Richard Yuanzhe and Yuan, Weizhe and He, He and Cho, Kyunghyun and Sukhbaatar, Sainbayar and Weston, Jason},
  journal={Advances in Neural Information Processing Systems},
  volume={37},
  pages={116617--116637},
  year={2025}
}
@article{xu2024contrastive,
  title={Contrastive preference optimization: Pushing the boundaries of llm performance in machine translation},
  author={Xu, Haoran and Sharaf, Amr and Chen, Yunmo and Tan, Weiting and Shen, Lingfeng and Van Durme, Benjamin and Murray, Kenton and Kim, Young Jin},
  journal={arXiv preprint arXiv:2401.08417},
  year={2024}
}
@article{meng2025simpo,
  title={Simpo: Simple preference optimization with a reference-free reward},
  author={Meng, Yu and Xia, Mengzhou and Chen, Danqi},
  journal={Advances in Neural Information Processing Systems},
  volume={37},
  pages={124198--124235},
  year={2025}
}
@inproceedings{charniak2005coarse,
  title={Coarse-to-fine n-best parsing and maxent discriminative reranking},
  author={Charniak, Eugene and Johnson, Mark},
  booktitle={Proceedings of the 43rd Annual Meeting of the Association for Computational Linguistics (ACL’05)},
  pages={173--180},
  year={2005}
}
@article{stiennon2020learning,
  title={Learning to summarize with human feedback},
  author={Stiennon, Nisan and Ouyang, Long and Wu, Jeffrey and Ziegler, Daniel and Lowe, Ryan and Voss, Chelsea and Radford, Alec and Amodei, Dario and Christiano, Paul F},
  journal={Advances in Neural Information Processing Systems},
  volume={33},
  pages={3008--3021},
  year={2020}
}
@inproceedings{yoran-etal-2023-answering,
    title={Answering questions by meta-reasoning over multiple chains of thought},
  author={Yoran, Ori and Wolfson, Tomer and Bogin, Ben and Katz, Uri and Deutch, Daniel and Berant, Jonathan},
  journal={arXiv preprint arXiv:2304.13007},
  year={2023}
}
