@article{dong2024understand,
  title={Understand what llm needs: Dual preference alignment for retrieval-augmented generation},
  author={Dong, Guanting and Zhu, Yutao and Zhang, Chenghao and Wang, Zechen and Dou, Zhicheng and Wen, Ji-Rong},
  journal={arXiv preprint arXiv:2406.18676},
  year={2024}
}

@inproceedings{fang2024enhancing,
    title = "Enhancing Noise Robustness of Retrieval-Augmented Language Models with Adaptive Adversarial Training",
    author = "Fang, Feiteng  and
      Bai, Yuelin  and
      Ni, Shiwen  and
      Yang, Min  and
      Chen, Xiaojun  and
      Xu, Ruifeng",
    editor = "Ku, Lun-Wei  and
      Martins, Andre  and
      Srikumar, Vivek",
    booktitle = "Proceedings of the 62nd Annual Meeting of the Association for Computational Linguistics (Volume 1: Long Papers)",
    month = aug,
    year = "2024",
    address = "Bangkok, Thailand",
    publisher = "Association for Computational Linguistics",
    url = "https://aclanthology.org/2024.acl-long.540/",
    doi = "10.18653/v1/2024.acl-long.540",
    pages = "10028--10039",
}

@inproceedings{jeong2024adaptive,
  title={Adaptive-RAG: Learning to Adapt Retrieval-Augmented Large Language Models through Question Complexity},
  author={Jeong, Soyeong and Baek, Jinheon and Cho, Sukmin and Hwang, Sung Ju and Park, Jong C},
  booktitle={Proceedings of the 2024 Conference of the North American Chapter of the Association for Computational Linguistics: Human Language Technologies (Volume 1: Long Papers)},
  pages={7029--7043},
  year={2024}
}

@article{li2023llatrieval,
  title={LLatrieval: LLM-Verified Retrieval for Verifiable Generation},
  author={Li, Xiaonan and Zhu, Changtai and Li, Linyang and Yin, Zhangyue and Sun, Tianxiang and Qiu, Xipeng},
  journal={arXiv preprint arXiv:2311.07838},
  year={2023}
}

@inproceedings{wang2023self,
  title={Self-Knowledge Guided Retrieval Augmentation for Large Language Models},
  author={Wang, Yile and Li, Peng and Sun, Maosong and Liu, Yang},
  booktitle={The 2023 Conference on Empirical Methods in Natural Language Processing},
  year={2023}
}

@article{wang2024astute,
  title={Astute rag: Overcoming imperfect retrieval augmentation and knowledge conflicts for large language models},
  author={Wang, Fei and Wan, Xingchen and Sun, Ruoxi and Chen, Jiefeng and Ar{\i}k, Sercan {\"O}},
  journal={arXiv preprint arXiv:2410.07176},
  year={2024}
}

@inproceedings{wang2024blendfilter,
    title = "{B}lend{F}ilter: Advancing Retrieval-Augmented Large Language Models via Query Generation Blending and Knowledge Filtering",
    author = "Wang, Haoyu  and
      Li, Ruirui  and
      Jiang, Haoming  and
      Tian, Jinjin  and
      Wang, Zhengyang  and
      Luo, Chen  and
      Tang, Xianfeng  and
      Cheng, Monica Xiao  and
      Zhao, Tuo  and
      Gao, Jing",
    editor = "Al-Onaizan, Yaser  and
      Bansal, Mohit  and
      Chen, Yun-Nung",
    booktitle = "Proceedings of the 2024 Conference on Empirical Methods in Natural Language Processing",
    month = nov,
    year = "2024",
    address = "Miami, Florida, USA",
    publisher = "Association for Computational Linguistics",
    url = "https://aclanthology.org/2024.emnlp-main.58/",
    doi = "10.18653/v1/2024.emnlp-main.58",
    pages = "1009--1025",
}

@article{xiang2024certifiably,
  title={Certifiably Robust RAG against Retrieval Corruption},
  author={Xiang, Chong and Wu, Tong and Zhong, Zexuan and Wagner, David and Chen, Danqi and Mittal, Prateek},
  journal={arXiv preprint arXiv:2405.15556},
  year={2024}
}

@inproceedings{yoranmaking,
  title={Making Retrieval-Augmented Language Models Robust to Irrelevant Context},
  author={Yoran, Ori and Wolfson, Tomer and Ram, Ori and Berant, Jonathan},
  booktitle={The Twelfth International Conference on Learning Representations},
  year={2024}
}

@inproceedings{yu2023chain,
    title = "Chain-of-Note: Enhancing Robustness in Retrieval-Augmented Language Models",
    author = "Yu, Wenhao  and
      Zhang, Hongming  and
      Pan, Xiaoman  and
      Cao, Peixin  and
      Ma, Kaixin  and
      Li, Jian  and
      Wang, Hongwei  and
      Yu, Dong",
    editor = "Al-Onaizan, Yaser  and
      Bansal, Mohit  and
      Chen, Yun-Nung",
    booktitle = "Proceedings of the 2024 Conference on Empirical Methods in Natural Language Processing",
    month = nov,
    year = "2024",
    address = "Miami, Florida, USA",
    publisher = "Association for Computational Linguistics",
    url = "https://aclanthology.org/2024.emnlp-main.813/",
    doi = "10.18653/v1/2024.emnlp-main.813",
    pages = "14672--14685",
}

@article{zhang2024knowpo,
  title={Knowpo: Knowledge-aware preference optimization for controllable knowledge selection in retrieval-augmented language models},
  author={Zhang, Ruizhe and Xu, Yongxin and Xiao, Yuzhen and Zhu, Runchuan and Jiang, Xinke and Chu, Xu and Zhao, Junfeng and Wang, Yasha},
  journal={arXiv preprint arXiv:2408.03297},
  year={2024}
}

