@ARTICLE{2DCNN,

  author={Chen, Yushi and Jiang, Hanlu and Li, Chunyang and Jia, Xiuping and Ghamisi, Pedram},

  journal={IEEE Trans. Geosci. Remote Sens}, 

  title={Deep Feature Extraction and Classification of Hyperspectral Images Based on Convolutional Neural Networks}, 

  year={2016},

  volume={54},

  number={10},

  pages={6232-6251},

  doi={10.1109/TGRS.2016.2584107}}

@ARTICLE{Audebert2019_TGRSM,
  author={Audebert, Nicolas and Le Saux, Bertrand and Lefevre, Sebastien},
  journal={IEEE Geoscience and Remote Sensing Magazine}, 
  title={Deep Learning for Classification of Hyperspectral Data: A Comparative Review}, 
  year={2019},
  volume={7},
  number={2},
  pages={159-173},
  doi={10.1109/MGRS.2019.2912563}}

@ARTICLE{Benediktsson2005_TGRS,
  author={Benediktsson, J.A. and Palmason, J.A. and Sveinsson, J.R.},
  journal={IEEE Trans. Geosci. Remote Sens}, 
  title={Classification of hyperspectral data from urban areas based on extended morphological profiles}, 
  year={2005},
  volume={43},
  number={3},
  pages={480-491},
  doi={10.1109/TGRS.2004.842478}}

@article{DDIM,
  author       = {Jiaming Song and
                  Chenlin Meng and
                  Stefano Ermon},
  title        = {Denoising Diffusion Implicit Models},
  journal      = {CoRR},
  volume       = {abs/2010.02502},
  year         = {2020},
  url          = {https://arxiv.org/abs/2010.02502},
  eprinttype    = {arXiv},
  eprint       = {2010.02502},
  timestamp    = {Mon, 12 Oct 2020 17:53:10 +0200},
  biburl       = {https://dblp.org/rec/journals/corr/abs-2010-02502.bib},
  bibsource    = {dblp computer science bibliography, https://dblp.org}
}

@article{DU2003_PR,
title = {Real-time constrained linear discriminant analysis to target detection and classification in hyperspectral imagery},
journal = {Pattern Recognition},
volume = {36},
number = {1},
pages = {1-12},
year = {2003},
issn = {0031-3203},
doi = {https://doi.org/10.1016/S0031-3203(02)00065-1},
author = {Qian Du and Hsuan Ren},
}

@ARTICLE{Du2017_TCYB,

  author={Du, Bo and Xiong, Wei and Wu, Jia and Zhang, Lefei and Zhang, Liangpei and Tao, Dacheng},

  journal={IEEE Transactions on Cybernetics}, 

  title={Stacked Convolutional Denoising Auto-Encoders for Feature Representation}, 

  year={2017},

  volume={47},

  number={4},

  pages={1017-1027},

  doi={10.1109/TCYB.2016.2536638}}

@ARTICLE{Fu2023_TGRS,

  author={Fu, Hang and Sun, Genyun and Zhang, Aizhu and Shao, Baojie and Ren, Jinchang and Jia, Xiuping},

  journal={IEEE Trans. Geosci. Remote Sens}, 

  title={Tensor Singular Spectrum Analysis for 3-D Feature Extraction in Hyperspectral Images}, 

  year={2023},

  volume={61},

  number={},

  pages={1-14},

  doi={10.1109/TGRS.2023.3272669}}

@article{Hamida3dCNN,

  author={Ben Hamida, Amina and Benoit, Alexandre and Lambert, Patrick and Ben Amar, Chokri},

  journal={IEEE Trans. Geosci. Remote Sens}, 

  title={3-D Deep Learning Approach for Remote Sensing Image Classification}, 

  year={2018},

  volume={56},

  number={8},

  pages={4420-4434},

  doi={10.1109/TGRS.2018.2818945}}

@article{Hangrl2020_TGRS, title={Classification of hyperspectral images via multitask generative adversarial networks}, author={Hang, Renlong and Zhou, Feng and Liu, Qingshan and Ghamisi, Pedram}, journal={IEEE Trans. Geosci. Remote Sens}, volume={59}, number={2}, pages={1424--1436}, year={2020}, publisher={IEEE}}

@ARTICLE{Hong2020_TGRS,
  author={Hong, Danfeng and Wu, Xin and Ghamisi, Pedram and Chanussot, Jocelyn and Yokoya, Naoto and Zhu, Xiao Xiang},
  journal={IEEE Trans. Geosci. Remote Sens}, 
  title={Invariant Attribute Profiles: A Spatial-Frequency Joint Feature Extractor for Hyperspectral Image Classification}, 
  year={2020},
  volume={58},
  number={6},
  pages={3791-3808},
  doi={10.1109/TGRS.2019.2957251}}

@ARTICLE{Hongdf2022_TGRS,
  author={Hong, Danfeng and Han, Zhu and Yao, Jing and Gao, Lianru and Zhang, Bing and Plaza, Antonio and Chanussot, Jocelyn},
  journal={IEEE Trans. Geosci. Remote Sens}, 
  title={SpectralFormer: Rethinking Hyperspectral Image Classification With Transformers}, 
  year={2022},
  volume={60},
  number={},
  pages={1-15},
  doi={10.1109/TGRS.2021.3130716}}

@ARTICLE{HybridSN,
  author={Roy, Swalpa Kumar and Krishna, Gopal and Dubey, Shiv Ram and Chaudhuri, Bidyut B.},
  journal={IEEE Geosci. Remote. Sens. Lett}, 
  title={HybridSN: Exploring 3-D–2-D CNN Feature Hierarchy for Hyperspectral Image Classification}, 
  year={2020},
  volume={17},
  number={2},
  pages={277-281},
  doi={10.1109/LGRS.2019.2918719}}

@ARTICLE{Ibañez2022_TGRS,
  author={Ibañez, Damian and Fernandez-Beltran, Ruben and Pla, Filiberto and Yokoya, Naoto},
  journal={IEEE Trans. Geosci. Remote Sens}, 
  title={Masked Auto-Encoding Spectral–Spatial Transformer for Hyperspectral Image Classification}, 
  year={2022},
  volume={60},
  number={},
  pages={1-14},
  doi={10.1109/TGRS.2022.3217892}}

@ARTICLE{Kemker2017_TGRS,

  author={Kemker, Ronald and Kanan, Christopher},

  journal={IEEE Trans. Geosci. Remote Sens}, 

  title={Self-Taught Feature Learning for Hyperspectral Image Classification}, 

  year={2017},

  volume={55},

  number={5},

  pages={2693-2705},

  doi={10.1109/TGRS.2017.2651639}}

@ARTICLE{Li2019_TGRS,
  author={Li, Shutao and Song, Weiwei and Fang, Leyuan and Chen, Yushi and Ghamisi, Pedram and Benediktsson, Jón Atli},
  journal={IEEE Trans. Geosci. Remote Sens}, 
  title={Deep Learning for Hyperspectral Image Classification: An Overview}, 
  year={2019},
  volume={57},
  number={9},
  pages={6690-6709},
  doi={10.1109/TGRS.2019.2907932}}

@INPROCEEDINGS{Liu2021_ICCV_Swin,
  author={Liu, Ze and Lin, Yutong and Cao, Yue and Hu, Han and Wei, Yixuan and Zhang, Zheng and Lin, Stephen and Guo, Baining},
  booktitle={2021 IEEE/CVF International Conference on Computer Vision (ICCV)}, 
  title={Swin Transformer: Hierarchical Vision Transformer using Shifted Windows}, 
  year={2021},
  volume={},
  number={},
  pages={9992-10002},
  doi={10.1109/ICCV48922.2021.00986}}

@InProceedings{Masci2011,
author="Masci, Jonathan
and Meier, Ueli
and Cire{\c{s}}an, Dan
and Schmidhuber, J{\"u}rgen",
editor="Honkela, Timo
and Duch, W{\l}odzis{\l}aw
and Girolami, Mark
and Kaski, Samuel",
title="Stacked Convolutional Auto-Encoders for Hierarchical Feature Extraction",
booktitle="Artificial Neural Networks and Machine Learning -- ICANN 2011",
year="2011",
publisher="Springer Berlin Heidelberg",
address="Berlin, Heidelberg",
pages="52--59",
}

@article{Perera2023SARDDPM,

  author={Perera, Malsha V. and Nair, Nithin Gopalakrishnan and Bandara, Wele Gedara Chaminda and Patel, Vishal M.},

  journal={IEEE Geosci. Remote. Sens. Lett}, 

  title={SAR Despeckling Using a Denoising Diffusion Probabilistic Model}, 

  year={2023},

  volume={20},

  number={},

  pages={1-5},

  doi={10.1109/LGRS.2023.3270799}}

@ARTICLE{Plaza2005_TGRS_EMPS,

  author={Plaza, A. and Martinez, P. and Plaza, J. and Perez, R.},

  journal={IEEE Trans. Geosci. Remote Sens}, 

  title={Dimensionality reduction and classification of hyperspectral image data using sequences of extended morphological transformations}, 

  year={2005},

  volume={43},

  number={3},

  pages={466-479},

  doi={10.1109/TGRS.2004.841417}}

@ARTICLE{Prasad2008_TGRS,
  author={Prasad, Saurabh and Bruce, Lori Mann},
  journal={IEEE Geosci. Remote. Sens. Lett}, 
  title={Limitations of Principal Components Analysis for Hyperspectral Target Recognition}, 
  year={2008},
  volume={5},
  number={4},
  pages={625-629},
  doi={10.1109/LGRS.2008.2001282}}

@ARTICLE{Rasti2020_MGRS,

  author={Rasti, Behnood and Hong, Danfeng and Hang, Renlong and Ghamisi, Pedram and Kang, Xudong and Chanussot, Jocelyn and Benediktsson, Jon Atli},

  journal={IEEE Geoscience and Remote Sensing Magazine}, 

  title={Feature Extraction for Hyperspectral Imagery: The Evolution From Shallow to Deep: Overview and Toolbox}, 

  year={2020},

  volume={8},

  number={4},

  pages={60-88},

  doi={10.1109/MGRS.2020.2979764}}

@ARTICLE{Roy2020_LGRS,
  author={Roy, Swalpa Kumar and Krishna, Gopal and Dubey, Shiv Ram and Chaudhuri, Bidyut B.},
  journal={IEEE Geosci. Remote. Sens. Lett}, 
  title={HybridSN: Exploring 3-D–2-D CNN Feature Hierarchy for Hyperspectral Image Classification}, 
  year={2020},
  volume={17},
  number={2},
  pages={277-281},
  doi={10.1109/LGRS.2019.2918719}}

@ARTICLE{SSFTT,

  author={Sun, Le and Zhao, Guangrui and Zheng, Yuhui and Wu, Zebin},

  journal={IEEE Trans. Geosci. Remote Sens}, 

  title={Spectral–Spatial Feature Tokenization Transformer for Hyperspectral Image Classification}, 

  year={2022},

  volume={60},

  number={},

  pages={1-14},

  doi={10.1109/TGRS.2022.3144158}}

@ARTICLE{SSRN,

  author={Zhong, Zilong and Li, Jonathan and Luo, Zhiming and Chapman, Michael},

  journal={IEEE Trans. Geosci. Remote Sens}, 

  title={Spectral–Spatial Residual Network for Hyperspectral Image Classification: A 3-D Deep Learning Framework}, 

  year={2018},

  volume={56},

  number={2},

  pages={847-858},

  doi={10.1109/TGRS.2017.2755542}}

@ARTICLE{SSTN,
  author={Zhong, Zilong and Li, Ying and Ma, Lingfei and Li, Jonathan and Zheng, Wei-Shi},
  journal={IEEE Trans. Geosci. Remote Sens}, 
  title={Spectral–Spatial Transformer Network for Hyperspectral Image Classification: A Factorized Architecture Search Framework}, 
  year={2022},
  volume={60},
  number={},
  pages={1-15},
  doi={10.1109/TGRS.2021.3115699}}

@ARTICLE{Sun2015_TGRS,
  author={Sun, Le and Wu, Zebin and Liu, Jianjun and Xiao, Liang and Wei, Zhihui},
  journal={IEEE Trans. Geosci. Remote Sens}, 
  title={Supervised Spectral–Spatial Hyperspectral Image Classification With Weighted Markov Random Fields}, 
  year={2015},
  volume={53},
  number={3},
  pages={1490-1503},
  doi={10.1109/TGRS.2014.2344442}}

@ARTICLE{Tang2021_TGRS,

  author={Tang, Xu and Meng, Fanbo and Zhang, Xiangrong and Cheung, Yiu-Ming and Ma, Jingjing and Liu, Fang and Jiao, Licheng},

  journal={IEEE Trans. Geosci. Remote Sens}, 

  title={Hyperspectral Image Classification Based on 3-D Octave Convolution With Spatial–Spectral Attention Network}, 

  year={2021},

  volume={59},

  number={3},

  pages={2430-2447},

  doi={10.1109/TGRS.2020.3005431}}

@ARTICLE{Tsai2013_TGRS,

  author={Tsai, Fuan and Lai, Jhe-Syuan},

  journal={IEEE Trans. Geosci. Remote Sens}, 

  title={Feature Extraction of Hyperspectral Image Cubes Using Three-Dimensional Gray-Level Cooccurrence}, 

  year={2013},

  volume={51},

  number={6},

  pages={3504-3513},

  doi={10.1109/TGRS.2012.2223704}}

@ARTICLE{Yuanzq2023_TGRS,

  author={Yuan, Zhiqiang and Hao, Chongyang and Zhou, Ruixue and Chen, Jialiang and Yu, Miao and Zhang, Wenkai and Wang, Hongqi and Sun, Xian},

  journal={IEEE Trans. Geosci. Remote Sens}, 

  title={Efficient and Controllable Remote Sensing Fake Sample Generation Based on Diffusion Model}, 

  year={2023},

  volume={},

  number={},

  pages={1-1},

  doi={10.1109/TGRS.2023.3268331}}

@ARTICLE{Zhan2018_LGRS,

  author={Zhan, Ying and Hu, Dan and Wang, Yuntao and Yu, Xianchuan},

  journal={IEEE Geosci. Remote. Sens. Lett}, 

  title={Semisupervised Hyperspectral Image Classification Based on Generative Adversarial Networks}, 

  year={2018},

  volume={15},

  number={2},

  pages={212-216},

  doi={10.1109/LGRS.2017.2780890}}

@ARTICLE{Zhangmy2019_TGRS,

  author={Zhang, Mingyang and Gong, Maoguo and Mao, Yishun and Li, Jun and Wu, Yue},

  journal={IEEE Trans. Geosci. Remote Sens}, 

  title={Unsupervised Feature Extraction in Hyperspectral Images Based on Wasserstein Generative Adversarial Network}, 

  year={2019},

  volume={57},

  number={5},

  pages={2669-2688},

  doi={10.1109/TGRS.2018.2876123}}

@INPROCEEDINGS{Zhong2017_IGRSS,

  author={Zhong, Zilong and Li, Jonathan and Ma, Lingfei and Jiang, Han and Zhao, He},

  booktitle={2017 IEEE International Geoscience and Remote Sensing Symposium (IGARSS)}, 

  title={Deep residual networks for hyperspectral image classification}, 

  year={2017},

  volume={},

  number={},

  pages={1824-1827},

  doi={10.1109/IGARSS.2017.8127330}}

@misc{bandara2022ddpmcd,
      title={DDPM-CD: Remote Sensing Change Detection using Denoising Diffusion Probabilistic Models}, 
      author={Wele Gedara Chaminda Bandara and Nithin Gopalakrishnan Nair and Vishal M. Patel},
      year={2022},
      eprint={2206.11892},
      archivePrefix={arXiv},
      primaryClass={cs.CV}
}

@ARTICLE{chen2023spectraldiff,
  author={Chen, Ning and Yue, Jun and Fang, Leyuan and Xia, Shaobo},
  journal={IEEE Trans. Geosci. Remote Sens}, 
  title={SpectralDiff: A Generative Framework for Hyperspectral Image Classification With Diffusion Models}, 
  year={2023},
  volume={61},
  number={},
  pages={1-16},
  doi={10.1109/TGRS.2023.3310023}}

@ARTICLE{chen_DBN2015_JSTARS,

  author={Chen, Yushi and Zhao, Xing and Jia, Xiuping},

  journal={IEEE J. Sel. Topics Appl. Earth Observ. Remote Sens}, 

  title={Spectral–Spatial Classification of Hyperspectral Data Based on Deep Belief Network}, 

  year={2015},

  volume={8},

  number={6},

  pages={2381-2392},

  doi={10.1109/JSTARS.2015.2388577}}

@article{ho2020DDPM,
  author       = {Jonathan Ho and
                  Ajay Jain and
                  Pieter Abbeel},
  title        = {Denoising Diffusion Probabilistic Models},
  journal      = {CoRR},
  volume       = {abs/2006.11239},
  year         = {2020},
  url          = {https://arxiv.org/abs/2006.11239},
  eprinttype    = {arXiv},
  eprint       = {2006.11239},
  timestamp    = {Tue, 23 Jun 2020 17:57:22 +0200},
  biburl       = {https://dblp.org/rec/journals/corr/abs-2006-11239.bib},
  bibsource    = {dblp computer science bibliography, https://dblp.org}
}

@inproceedings{park2022how,
  title={How Do Vision Transformers Work?},
  author={Namuk Park and Songkuk Kim},
  booktitle={International Conference on Learning Representations},
  year={2022}
}

@misc{yang2023learning,
      title={Learning a Diffusion Prior for NeRFs}, 
      author={Guandao Yang and Abhijit Kundu and Leonidas J. Guibas and Jonathan T. Barron and Ben Poole},
      year={2023},
      eprint={2304.14473},
      archivePrefix={arXiv},
      primaryClass={cs.CV}
}

@ARTICLE{zhou2023hyperspectral,
  author={Zhou, Jingyi and Sheng, Jiamu and Ye, Peng and Fan, Jiayuan and He, Tong and Wang, Bin and Chen, Tao},
  journal={IEEE Trans. Geosci. Remote Sens}, 
  title={Exploring Multi-Timestep Multi-Stage Diffusion Features for Hyperspectral Image Classification}, 
  year={2024},
  volume={62},
  number={},
  pages={1-16},
  keywords={Feature extraction;Semantics;Data mining;Representation learning;Task analysis;Noise reduction;Purification;Denoising diffusion probabilistic model (DDPM);feature purification;feature selection;hyperspectral image (HSI) classification;multi-timestep multi-stage features},
  doi={10.1109/TGRS.2024.3407206}}

