@article{Jascha2015,
  author       = {Jascha Sohl{-}Dickstein and
                  Eric A. Weiss and
                  Niru Maheswaranathan and
                  Surya Ganguli},
  title        = {Deep Unsupervised Learning using Nonequilibrium Thermodynamics},
  journal      = {CoRR},
  volume       = {abs/1503.03585},
  year         = {2015},
  url          = {http://arxiv.org/abs/1503.03585},
  eprinttype    = {arXiv},
  eprint       = {1503.03585},
  timestamp    = {Mon, 13 Aug 2018 16:47:30 +0200},
  biburl       = {https://dblp.org/rec/journals/corr/Sohl-DicksteinW15.bib},
  bibsource    = {dblp computer science bibliography, https://dblp.org}
}

@article{ho2020DDPM,
  author       = {Jonathan Ho and
                  Ajay Jain and
                  Pieter Abbeel},
  title        = {Denoising Diffusion Probabilistic Models},
  journal      = {CoRR},
  volume       = {abs/2006.11239},
  year         = {2020},
  url          = {https://arxiv.org/abs/2006.11239},
  eprinttype    = {arXiv},
  eprint       = {2006.11239},
  timestamp    = {Tue, 23 Jun 2020 17:57:22 +0200},
  biburl       = {https://dblp.org/rec/journals/corr/abs-2006-11239.bib},
  bibsource    = {dblp computer science bibliography, https://dblp.org}
}

@misc{bandara2022ddpmcd,
      title={DDPM-CD: Remote Sensing Change Detection using Denoising Diffusion Probabilistic Models}, 
      author={Wele Gedara Chaminda Bandara and Nithin Gopalakrishnan Nair and Vishal M. Patel},
      year={2022},
      eprint={2206.11892},
      archivePrefix={arXiv},
      primaryClass={cs.CV}
}

@ARTICLE{chen2023spectraldiff,
  author={Chen, Ning and Yue, Jun and Fang, Leyuan and Xia, Shaobo},
  journal={IEEE Trans. Geosci. Remote Sens}, 
  title={SpectralDiff: A Generative Framework for Hyperspectral Image Classification With Diffusion Models}, 
  year={2023},
  volume={61},
  number={},
  pages={1-16},
  doi={10.1109/TGRS.2023.3310023}}


@inproceedings{
chung2023diffusion,
title={Diffusion Posterior Sampling for General Noisy Inverse Problems},
author={Hyungjin Chung and Jeongsol Kim and Michael Thompson Mccann and Marc Louis Klasky and Jong Chul Ye},
booktitle={The Eleventh International Conference on Learning Representations},
year={2023},
}

@article{Perera2023SARDDPM,

  author={Perera, Malsha V. and Nair, Nithin Gopalakrishnan and Bandara, Wele Gedara Chaminda and Patel, Vishal M.},

  journal={IEEE Geosci. Remote. Sens. Lett}, 

  title={SAR Despeckling Using a Denoising Diffusion Probabilistic Model}, 

  year={2023},

  volume={20},

  number={},

  pages={1-5},

  doi={10.1109/LGRS.2023.3270799}}


@misc{cao2023ddrf,
      title={DDRF: Denoising Diffusion Model for Remote Sensing Image Fusion}, 
      author={ZiHan Cao and ShiQi Cao and Xiao Wu and JunMing Hou and Ran Ran and Liang-Jian Deng},
      year={2023},
      eprint={2304.04774},
      archivePrefix={arXiv},
      primaryClass={cs.CV}
}

@INPROCEEDINGS{ConvNeXt,

  author={Liu, Zhuang and Mao, Hanzi and Wu, Chao-Yuan and Feichtenhofer, Christoph and Darrell, Trevor and Xie, Saining},

  booktitle={2022 IEEE/CVF Conference on Computer Vision and Pattern Recognition (CVPR)}, 

  title={A ConvNet for the 2020s}, 

  year={2022},

  volume={},

  number={},

  pages={11966-11976},

  doi={10.1109/CVPR52688.2022.01167}}


@misc{wu2023medsegdiffv2,
      title={MedSegDiff-V2: Diffusion based Medical Image Segmentation with Transformer}, 
      author={Junde Wu and Rao Fu and Huihui Fang and Yu Zhang and Yanwu Xu},
      year={2023},
      eprint={2301.11798},
      archivePrefix={arXiv},
      primaryClass={eess.IV}
}


@inproceedings{
kim2023diffusion,
title={Diffusion Adversarial Representation Learning for Self-supervised Vessel Segmentation},
author={Boah Kim and Yujin Oh and Jong Chul Ye},
booktitle={The Eleventh International Conference on Learning Representations },
year={2023},
url={https://openreview.net/forum?id=H0gdPxSwkPb}
}

@misc{asiedu2022decoder,
      title={Decoder Denoising Pretraining for Semantic Segmentation}, 
      author={Emmanuel Brempong Asiedu and Simon Kornblith and Ting Chen and Niki Parmar and Matthias Minderer and Mohammad Norouzi},
      year={2022},
      eprint={2205.11423},
      archivePrefix={arXiv},
      primaryClass={cs.CV}
}

@ARTICLE{Li2023,

  author={Li, Xian and Ding, Mingli and Gu, Yanfeng and Pižurica, Aleksandra},

  journal={IIEEE Trans. Neural Networks Learn. Syst}, 

  title={An End-to-End Framework for Joint Denoising and Classification of Hyperspectral Images}, 

  year={2023},

  volume={},

  number={},

  pages={1-15},

  doi={10.1109/TNNLS.2023.3264587}}


@INPROCEEDINGS{Cipolla2018multitask,

  author={Cipolla, Roberto and Gal, Yarin and Kendall, Alex},

  booktitle={2018 IEEE/CVF Conference on Computer Vision and Pattern Recognition}, 

  title={Multi-task Learning Using Uncertainty to Weigh Losses for Scene Geometry and Semantics}, 

  year={2018},

  volume={},

  number={},

  pages={7482-7491},

  doi={10.1109/CVPR.2018.00781}}


@Article{1DCNN1,
author={Hu, Wei
and Huang, Yangyu
and Wei, Li
and Zhang, Fan
and Li, Hengchao},
title={Deep Convolutional Neural Networks for  Hyperspectral Image Classification},
journal={Journal of Sensors},
year={2015},
month={Jul},
day={30},
publisher={Hindawi Publishing Corporation},
volume={2015},
pages={258619},
issn={1687-725X},
doi={10.1155/2015/258619},
url={https://doi.org/10.1155/2015/258619}
}

@ARTICLE{2DCNN,

  author={Chen, Yushi and Jiang, Hanlu and Li, Chunyang and Jia, Xiuping and Ghamisi, Pedram},

  journal={IEEE Trans. Geosci. Remote Sens}, 

  title={Deep Feature Extraction and Classification of Hyperspectral Images Based on Convolutional Neural Networks}, 

  year={2016},

  volume={54},

  number={10},

  pages={6232-6251},

  doi={10.1109/TGRS.2016.2584107}}

  @article{Hamida3dCNN,

  author={Ben Hamida, Amina and Benoit, Alexandre and Lambert, Patrick and Ben Amar, Chokri},

  journal={IEEE Trans. Geosci. Remote Sens}, 

  title={3-D Deep Learning Approach for Remote Sensing Image Classification}, 

  year={2018},

  volume={56},

  number={8},

  pages={4420-4434},

  doi={10.1109/TGRS.2018.2818945}}

@ARTICLE{SSRN,

  author={Zhong, Zilong and Li, Jonathan and Luo, Zhiming and Chapman, Michael},

  journal={IEEE Trans. Geosci. Remote Sens}, 

  title={Spectral–Spatial Residual Network for Hyperspectral Image Classification: A 3-D Deep Learning Framework}, 

  year={2018},

  volume={56},

  number={2},

  pages={847-858},

  doi={10.1109/TGRS.2017.2755542}}


@ARTICLE{HybridSN,
  author={Roy, Swalpa Kumar and Krishna, Gopal and Dubey, Shiv Ram and Chaudhuri, Bidyut B.},
  journal={IEEE Geosci. Remote. Sens. Lett}, 
  title={HybridSN: Exploring 3-D–2-D CNN Feature Hierarchy for Hyperspectral Image Classification}, 
  year={2020},
  volume={17},
  number={2},
  pages={277-281},
  doi={10.1109/LGRS.2019.2918719}}

@ARTICLE{SSFTT,

  author={Sun, Le and Zhao, Guangrui and Zheng, Yuhui and Wu, Zebin},

  journal={IEEE Trans. Geosci. Remote Sens}, 

  title={Spectral–Spatial Feature Tokenization Transformer for Hyperspectral Image Classification}, 

  year={2022},

  volume={60},

  number={},

  pages={1-14},

  doi={10.1109/TGRS.2022.3144158}}


@ARTICLE{SSTN,
  author={Zhong, Zilong and Li, Ying and Ma, Lingfei and Li, Jonathan and Zheng, Wei-Shi},
  journal={IEEE Trans. Geosci. Remote Sens}, 
  title={Spectral–Spatial Transformer Network for Hyperspectral Image Classification: A Factorized Architecture Search Framework}, 
  year={2022},
  volume={60},
  number={},
  pages={1-15},
  doi={10.1109/TGRS.2021.3115699}}

@article{Hangrl2020_TGRS, title={Classification of hyperspectral images via multitask generative adversarial networks}, author={Hang, Renlong and Zhou, Feng and Liu, Qingshan and Ghamisi, Pedram}, journal={IEEE Trans. Geosci. Remote Sens}, volume={59}, number={2}, pages={1424--1436}, year={2020}, publisher={IEEE}}

@ARTICLE{Ghamisi2018_TGRSM,
  author={Ghamisi, Pedram and Maggiori, Emmanuel and Li, Shutao and Souza, Roberto and Tarablaka, Yuliya and Moser, Gabriele and De Giorgi, Andrea and Fang, Leyuan and Chen, Yushi and Chi, Mingmin and Serpico, Sebastiano B. and Benediktsson, Jón Atli},
  journal={IEEE Geoscience and Remote Sensing Magazine}, 
  title={New Frontiers in Spectral-Spatial Hyperspectral Image Classification: The Latest Advances Based on Mathematical Morphology, Markov Random Fields, Segmentation, Sparse Representation, and Deep Learning}, 
  year={2018},
  volume={6},
  number={3},
  pages={10-43},
  doi={10.1109/MGRS.2018.2854840}}

@ARTICLE{Li2019_TGRS,
  author={Li, Shutao and Song, Weiwei and Fang, Leyuan and Chen, Yushi and Ghamisi, Pedram and Benediktsson, Jón Atli},
  journal={IEEE Trans. Geosci. Remote Sens}, 
  title={Deep Learning for Hyperspectral Image Classification: An Overview}, 
  year={2019},
  volume={57},
  number={9},
  pages={6690-6709},
  doi={10.1109/TGRS.2019.2907932}}

@ARTICLE{Audebert2019_TGRSM,
  author={Audebert, Nicolas and Le Saux, Bertrand and Lefevre, Sebastien},
  journal={IEEE Geoscience and Remote Sensing Magazine}, 
  title={Deep Learning for Classification of Hyperspectral Data: A Comparative Review}, 
  year={2019},
  volume={7},
  number={2},
  pages={159-173},
  doi={10.1109/MGRS.2019.2912563}}
  
@ARTICLE{Fan2018,
  author={Fan, Jiayuan and Chen, Tao and Lu, Shijian},
  journal={IEEE Transactions on Circuits and Systems for Video Technology}, 
  title={Superpixel Guided Deep-Sparse-Representation Learning for Hyperspectral Image Classification}, 
  year={2018},
  volume={28},
  number={11},
  pages={3163-3173},
  doi={10.1109/TCSVT.2017.2746684}}

@ARTICLE{LiFan2018_TGRS,

  author={Li, Fan and Clausi, David A. and Xu, Linlin and Wong, Alexander},
  journal={IEEE Trans. Geosci. Remote Sens}, 
  title={ST-IRGS: A Region-Based Self-Training Algorithm Applied to Hyperspectral Image Classification and Segmentation}, 
  year={2018},
  volume={56},
  number={1},
  pages={3-16},
  doi={10.1109/TGRS.2017.2713123}}


@ARTICLE{Xi2022_TIP,

  author={Xi, Bobo and Li, Jiaojiao and Li, Yunsong and Song, Rui and Hong, Danfeng and Chanussot, Jocelyn},

  journal={IEEE Transactions on Image Processing}, 

  title={Few-Shot Learning With Class-Covariance Metric for Hyperspectral Image Classification}, 

  year={2022},

  volume={31},

  number={},

  pages={5079-5092},

  doi={10.1109/TIP.2022.3192712}}


@ARTICLE{Mei2022_TGRS,
  author={Mei, Shaohui and Song, Chao and Ma, Mingyang and Xu, Fulin},
  journal={IEEE Trans. Geosci. Remote Sens}, 
  title={Hyperspectral Image Classification Using Group-Aware Hierarchical Transformer}, 
  year={2022},
  volume={60},
  number={},
  pages={1-14},
  doi={10.1109/TGRS.2022.3207933}}

@ARTICLE{Lixian2023_TGRS,
  author={Li, Xian and Ding, Mingli and Gu, Yanfeng and Pižurica, Aleksandra},
  journal={IIEEE Trans. Neural Networks Learn. Syst}, 
  title={An End-to-End Framework for Joint Denoising and Classification of Hyperspectral Images}, 
  year={2023},
  volume={},
  number={},
  pages={1-15},
  doi={10.1109/TNNLS.2023.3264587}}


@ARTICLE{Senthilnath2013_JSTARS,
  author={Senthilnath, J. and Omkar, S. N. and Mani, V. and Karnwal, Nitin and P. B., Shreyas},
  journal={IEEE J. Sel. Topics Appl. Earth Observ. Remote Sens}, 
  title={Crop Stage Classification of Hyperspectral Data Using Unsupervised Techniques}, 
  year={2013},
  volume={6},
  number={2},
  pages={861-866},
  doi={10.1109/JSTARS.2012.2217941}}

@Article{Lu2020_RS,
AUTHOR = {Lu, Bing and Dao, Phuong D. and Liu, Jiangui and He, Yuhong and Shang, Jiali},
TITLE = {Recent Advances of Hyperspectral Imaging Technology and Applications in Agriculture},
JOURNAL = {Remote Sensing},
VOLUME = {12},
YEAR = {2020},
NUMBER = {16},
ARTICLE-NUMBER = {2659},
URL = {https://www.mdpi.com/2072-4292/12/16/2659},
ISSN = {2072-4292},
DOI = {10.3390/rs12162659}
}

@Article{Wang2021_AIR,
author={Wang, Chunying
and Liu, Baohua
and Liu, Lipeng
and Zhu, Yanjun
and Hou, Jialin
and Liu, Ping
and Li, Xiang},
title={A review of deep learning used in the hyperspectral image analysis for agriculture},
journal={Artificial Intelligence Review},
year={2021},
month={Oct},
day={01},
volume={54},
number={7},
pages={5205-5253},
issn={1573-7462},
doi={10.1007/s10462-021-10018-y},
url={https://doi.org/10.1007/s10462-021-10018-y}
}

@ARTICLE{Tong2014_JSTARS,
  author={Tong, Xiaohua and Xie, Huan and Weng, Qihao},
  journal={IEEE J. Sel. Topics Appl. Earth Observ. Remote Sens}, 
  title={Urban Land Cover Classification With Airborne Hyperspectral Data: What Features to Use?}, 
  year={2014},
  volume={7},
  number={10},
  pages={3998-4009},
  doi={10.1109/JSTARS.2013.2272212}}

@ARTICLE{Yang2017_TGRS,
  author={Yang, Xiguang and Yu, Ying},
  journal={IEEE Trans. Geosci. Remote Sens}, 
  title={Estimating Soil Salinity Under Various Moisture Conditions: An Experimental Study}, 
  year={2017},
  volume={55},
  number={5},
  pages={2525-2533},
  doi={10.1109/TGRS.2016.2646420}}

@ARTICLE{Murphy2014_TGRS,
  author={Murphy, Richard J. and Schneider, Sven and Monteiro, Sildomar T.},
  journal={IEEE Trans. Geosci. Remote Sens}, 
  title={Consistency of Measurements of Wavelength Position From Hyperspectral Imagery: Use of the Ferric Iron Crystal Field Absorption at  $\sim$900 nm as an Indicator of Mineralogy}, 
  year={2014},
  volume={52},
  number={5},
  pages={2843-2857},
  doi={10.1109/TGRS.2013.2266672}}

@ARTICLE{Kruse2003_TGRS,
  author={Kruse, F.A. and Boardman, J.W. and Huntington, J.F.},
  journal={IEEE Trans. Geosci. Remote Sens}, 
  title={Comparison of airborne hyperspectral data and EO-1 Hyperion for mineral mapping}, 
  year={2003},
  volume={41},
  number={6},
  pages={1388-1400},
  doi={10.1109/TGRS.2003.812908}}

@article{CharlotteA2011_IJRS,
author = {Charlotte A.   Bishop  and  Jian Guo   Liu  and  Philippa J.   Mason },
title = {Hyperspectral remote sensing for mineral exploration in Pulang, Yunnan Province, China},
journal = {International Journal of Remote Sensing},
volume = {32},
number = {9},
pages = {2409-2426},
year  = {2011},
publisher = {Taylor & Francis},
doi = {10.1080/01431161003698336},
URL = {https://doi.org/10.1080/01431161003698336},
eprint = {https://doi.org/10.1080/01431161003698336}
}


@ARTICLE{Khan2021_Access,
  author={Khan, Uzair and Paheding, Sidike and Elkin, Colin P. and Devabhaktuni, Vijaya Kumar},
  journal={IEEE Access}, 
  title={Trends in Deep Learning for Medical Hyperspectral Image Analysis}, 
  year={2021},
  volume={9},
  number={},
  pages={79534-79548},
  doi={10.1109/ACCESS.2021.3068392}}

@ARTICLE{Dremin2021_TMI,
  author={Dremin, Viktor and Marcinkevics, Zbignevs and Zherebtsov, Evgeny and Popov, Alexey and Grabovskis, Andris and Kronberga, Hedviga and Geldnere, Kristine and Doronin, Alexander and Meglinski, Igor and Bykov, Alexander},
  journal={IEEE Transactions on Medical Imaging}, 
  title={Skin Complications of Diabetes Mellitus Revealed by Polarized Hyperspectral Imaging and Machine Learning}, 
  year={2021},
  volume={40},
  number={4},
  pages={1207-1216},
  doi={10.1109/TMI.2021.3049591}}

@ARTICLE{Tuia2011_JSTSP,
  author={Tuia, Devis and Volpi, Michele and Copa, Loris and Kanevski, Mikhail and Munoz-Mari, Jordi},
  journal={IEEE Journal of Selected Topics in Signal Processing}, 
  title={A Survey of Active Learning Algorithms for Supervised Remote Sensing Image Classification}, 
  year={2011},
  volume={5},
  number={3},
  pages={606-617},
  doi={10.1109/JSTSP.2011.2139193}}

@ARTICLE{Yu2022_LGRS,
  author={Yu, Chunyan and Liu, Caiyu and Song, Meiping and Chang, Chein-I},
  journal={IEEE Geosci. Remote. Sens. Lett}, 
  title={Unsupervised Domain Adaptation With Content-Wise Alignment for Hyperspectral Imagery Classification}, 
  year={2022},
  volume={19},
  number={},
  pages={1-5},
  doi={10.1109/LGRS.2021.3126594}}

@ARTICLE{Bioucas2013_MGRS,
  author={Bioucas-Dias, Jose M. and Plaza, Antonio and Camps-Valls, Gustavo and Scheunders, Paul and Nasrabadi, Nasser and Chanussot, Jocelyn},
  journal={IEEE Geoscience and Remote Sensing Magazine}, 
  title={Hyperspectral Remote Sensing Data Analysis and Future Challenges}, 
  year={2013},
  volume={1},
  number={2},
  pages={6-36},
  doi={10.1109/MGRS.2013.2244672}}

@article{Zhong2021_GSIS,
author = {Yanfei Zhong and Xinyu Wang and Shaoyu Wang and Liangpei Zhang},
title = {Advances in spaceborne hyperspectral remote sensing in China},
journal = {Geo-spatial Information Science},
volume = {24},
number = {1},
pages = {95-120},
year  = {2021},
publisher = {Taylor & Francis},
doi = {10.1080/10095020.2020.1860653},
URL = {https://doi.org/10.1080/10095020.2020.1860653},
eprint = {https://doi.org/10.1080/10095020.2020.1860653}
}

@ARTICLE{Persello2014_TGRS,
  author={Persello, Claudio and Bruzzone, Lorenzo},
  journal={IEEE Trans. Geosci. Remote Sens}, 
  title={Active and Semisupervised Learning for the Classification of Remote Sensing Images}, 
  year={2014},
  volume={52},
  number={11},
  pages={6937-6956},
  doi={10.1109/TGRS.2014.2305805}}

@ARTICLE{Harsanyi1994_TGRS,
  author={Harsanyi, J.C. and Chang, C.-I.},
  journal={IEEE Trans. Geosci. Remote Sens}, 
  title={Hyperspectral image classification and dimensionality reduction: an orthogonal subspace projection approach}, 
  year={1994},
  volume={32},
  number={4},
  pages={779-785},
  doi={10.1109/36.298007}}

@ARTICLE{Prasad2008_TGRS,
  author={Prasad, Saurabh and Bruce, Lori Mann},
  journal={IEEE Geosci. Remote. Sens. Lett}, 
  title={Limitations of Principal Components Analysis for Hyperspectral Target Recognition}, 
  year={2008},
  volume={5},
  number={4},
  pages={625-629},
  doi={10.1109/LGRS.2008.2001282}}

@INPROCEEDINGS{Prasad2007IGARSS,
  author={Prasad, Saurabh and Bruce, Lori Mann},
  booktitle={2007 IEEE International Geoscience and Remote Sensing Symposium}, 
  title={Limitations of subspace LDA in hyperspectral target recognition applications}, 
  year={2007},
  volume={},
  number={},
  pages={4049-4052},
  doi={10.1109/IGARSS.2007.4423738}}

@article{DU2003_PR,
title = {Real-time constrained linear discriminant analysis to target detection and classification in hyperspectral imagery},
journal = {Pattern Recognition},
volume = {36},
number = {1},
pages = {1-12},
year = {2003},
issn = {0031-3203},
doi = {https://doi.org/10.1016/S0031-3203(02)00065-1},
author = {Qian Du and Hsuan Ren},
}

@ARTICLE{Renard2008_LGRS,
  author={Renard, Nadine and Bourennane, Salah and Blanc-Talon, Jacques},
  journal={IEEE Geosci. Remote. Sens. Lett}, 
  title={Denoising and Dimensionality Reduction Using Multilinear Tools for Hyperspectral Images}, 
  year={2008},
  volume={5},
  number={2},
  pages={138-142},
  doi={10.1109/LGRS.2008.915736}}

@ARTICLE{Lu2013_TGRS,
  author={Lu, Xiaoqiang and Wang, Yulong and Yuan, Yuan},
  journal={IEEE Trans. Geosci. Remote Sens}, 
  title={Graph-Regularized Low-Rank Representation for Destriping of Hyperspectral Images}, 
  year={2013},
  volume={51},
  number={7},
  pages={4009-4018},
  doi={10.1109/TGRS.2012.2226730}}

@INPROCEEDINGS{Elhamifar2009_CVPR,
  author={Elhamifar, Ehsan and Vidal, Rene},
  booktitle={2009 IEEE Conference on Computer Vision and Pattern Recognition}, 
  title={Sparse subspace clustering}, 
  year={2009},
  volume={},
  number={},
  pages={2790-2797},
  doi={10.1109/CVPR.2009.5206547}}

@ARTICLE{Ma2010_TGRS,
  author={Ma, Li and Crawford, Melba M. and Tian, Jinwen},
  journal={IEEE Trans. Geosci. Remote Sens}, 
  title={Local Manifold Learning-Based $k$ -Nearest-Neighbor for Hyperspectral Image Classification}, 
  year={2010},
  volume={48},
  number={11},
  pages={4099-4109},
  doi={10.1109/TGRS.2010.2055876}}


@ARTICLE{Camps2006_LGRS,
  author={Camps-Valls, G. and Gomez-Chova, L. and Munoz-Mari, J. and Vila-Frances, J. and Calpe-Maravilla, J.},
  journal={IEEE Geosci. Remote. Sens. Lett}, 
  title={Composite kernels for hyperspectral image classification}, 
  year={2006},
  volume={3},
  number={1},
  pages={93-97},
  doi={10.1109/LGRS.2005.857031}}

@ARTICLE{Benediktsson2005_TGRS,
  author={Benediktsson, J.A. and Palmason, J.A. and Sveinsson, J.R.},
  journal={IEEE Trans. Geosci. Remote Sens}, 
  title={Classification of hyperspectral data from urban areas based on extended morphological profiles}, 
  year={2005},
  volume={43},
  number={3},
  pages={480-491},
  doi={10.1109/TGRS.2004.842478}}

@ARTICLE{Hong2020_TGRS,
  author={Hong, Danfeng and Wu, Xin and Ghamisi, Pedram and Chanussot, Jocelyn and Yokoya, Naoto and Zhu, Xiao Xiang},
  journal={IEEE Trans. Geosci. Remote Sens}, 
  title={Invariant Attribute Profiles: A Spatial-Frequency Joint Feature Extractor for Hyperspectral Image Classification}, 
  year={2020},
  volume={58},
  number={6},
  pages={3791-3808},
  doi={10.1109/TGRS.2019.2957251}}

@ARTICLE{Fang2014_TGRS,
  author={Fang, Leyuan and Li, Shutao and Kang, Xudong and Benediktsson, Jón Atli},
  journal={IEEE Trans. Geosci. Remote Sens}, 
  title={Spectral–Spatial Hyperspectral Image Classification via Multiscale Adaptive Sparse Representation}, 
  year={2014},
  volume={52},
  number={12},
  pages={7738-7749},
  doi={10.1109/TGRS.2014.2318058}}

@ARTICLE{Kang2014_TGRS,
  author={Kang, Xudong and Li, Shutao and Benediktsson, Jon Atli},
  journal={IEEE Trans. Geosci. Remote Sens}, 
  title={Spectral–Spatial Hyperspectral Image Classification With Edge-Preserving Filtering}, 
  year={2014},
  volume={52},
  number={5},
  pages={2666-2677},
  doi={10.1109/TGRS.2013.2264508}}

@ARTICLE{Sun2015_TGRS,
  author={Sun, Le and Wu, Zebin and Liu, Jianjun and Xiao, Liang and Wei, Zhihui},
  journal={IEEE Trans. Geosci. Remote Sens}, 
  title={Supervised Spectral–Spatial Hyperspectral Image Classification With Weighted Markov Random Fields}, 
  year={2015},
  volume={53},
  number={3},
  pages={1490-1503},
  doi={10.1109/TGRS.2014.2344442}}

@ARTICLE{Yangxf2018_TGRS,
  author={Yang, Xiaofei and Ye, Yunming and Li, Xutao and Lau, Raymond Y. K. and Zhang, Xiaofeng and Huang, Xiaohui},
  journal={IEEE Trans. Geosci. Remote Sens}, 
  title={Hyperspectral Image Classification With Deep Learning Models}, 
  year={2018},
  volume={56},
  number={9},
  pages={5408-5423},
  doi={10.1109/TGRS.2018.2815613}}

@ARTICLE{Roy2020_LGRS,
  author={Roy, Swalpa Kumar and Krishna, Gopal and Dubey, Shiv Ram and Chaudhuri, Bidyut B.},
  journal={IEEE Geosci. Remote. Sens. Lett}, 
  title={HybridSN: Exploring 3-D–2-D CNN Feature Hierarchy for Hyperspectral Image Classification}, 
  year={2020},
  volume={17},
  number={2},
  pages={277-281},
  doi={10.1109/LGRS.2019.2918719}}

@ARTICLE{zhao2016_TGRS,
  author={Zhao, Wenzhi and Du, Shihong},
  journal={IEEE Trans. Geosci. Remote Sens}, 
  title={Spectral–Spatial Feature Extraction for Hyperspectral Image Classification: A Dimension Reduction and Deep Learning Approach}, 
  year={2016},
  volume={54},
  number={8},
  pages={4544-4554},
  doi={10.1109/TGRS.2016.2543748}}

@ARTICLE{Qin2019_LGRS,
  author={Qin, Anyong and Shang, Zhaowei and Tian, Jinyu and Wang, Yulong and Zhang, Taiping and Tang, Yuan Yan},
  journal={IEEE Geosci. Remote. Sens. Lett}, 
  title={Spectral–Spatial Graph Convolutional Networks for Semisupervised Hyperspectral Image Classification}, 
  year={2019},
  volume={16},
  number={2},
  pages={241-245},
  doi={10.1109/LGRS.2018.2869563}}

@ARTICLE{Ben2018_TGRS,
  author={Ben Hamida, Amina and Benoit, Alexandre and Lambert, Patrick and Ben Amar, Chokri},
  journal={IEEE Trans. Geosci. Remote Sens}, 
  title={3-D Deep Learning Approach for Remote Sensing Image Classification}, 
  year={2018},
  volume={56},
  number={8},
  pages={4420-4434},
  doi={10.1109/TGRS.2018.2818945}}

@ARTICLE{Zhong2018_TGRS,
  author={Zhong, Zilong and Li, Jonathan and Luo, Zhiming and Chapman, Michael},
  journal={IEEE Trans. Geosci. Remote Sens}, 
  title={Spectral–Spatial Residual Network for Hyperspectral Image Classification: A 3-D Deep Learning Framework}, 
  year={2018},
  volume={56},
  number={2},
  pages={847-858},
  doi={10.1109/TGRS.2017.2755542}}

@ARTICLE{He2019_TGRS,
  author={He, Xin and Chen, Yushi},
  journal={IEEE Geosci. Remote. Sens. Lett}, 
  title={Optimized Input for CNN-Based Hyperspectral Image Classification Using Spatial Transformer Network}, 
  year={2019},
  volume={16},
  number={12},
  pages={1884-1888},
  doi={10.1109/LGRS.2019.2911322}}
  
@ARTICLE{Hongdf2022_TGRS,
  author={Hong, Danfeng and Han, Zhu and Yao, Jing and Gao, Lianru and Zhang, Bing and Plaza, Antonio and Chanussot, Jocelyn},
  journal={IEEE Trans. Geosci. Remote Sens}, 
  title={SpectralFormer: Rethinking Hyperspectral Image Classification With Transformers}, 
  year={2022},
  volume={60},
  number={},
  pages={1-15},
  doi={10.1109/TGRS.2021.3130716}}

@ARTICLE{He2020_TGRS,
  author={He, Ji and Zhao, Lina and Yang, Hongwei and Zhang, Mengmeng and Li, Wei},
  journal={IEEE Trans. Geosci. Remote Sens}, 
  title={HSI-BERT: Hyperspectral Image Classification Using the Bidirectional Encoder Representation From Transformers}, 
  year={2020},
  volume={58},
  number={1},
  pages={165-178},
  doi={10.1109/TGRS.2019.2934760}}

@ARTICLE{Ibañez2022_TGRS,
  author={Ibañez, Damian and Fernandez-Beltran, Ruben and Pla, Filiberto and Yokoya, Naoto},
  journal={IEEE Trans. Geosci. Remote Sens}, 
  title={Masked Auto-Encoding Spectral–Spatial Transformer for Hyperspectral Image Classification}, 
  year={2022},
  volume={60},
  number={},
  pages={1-14},
  doi={10.1109/TGRS.2022.3217892}}

@ARTICLE{Hong2021GCN_TGRS,
author={Hong, Danfeng and Gao, Lianru and Yao, Jing and Zhang, Bing and Plaza, Antonio and Chanussot, Jocelyn},
journal={IEEE Trans. Geosci. Remote Sens},
title={Graph Convolutional Networks for Hyperspectral Image Classification},
year={2021},
volume={59},
number={7},
pages={5966-5978},
doi={10.1109/TGRS.2020.3015157}}


@ARTICLE{Paoletti2019_TGRS,
  author={Paoletti, Mercedes E. and Haut, Juan Mario and Fernandez-Beltran, Ruben and Plaza, Javier and Plaza, Antonio and Li, Jun and Pla, Filiberto},
  journal={IEEE Trans. Geosci. Remote Sens}, 
  title={Capsule Networks for Hyperspectral Image Classification}, 
  year={2019},
  volume={57},
  number={4},
  pages={2145-2160},
  doi={10.1109/TGRS.2018.2871782}}

@ARTICLE{Paoletti2022_TGRS,
  author={Paoletti, Mercedes E. and Moreno-Álvarez, Sergio and Haut, Juan M.},
  journal={IEEE Trans. Geosci. Remote Sens}, 
  title={Multiple Attention-Guided Capsule Networks for Hyperspectral Image Classification}, 
  year={2022},
  volume={60},
  number={},
  pages={1-20},
  doi={10.1109/TGRS.2021.3135506}}


@article{Li2022_NC,
title = {Multi-view learning for hyperspectral image classification: An overview},
journal = {Neurocomputing},
volume = {500},
pages = {499-517},
year = {2022},
issn = {0925-2312},
doi = {https://doi.org/10.1016/j.neucom.2022.05.093},
author = {Xuefei Li and Baodi Liu and Kai Zhang and Honglong Chen and Weijia Cao and Weifeng Liu and Dapeng Tao},
}

@INPROCEEDINGS{Patel2020_GARSS,
  author={Patel, Usha and Dave, Hardik and Patel, Vibha},
  booktitle={2020 IEEE India Geoscience and Remote Sensing Symposium (InGARSS)}, 
  title={Hyperspectral image classification using semi-supervised learning with label propagation}, 
  year={2020},
  volume={},
  number={},
  pages={205-208},
  doi={10.1109/InGARSS48198.2020.9358921}}

@ARTICLE{Li2022_TGRS,
  author={Li, Zhengying and Huang, Hong and Zhang, Zhen and Pan, Yinsong},
  journal={IEEE Trans. Geosci. Remote Sens}, 
  title={Manifold Learning-Based Semisupervised Neural Network for Hyperspectral Image Classification}, 
  year={2022},
  volume={60},
  number={},
  pages={1-12},
  doi={10.1109/TGRS.2021.3083776}}

@ARTICLE{Zhu2022_TGRS,
  author={Zhu, Mingzhen and Fan, Jiayuan and Yang, Qihang and Chen, Tao},
  journal={IEEE Trans. Geosci. Remote Sens}, 
  title={SC-EADNet: A Self-Supervised Contrastive Efficient Asymmetric Dilated Network for Hyperspectral Image Classification}, 
  year={2022},
  volume={60},
  number={},
  pages={1-17},
  doi={10.1109/TGRS.2021.3131152}}


@Article{Jamshidpour2020_RS,
AUTHOR = {Jamshidpour, Nasehe and Safari, Abdolreza and Homayouni, Saeid},
TITLE = {A GA-Based Multi-View, Multi-Learner Active Learning Framework for Hyperspectral Image Classification},
JOURNAL = {Remote Sensing},
VOLUME = {12},
YEAR = {2020},
NUMBER = {2},
ARTICLE-NUMBER = {297},
ISSN = {2072-4292},
DOI = {10.3390/rs12020297}
}

@ARTICLE{Rao2019_JSTARS,
  author={Rao, Mengbin and Tang, Ping and Zhang, Zheng},
  journal={IEEE J. Sel. Topics Appl. Earth Observ. Remote Sens}, 
  title={Spatial–Spectral Relation Network for Hyperspectral Image Classification With Limited Training Samples}, 
  year={2019},
  volume={12},
  number={12},
  pages={5086-5100},
  doi={10.1109/JSTARS.2019.2957047}}

@ARTICLE{Ifarraguerri2000_TGRS,

  author={Ifarraguerri, A. and Chein-I Chang},

  journal={IEEE Trans. Geosci. Remote Sens}, 

  title={Unsupervised hyperspectral image analysis with projection pursuit}, 

  year={2000},

  volume={38},

  number={6},

  pages={2529-2538},

  doi={10.1109/36.885200}}

@ARTICLE{cheys2015_JSTARS,

  author={Chen, Yushi and Zhao, Xing and Jia, Xiuping},

  journal={IEEE J. Sel. Topics Appl. Earth Observ. Remote Sens}, 

  title={Spectral–Spatial Classification of Hyperspectral Data Based on Deep Belief Network}, 

  year={2015},

  volume={8},

  number={6},

  pages={2381-2392},

  doi={10.1109/JSTARS.2015.2388577}}

@ARTICLE{Romero2016_TGRS,

  author={Romero, Adriana and Gatta, Carlo and Camps-Valls, Gustau},

  journal={IEEE Trans. Geosci. Remote Sens}, 

  title={Unsupervised Deep Feature Extraction for Remote Sensing Image Classification}, 

  year={2016},

  volume={54},

  number={3},

  pages={1349-1362},

  doi={10.1109/TGRS.2015.2478379}}


@ARTICLE{Sun2017_LGRS,

  author={Sun, Xin and Zhou, Fei and Dong, Junyu and Gao, Feng and Mu, Quanquan and Wang, Xinhua},

  journal={IEEE Geosci. Remote. Sens. Lett}, 

  title={Encoding Spectral and Spatial Context Information for Hyperspectral Image Classification}, 

  year={2017},

  volume={14},

  number={12},

  pages={2250-2254},

  doi={10.1109/LGRS.2017.2759168}}


@ARTICLE{Zhangxr2017_LGRS,

  author={Zhang, Xiangrong and Liang, Yanjie and Li, Chen and Huyan, Ning and Jiao, Licheng and Zhou, Huiyu},

  journal={IEEE Geosci. Remote. Sens. Lett}, 

  title={Recursive Autoencoders-Based Unsupervised Feature Learning for Hyperspectral Image Classification}, 

  year={2017},

  volume={14},

  number={11},

  pages={1928-1932},

  doi={10.1109/LGRS.2017.2737823}}


@ARTICLE{Liubing2021_TGRS,

  author={Liu, Bing and Yu, Anzhu and Yu, Xuchu and Wang, Ruirui and Gao, Kuiliang and Guo, Wenyue},

  journal={IEEE Trans. Geosci. Remote Sens}, 

  title={Deep Multiview Learning for Hyperspectral Image Classification}, 

  year={2021},

  volume={59},

  number={9},

  pages={7758-7772},

  doi={10.1109/TGRS.2020.3034133}}


@ARTICLE{Koda2020_LGRS,

  author={Koda, Satoru and Melgani, Farid and Nishii, Ryuei},

  journal={IEEE Geosci. Remote. Sens. Lett}, 

  title={Unsupervised Spectral–Spatial Feature Extraction With Generalized Autoencoder for Hyperspectral Imagery}, 

  year={2020},

  volume={17},

  number={3},

  pages={469-473},

  doi={10.1109/LGRS.2019.2921225}}

@INPROCEEDINGS{Mou2017_IGARSS,

  author={Mou, Lichao and Ghamisi, Pedram and Zhu, Xiao Xiang},

  booktitle={2017 IEEE International Geoscience and Remote Sensing Symposium (IGARSS)}, 

  title={Fully conv-deconv network for unsupervised spectral-spatial feature extraction of hyperspectral imagery via residual learning}, 

  year={2017},

  volume={},

  number={},

  pages={5181-5184},

  doi={10.1109/IGARSS.2017.8128169}}

@ARTICLE{Cai2022_LGRS,

  author={Cai, Yaoming and Zhang, Zijia and Cai, Zhihua and Liu, Xiaobo and Jiang, Xinwei},

  journal={IEEE Geosci. Remote. Sens. Lett}, 

  title={Hypergraph-Structured Autoencoder for Unsupervised and Semisupervised Classification of Hyperspectral Image}, 

  year={2022},

  volume={19},

  number={},

  pages={1-5},

  doi={10.1109/LGRS.2021.3054868}}

@ARTICLE{Liuzx2021_TGRS,

  author={Liu, Zixu and Ma, Li and Du, Qian},

  journal={IEEE Trans. Geosci. Remote Sens}, 

  title={Class-Wise Distribution Adaptation for Unsupervised Classification of Hyperspectral Remote Sensing Images}, 

  year={2021},

  volume={59},

  number={1},

  pages={508-521},

  doi={10.1109/TGRS.2020.2997863}}


@ARTICLE{Zhangmy2019_TGRS,

  author={Zhang, Mingyang and Gong, Maoguo and Mao, Yishun and Li, Jun and Wu, Yue},

  journal={IEEE Trans. Geosci. Remote Sens}, 

  title={Unsupervised Feature Extraction in Hyperspectral Images Based on Wasserstein Generative Adversarial Network}, 

  year={2019},

  volume={57},

  number={5},

  pages={2669-2688},

  doi={10.1109/TGRS.2018.2876123}}

@ARTICLE{Yuwb2022_TGRS,

  author={Yu, Wenbo and Zhang, Miao and He, Zhi and Shen, Yi},

  journal={IEEE Trans. Geosci. Remote Sens}, 

  title={Convolutional Two-Stream Generative Adversarial Network-Based Hyperspectral Feature Extraction}, 

  year={2022},

  volume={60},

  number={},

  pages={1-10},

  doi={10.1109/TGRS.2021.3073924}}


@ARTICLE{liub2021_TGRS,

  author={Liu, Bing and Yu, Anzhu and Yu, Xuchu and Wang, Ruirui and Gao, Kuiliang and Guo, Wenyue},

  journal={IEEE Trans. Geosci. Remote Sens}, 

  title={Deep Multiview Learning for Hyperspectral Image Classification}, 

  year={2021},

  volume={59},

  number={9},

  pages={7758-7772},

  doi={10.1109/TGRS.2020.3034133}}


@INPROCEEDINGS{Thanh-Tung2020_IJCNN,

  author={Thanh-Tung, Hoang and Tran, Truyen},

  booktitle={2020 International Joint Conference on Neural Networks (IJCNN)}, 

  title={Catastrophic forgetting and mode collapse in GANs}, 

  year={2020},

  volume={},

  number={},

  pages={1-10},

  doi={10.1109/IJCNN48605.2020.9207181}}


@ARTICLE{xuhl2022_TGRS,

  author={Xu, Huilin and He, Wei and Zhang, Liangpei and Zhang, Hongyan},

  journal={IEEE Trans. Geosci. Remote Sens}, 

  title={Unsupervised Spectral–Spatial Semantic Feature Learning for Hyperspectral Image Classification}, 

  year={2022},

  volume={60},

  number={},

  pages={1-14},

  doi={10.1109/TGRS.2022.3159789}}


@inproceedings{song2020improved,
  author    = {Yang Song and Stefano Ermon},
  editor    = {Hugo Larochelle and
               Marc'Aurelio Ranzato and
               Raia Hadsell and
               Maria{-}Florina Balcan and
               Hsuan{-}Tien Lin},
  title     = {Improved Techniques for Training Score-Based Generative Models},
  booktitle = {Advances in Neural Information Processing Systems 33: Annual Conference
               on Neural Information Processing Systems 2020, NeurIPS 2020, December
               6-12, 2020, virtual},
  year      = {2020}
}


@inproceedings{Dhariwal2021_NIPS,
 author = {Dhariwal, Prafulla and Nichol, Alexander},
 booktitle = {Advances in Neural Information Processing Systems},
 editor = {M. Ranzato and A. Beygelzimer and Y. Dauphin and P.S. Liang and J. Wortman Vaughan},
 pages = {8780--8794},
 publisher = {Curran Associates, Inc.},
 title = {Diffusion Models Beat GANs on Image Synthesis},
 volume = {34},
 year = {2021}
}

@INPROCEEDINGS{Rombach2022_CVPR,

  author={Rombach, Robin and Blattmann, Andreas and Lorenz, Dominik and Esser, Patrick and Ommer, Björn},

  booktitle={2022 IEEE/CVF Conference on Computer Vision and Pattern Recognition (CVPR)}, 

  title={High-Resolution Image Synthesis with Latent Diffusion Models}, 

  year={2022},

  volume={},

  number={},

  pages={10674-10685},

  doi={10.1109/CVPR52688.2022.01042}}

@inproceedings{liu2022compositional,
  title={Compositional visual generation with composable diffusion models},
  author={Liu, Nan and Li, Shuang and Du, Yilun and Torralba, Antonio and Tenenbaum, Joshua B},
  booktitle={Computer Vision--ECCV 2022: 17th European Conference, Tel Aviv, Israel, October 23--27, 2022, Proceedings, Part XVII},
  pages={423--439},
  year={2022},
  organization={Springer}
}

@ARTICLE{Yuanzq2023_TGRS,

  author={Yuan, Zhiqiang and Hao, Chongyang and Zhou, Ruixue and Chen, Jialiang and Yu, Miao and Zhang, Wenkai and Wang, Hongqi and Sun, Xian},

  journal={IEEE Trans. Geosci. Remote Sens}, 

  title={Efficient and Controllable Remote Sensing Fake Sample Generation Based on Diffusion Model}, 

  year={2023},

  volume={},

  number={},

  pages={1-1},

  doi={10.1109/TGRS.2023.3268331}}

@ARTICLE{Mengqy2023_TGRS,

  author={Meng, Qingyan and Shi, Wenxu and Li, Sijia and Zhang, Linlin},

  journal={IEEE Trans. Geosci. Remote Sens}, 

  title={PanDiff: A Novel Pansharpening Method Based on Denoising Diffusion Probabilistic Model}, 

  year={2023},

  volume={61},

  number={},

  pages={1-17},

  doi={10.1109/TGRS.2023.3279864}}


@ARTICLE{Chunghj2023_TMI,

  author={Chung, Hyungjin and Lee, Eun Sun and Ye, Jong Chul},

  journal={IEEE Transactions on Medical Imaging}, 

  title={MR Image Denoising and Super-Resolution Using Regularized Reverse Diffusion}, 

  year={2023},

  volume={42},

  number={4},

  pages={922-934},

  doi={10.1109/TMI.2022.3220681}}


@inproceedings{
      baranchuk2022labelefficient,
      title={Label-Efficient Semantic Segmentation with Diffusion Models},
      author={Dmitry Baranchuk and Andrey Voynov and Ivan Rubachev and Valentin Khrulkov and Artem Babenko},
      booktitle={International Conference on Learning Representations},
      year={2022},
      url={https://openreview.net/forum?id=SlxSY2UZQT}
}


@article{wu2023medsegdiff,
  title={MedSegDiff-V2: Diffusion based Medical Image Segmentation with Transformer},
  author={Wu, Junde and Fu, Rao and Fang, Huihui and Zhang, Yu and Xu, Yanwu},
  journal={arXiv preprint arXiv:2301.11798},
  year={2023}
}


@inproceedings{Graikos2022_NIPS,
 author = {Graikos, Alexandros and Malkin, Nikolay and Jojic, Nebojsa and Samaras, Dimitris},
 booktitle = {Advances in Neural Information Processing Systems},
 editor = {S. Koyejo and S. Mohamed and A. Agarwal and D. Belgrave and K. Cho and A. Oh},
 pages = {14715--14728},
 publisher = {Curran Associates, Inc.},
 title = {Diffusion Models as Plug-and-Play Priors},
 volume = {35},
 year = {2022}
}


@inproceedings{han2022card,
  title={CARD: Classification and Regression Diffusion Models},
  author={Han, Xizewen and Zheng, Huangjie and Zhou, Mingyuan},
  booktitle={Thirty-Sixth Conference on Neural Information Processing Systems},
  year={2022}
}

@article{yang2023diffmic,
  title={DiffMIC: Dual-Guidance Diffusion Network for Medical Image Classification},
  author={Yang, Yijun and Fu, Huazhu and Aviles-Rivero, Angelica and Sch{\"o}nlieb, Carola-Bibiane and Zhu, Lei},
  journal={arXiv preprint arXiv:2303.10610},
  year={2023}
}



@ARTICLE{zhou2023hyperspectral,
  author={Zhou, Jingyi and Sheng, Jiamu and Ye, Peng and Fan, Jiayuan and He, Tong and Wang, Bin and Chen, Tao},
  journal={IEEE Trans. Geosci. Remote Sens}, 
  title={Exploring Multi-Timestep Multi-Stage Diffusion Features for Hyperspectral Image Classification}, 
  year={2024},
  volume={62},
  number={},
  pages={1-16},
  keywords={Feature extraction;Semantics;Data mining;Representation learning;Task analysis;Noise reduction;Purification;Denoising diffusion probabilistic model (DDPM);feature purification;feature selection;hyperspectral image (HSI) classification;multi-timestep multi-stage features},
  doi={10.1109/TGRS.2024.3407206}}



@INPROCEEDINGS{Brempong2022_CVPRW,
  author={Brempong, Emmanuel Asiedu and Kornblith, Simon and Chen, Ting and Parmar, Niki and Minderer, Matthias and Norouzi, Mohammad},
  booktitle={2022 IEEE/CVF Conference on Computer Vision and Pattern Recognition Workshops (CVPRW)}, 
  title={Denoising Pretraining for Semantic Segmentation}, 
  year={2022},
  volume={},
  number={},
  pages={4174-4185},
  doi={10.1109/CVPRW56347.2022.00462}}


@ARTICLE{Melgani2004_TGRS,

  author={Melgani, F. and Bruzzone, L.},

  journal={IEEE Trans. Geosci. Remote Sens}, 

  title={Classification of hyperspectral remote sensing images with support vector machines}, 

  year={2004},

  volume={42},

  number={8},

  pages={1778-1790},

  doi={10.1109/TGRS.2004.831865}}


@ARTICLE{Xuzhoudata,

  author={Wang, Xue and Tan, Kun and Du, Qian and Chen, Yu and Du, Peijun},

  journal={IEEE Trans. Geosci. Remote Sens}, 

  title={Caps-TripleGAN: GAN-Assisted CapsNet for Hyperspectral Image Classification}, 

  year={2019},

  volume={57},

  number={9},

  pages={7232-7245},

  doi={10.1109/TGRS.2019.2912468}}


@ARTICLE{MUUFL1,

  author={P. Gader, A. Zare, R. Close, J. Aitken, G. Tuell},

  journal={University of Florida, Gainesville, FL, Tech. Rep}, 

  title={MUUFL Gulfport Hyperspectral and LiDAR Airborne Data Set}, 

  year={REP-2013-570, Oct. 2013}
}

@ARTICLE{MUUFL2,

  author={X. Du and A. Zare},

  journal={University of Florida, Gainesville, FL, Tech. Rep. 20170417}, 

  title={Technical Report: Scene Label Ground Truth Map for MUUFL Gulfport Data Set}, 

  year={2017}
}

@article{
science2000_LLE,
author = {Sam T. Roweis  and Lawrence K. Saul },
title = {Nonlinear Dimensionality Reduction by Locally Linear Embedding},
journal = {Science},
volume = {290},
number = {5500},
pages = {2323-2326},
year = {2000},
doi = {10.1126/science.290.5500.2323}}


@ARTICLE{Plaza2005_TGRS_EMPS,

  author={Plaza, A. and Martinez, P. and Plaza, J. and Perez, R.},

  journal={IEEE Trans. Geosci. Remote Sens}, 

  title={Dimensionality reduction and classification of hyperspectral image data using sequences of extended morphological transformations}, 

  year={2005},

  volume={43},

  number={3},

  pages={466-479},

  doi={10.1109/TGRS.2004.841417}}


@ARTICLE{Tsai2013_TGRS,

  author={Tsai, Fuan and Lai, Jhe-Syuan},

  journal={IEEE Trans. Geosci. Remote Sens}, 

  title={Feature Extraction of Hyperspectral Image Cubes Using Three-Dimensional Gray-Level Cooccurrence}, 

  year={2013},

  volume={51},

  number={6},

  pages={3504-3513},

  doi={10.1109/TGRS.2012.2223704}}

@ARTICLE{chen_DBN2015_JSTARS,

  author={Chen, Yushi and Zhao, Xing and Jia, Xiuping},

  journal={IEEE J. Sel. Topics Appl. Earth Observ. Remote Sens}, 

  title={Spectral–Spatial Classification of Hyperspectral Data Based on Deep Belief Network}, 

  year={2015},

  volume={8},

  number={6},

  pages={2381-2392},

  doi={10.1109/JSTARS.2015.2388577}}


@INPROCEEDINGS{Zhong2017_IGRSS,

  author={Zhong, Zilong and Li, Jonathan and Ma, Lingfei and Jiang, Han and Zhao, He},

  booktitle={2017 IEEE International Geoscience and Remote Sensing Symposium (IGARSS)}, 

  title={Deep residual networks for hyperspectral image classification}, 

  year={2017},

  volume={},

  number={},

  pages={1824-1827},

  doi={10.1109/IGARSS.2017.8127330}}

@INPROCEEDINGS{Chen2019_ICCV,

  author={Chen, Yunpeng and Fan, Haoqi and Xu, Bing and Yan, Zhicheng and Kalantidis, Yannis and Rohrbach, Marcus and Shuicheng, Yan and Feng, Jiashi},

  booktitle={2019 IEEE/CVF International Conference on Computer Vision (ICCV)}, 

  title={Drop an Octave: Reducing Spatial Redundancy in Convolutional Neural Networks With Octave Convolution}, 

  year={2019},

  volume={},

  number={},

  pages={3434-3443},

  doi={10.1109/ICCV.2019.00353}}


@ARTICLE{Tang2021_TGRS,

  author={Tang, Xu and Meng, Fanbo and Zhang, Xiangrong and Cheung, Yiu-Ming and Ma, Jingjing and Liu, Fang and Jiao, Licheng},

  journal={IEEE Trans. Geosci. Remote Sens}, 

  title={Hyperspectral Image Classification Based on 3-D Octave Convolution With Spatial–Spectral Attention Network}, 

  year={2021},

  volume={59},

  number={3},

  pages={2430-2447},

  doi={10.1109/TGRS.2020.3005431}}

@ARTICLE{Fu2023_TGRS,

  author={Fu, Hang and Sun, Genyun and Zhang, Aizhu and Shao, Baojie and Ren, Jinchang and Jia, Xiuping},

  journal={IEEE Trans. Geosci. Remote Sens}, 

  title={Tensor Singular Spectrum Analysis for 3-D Feature Extraction in Hyperspectral Images}, 

  year={2023},

  volume={61},

  number={},

  pages={1-14},

  doi={10.1109/TGRS.2023.3272669}}


@INPROCEEDINGS{Liu2021_ICCV_Swin,
  author={Liu, Ze and Lin, Yutong and Cao, Yue and Hu, Han and Wei, Yixuan and Zhang, Zheng and Lin, Stephen and Guo, Baining},
  booktitle={2021 IEEE/CVF International Conference on Computer Vision (ICCV)}, 
  title={Swin Transformer: Hierarchical Vision Transformer using Shifted Windows}, 
  year={2021},
  volume={},
  number={},
  pages={9992-10002},
  doi={10.1109/ICCV48922.2021.00986}}


@ARTICLE{Rasti2020_MGRS,

  author={Rasti, Behnood and Hong, Danfeng and Hang, Renlong and Ghamisi, Pedram and Kang, Xudong and Chanussot, Jocelyn and Benediktsson, Jon Atli},

  journal={IEEE Geoscience and Remote Sensing Magazine}, 

  title={Feature Extraction for Hyperspectral Imagery: The Evolution From Shallow to Deep: Overview and Toolbox}, 

  year={2020},

  volume={8},

  number={4},

  pages={60-88},

  doi={10.1109/MGRS.2020.2979764}}

@inproceedings{park2022how,
  title={How Do Vision Transformers Work?},
  author={Namuk Park and Songkuk Kim},
  booktitle={International Conference on Learning Representations},
  year={2022}
}

@ARTICLE{Kemker2017_TGRS,

  author={Kemker, Ronald and Kanan, Christopher},

  journal={IEEE Trans. Geosci. Remote Sens}, 

  title={Self-Taught Feature Learning for Hyperspectral Image Classification}, 

  year={2017},

  volume={55},

  number={5},

  pages={2693-2705},

  doi={10.1109/TGRS.2017.2651639}}


@InProceedings{Masci2011,
author="Masci, Jonathan
and Meier, Ueli
and Cire{\c{s}}an, Dan
and Schmidhuber, J{\"u}rgen",
editor="Honkela, Timo
and Duch, W{\l}odzis{\l}aw
and Girolami, Mark
and Kaski, Samuel",
title="Stacked Convolutional Auto-Encoders for Hierarchical Feature Extraction",
booktitle="Artificial Neural Networks and Machine Learning -- ICANN 2011",
year="2011",
publisher="Springer Berlin Heidelberg",
address="Berlin, Heidelberg",
pages="52--59",
}

@ARTICLE{Du2017_TCYB,

  author={Du, Bo and Xiong, Wei and Wu, Jia and Zhang, Lefei and Zhang, Liangpei and Tao, Dacheng},

  journal={IEEE Transactions on Cybernetics}, 

  title={Stacked Convolutional Denoising Auto-Encoders for Feature Representation}, 

  year={2017},

  volume={47},

  number={4},

  pages={1017-1027},

  doi={10.1109/TCYB.2016.2536638}}


@ARTICLE{Zhan2018_LGRS,

  author={Zhan, Ying and Hu, Dan and Wang, Yuntao and Yu, Xianchuan},

  journal={IEEE Geosci. Remote. Sens. Lett}, 

  title={Semisupervised Hyperspectral Image Classification Based on Generative Adversarial Networks}, 

  year={2018},

  volume={15},

  number={2},

  pages={212-216},

  doi={10.1109/LGRS.2017.2780890}}


@article{DDIM,
  author       = {Jiaming Song and
                  Chenlin Meng and
                  Stefano Ermon},
  title        = {Denoising Diffusion Implicit Models},
  journal      = {CoRR},
  volume       = {abs/2010.02502},
  year         = {2020},
  url          = {https://arxiv.org/abs/2010.02502},
  eprinttype    = {arXiv},
  eprint       = {2010.02502},
  timestamp    = {Mon, 12 Oct 2020 17:53:10 +0200},
  biburl       = {https://dblp.org/rec/journals/corr/abs-2010-02502.bib},
  bibsource    = {dblp computer science bibliography, https://dblp.org}
}

@misc{yang2023learning,
      title={Learning a Diffusion Prior for NeRFs}, 
      author={Guandao Yang and Abhijit Kundu and Leonidas J. Guibas and Jonathan T. Barron and Ben Poole},
      year={2023},
      eprint={2304.14473},
      archivePrefix={arXiv},
      primaryClass={cs.CV}
}


@ARTICLE{WangTGRS_2021,

  author={Wang, Junjie and Gao, Feng and Dong, Junyu and Du, Qian},

  journal={IEEE Trans. Geosci. Remote Sens}, 

  title={Adaptive DropBlock-Enhanced Generative Adversarial Networks for Hyperspectral Image Classification}, 

  year={2021},

  volume={59},

  number={6},

  pages={5040-5053},

  doi={10.1109/TGRS.2020.3015843}}


@ARTICLE{Huang2023_TGRS,

  author={Huang, Lingbo and Chen, Yushi and He, Xin},

  journal={IEEE Trans. Geosci. Remote Sens}, 

  title={Spectral–Spatial Masked Transformer With Supervised and Contrastive Learning for Hyperspectral Image Classification}, 

  year={2023},

  volume={61},

  number={},

  pages={1-18},

  doi={10.1109/TGRS.2023.3264235}}


@Article{rs14205199,
AUTHOR = {Li, Congyu and Li, Zhen and Liu, Xinxin and Li, Shutao},
TITLE = {The Influence of Image Degradation on Hyperspectral Image Classification},
JOURNAL = {Remote Sensing},
VOLUME = {14},
YEAR = {2022},
NUMBER = {20},
ARTICLE-NUMBER = {5199},
URL = {https://www.mdpi.com/2072-4292/14/20/5199},
ISSN = {2072-4292},
DOI = {10.3390/rs14205199}
}


@inproceedings{SimCLR,
author = {Chen, Ting and Kornblith, Simon and Norouzi, Mohammad and Hinton, Geoffrey},
title = {A Simple Framework for Contrastive Learning of Visual Representations},
year = {2020},
booktitle = {Proceedings of the 37th International Conference on Machine Learning},
articleno = {149},
numpages = {11},

}


@ARTICLE{SS-ConvNeXt,
  author={Zhu, Yimin and Yuan, Kexin and Zhong, Wenlong and Xu, Linlin},
  journal={IEEE J. Sel. Topics Appl. Earth Observ. Remote Sens}, 
  title={Spatial–Spectral ConvNeXt for Hyperspectral Image Classification}, 
  year={2023},
  volume={16},
  number={},
  pages={5453-5463},
  doi={10.1109/JSTARS.2023.3282975}}