@inproceedings{anderson2020rxr,
  title={Room-Across-Room: Multilingual Vision-and-Language Navigation with Dense Spatiotemporal Grounding},
  author={Ku, Alexander and Anderson, Peter and Patel, Roma and Ie, Eugene and Baldridge, Jason},
  booktitle={Proceedings of the Conference on Empirical Methods in Natural Language Processing},
  pages={4392--4412},
  year={2020}
}

@inproceedings{gu2022vision,
  title={Vision-and-Language Navigation: A Survey of Tasks, Methods, and Future Directions},
  author={Gu, Jing and Stefani, Eliana and Wu, Qi and Thomason, Jesse and Wang, Xin},
  booktitle={Proceedings of the Annual Meeting of the Association for Computational Linguistics},
  pages={7606--7623},
  year={2022}
}

@inproceedings{hao2020prevalent,
  title={Towards learning a generic agent for vision-and-language navigation via pre-training},
  author={Hao, Weituo and Li, Chunyuan and Li, Xiujun and Carin, Lawrence and Gao, Jianfeng},
  booktitle={Proceedings of the IEEE/CVF Conference on Computer Vision and Pattern Recognition},
  pages={13137--13146},
  year={2020}
}

@inproceedings{hong2022bridging,
  title={Bridging the Gap Between Learning in Discrete and Continuous Environments for Vision-and-Language Navigation},
  author={Hong, Yicong and Wang, Zun and Wu, Qi and Gould, Stephen},
  booktitle={Proceedings of the IEEE/CVF Conference on Computer Vision and Pattern Recognition},
  pages={15439--15449},
  year={2022}
}

@inproceedings{hong2023ego2map,
  title={Learning Navigational Visual Representations with Semantic Map Supervision}, 
  author={Hong, Yicong and Zhou, Yang and Zhang, Ruiyi and Dernoncourt, Franck and Bui, Trung and Gould, Stephen and Tan, Hao},
  booktitle={Proceedings of the IEEE/CVF International Conference on Computer Vision},
  pages={3055--3067},
  year={2023}
}

@inproceedings{krantz2020beyond,
  title={Beyond the nav-graph: Vision-and-language navigation in continuous environments},
  author={Krantz, Jacob and Wijmans, Erik and Majumdar, Arjun and Batra, Dhruv and Lee, Stefan},
  booktitle={European Conference on Computer Vision},
  pages={104--120},
  year={2020}
}

@inproceedings{krantz2021waypoint,
  title={Waypoint models for instruction-guided navigation in continuous environments},
  author={Krantz, Jacob and Gokaslan, Aaron and Batra, Dhruv and Lee, Stefan and Maksymets, Oleksandr},
  booktitle={Proceedings of the IEEE/CVF International Conference on Computer Vision},
  pages={15162--15171},
  year={2021}
}

@article{lin2024navcot,
  title={NavCoT: Boosting LLM-Based Vision-and-Language Navigation via Learning Disentangled Reasoning},
  author={Lin, Bingqian and Nie, Yunshuang and Wei, Ziming and Chen, Jiaqi and Ma, Shikui and Han, Jianhua and Xu, Hang and Chang, Xiaojun and Liang, Xiaodan},
  journal={arXiv preprint arXiv:2403.07376},
  year={2024}
}

@inproceedings{liu2024volumetric,
  title={Volumetric Environment Representation for Vision-Language Navigation},
  author={Liu, Rui and Wang, Wenguan and Yang, Yi},
  booktitle={Proceedings of the IEEE/CVF Conference on Computer Vision and Pattern Recognition},
  pages={16317--16328},
  year={2024}
}

@inproceedings{long2024discuss,
  title={Discuss before moving: Visual language navigation via multi-expert discussions},
  author={Long, Yuxing and Li, Xiaoqi and Cai, Wenzhe and Dong, Hao},
  booktitle={IEEE International Conference on Robotics and Automation},
  pages={17380--17387},
  year={2024}
}

@article{long2024instructnav,
  title={InstructNav: Zero-shot System for Generic Instruction Navigation in Unexplored Environment},
  author={Long, Yuxing and Cai, Wenzhe and Wang, Hongcheng and Zhan, Guanqi and Dong, Hao},
  journal={arXiv preprint arXiv:2406.04882},
  year={2024}
}

@article{park2023visual,
  title={Visual language navigation: A survey and open challenges},
  author={Park, Sang-Min and Kim, Young-Gab},
  journal={Artificial Intelligence Review},
  pages={365--427},
  year={2023}
}

@inproceedings{qi2020object,
  title={Object-and-action aware model for visual language navigation},
  author={Qi, Yuankai and Pan, Zizheng and Zhang, Shengping and Hengel, Anton van den and Wu, Qi},
  booktitle={European Conference on Computer Vision},
  pages={303--317},
  year={2020}
}

@inproceedings{savva2019habitat,
  title={Habitat: A platform for embodied ai research},
  author={Savva, Manolis and Kadian, Abhishek and Maksymets, Oleksandr and Zhao, Yili and Wijmans, Erik and Jain, Bhavana and Straub, Julian and Liu, Jia and Koltun, Vladlen and Malik, Jitendra and others},
  booktitle={Proceedings of the IEEE/CVF International Conference on Computer Vision},
  pages={9339--9347},
  year={2019}
}

@inproceedings{thomason2020cvdn,
  title={Vision-and-dialog navigation},
  author={Thomason, Jesse and Murray, Michael and Cakmak, Maya and Zettlemoyer, Luke},
  booktitle={Conference on Robot Learning},
  pages={394--406},
  year={2020}
}

@inproceedings{wang2023gridmm,
  title={Gridmm: Grid memory map for vision-and-language navigation},
  author={Wang, Zihan and Li, Xiangyang and Yang, Jiahao and Liu, Yeqi and Jiang, Shuqiang},
  booktitle={Proceedings of the IEEE/CVF International Conference on Computer Vision},
  pages={15625--15636},
  year={2023}
}

@article{wei2022chain,
  title={Chain-of-thought prompting elicits reasoning in large language models},
  author={Wei, Jason and Wang, Xuezhi and Schuurmans, Dale and Bosma, Maarten and Xia, Fei and Chi, Ed and Le, Quoc V and Zhou, Denny and others},
  journal={Advances in Neural Information Processing Systems},
  pages={24824--24837},
  year={2022}
}

@inproceedings{wu2022cross,
  title={Cross-modal Semantic Alignment Pre-training for Vision-and-Language Navigation},
  author={Wu, Siying and Fu, Xueyang and Wu, Feng and Zha, Zheng-Jun},
  booktitle={Proceedings of the ACM International Conference on Multimedia},
  pages={4233--4241},
  year={2022}
}

@article{wu2024voronav,
  title={Voronav: Voronoi-based zero-shot object navigation with large language model},
  author={Wu, Pengying and Mu, Yao and Wu, Bingxian and Hou, Yi and Ma, Ji and Zhang, Shanghang and Liu, Chang},
  journal={arXiv preprint arXiv:2401.02695},
  year={2024}
}

@inproceedings{yokoyama2024vlfm,
  title={Vlfm: Vision-language frontier maps for zero-shot semantic navigation},
  author={Yokoyama, Naoki and Ha, Sehoon and Batra, Dhruv and Wang, Jiuguang and Bucher, Bernadette},
  booktitle={IEEE International Conference on Robotics and Automation},
  pages={42--48},
  year={2024}
}

@inproceedings{yu2023l3mvn,
  title={L3mvn: Leveraging large language models for visual target navigation},
  author={Yu, Bangguo and Kasaei, Hamidreza and Cao, Ming},
  booktitle={IEEE/RSJ International Conference on Intelligent Robots and Systems},
  pages={3554--3560},
  year={2023}
}

@article{zhan2024mc,
  title={MC-GPT: Empowering Vision-and-Language Navigation with Memory Map and Reasoning Chains},
  author={Zhan, Zhaohuan and Yu, Lisha and Yu, Sijie and Tan, Guang},
  journal={arXiv preprint arXiv:2405.10620},
  year={2024}
}

@article{zhang2024multi,
  title={Multi-Floor Zero-Shot Object Navigation Policy},
  author={Zhang, Lingfeng and Wang, Hao and Xiao, Erjia and Zhang, Xinyao and Zhang, Qiang and Jiang, Zixuan and Xu, Renjing},
  journal={arXiv preprint arXiv:2409.10906},
  year={2024}
}

@inproceedings{zhang2024navid,
  title={Navid: Video-based vlm plans the next step for vision-and-language navigation},
  author={Zhang, Jiazhao and Wang, Kunyu and Xu, Rongtao and Zhou, Gengze and Hong, Yicong and Fang, Xiaomeng and Wu, Qi and Zhang, Zhizheng and Wang, He},
  booktitle = {Proceedings of Robotics: Science and Systems},
  year={2024}
}

@article{zhang2024trihelper,
  title={TriHelper: Zero-Shot Object Navigation with Dynamic Assistance},
  author={Zhang, Lingfeng and Zhang, Qiang and Wang, Hao and Xiao, Erjia and Jiang, Zixuan and Chen, Honglei and Xu, Renjing},
  journal={arXiv preprint arXiv:2403.15223},
  year={2024}
}

@inproceedings{zheng2024towards,
  title={Towards learning a generalist model for embodied navigation},
  author={Zheng, Duo and Huang, Shijia and Zhao, Lin and Zhong, Yiwu and Wang, Liwei},
  booktitle={Proceedings of the IEEE/CVF Conference on Computer Vision and Pattern Recognition},
  pages={13624--13634},
  year={2024}
}

@inproceedings{zhou2024navgpt,
  title={Navgpt: Explicit reasoning in vision-and-language navigation with large language models},
  author={Zhou, Gengze and Hong, Yicong and Wu, Qi},
  booktitle={Proceedings of the AAAI Conference on Artificial Intelligence},
  pages={7641--7649},
  year={2024}
}

