@inproceedings{langley00,
 author    = {P. Langley},
 title     = {Crafting Papers on Machine Learning},
 year      = {2000},
 pages     = {1207--1216},
 editor    = {Pat Langley},
 booktitle     = {Proceedings of the 17th International Conference
              on Machine Learning (ICML 2000)},
 address   = {Stanford, CA},
 publisher = {Morgan Kaufmann}
}

@TechReport{mitchell80,
  author = 	 "T. M. Mitchell",
  title = 	 "The Need for Biases in Learning Generalizations",
  institution =  "Computer Science Department, Rutgers University",
  year = 	 "1980",
  address =	 "New Brunswick, MA",
}

@phdthesis{kearns89,
  author = {M. J. Kearns},
  title =  {Computational Complexity of Machine Learning},
  school = {Department of Computer Science, Harvard University},
  year =   {1989}
}

@Book{MachineLearningI,
  editor = 	 "R. S. Michalski and J. G. Carbonell and T.
		  M. Mitchell",
  title = 	 "Machine Learning: An Artificial Intelligence
		  Approach, Vol. I",
  publisher = 	 "Tioga",
  year = 	 "1983",
  address =	 "Palo Alto, CA"
}

@Book{DudaHart2nd,
  author =       "R. O. Duda and P. E. Hart and D. G. Stork",
  title =        "Pattern Classification",
  publisher =    "John Wiley and Sons",
  edition =      "2nd",
  year =         "2000"
}

@misc{anonymous,
  title= {Suppressed for Anonymity},
  author= {Author, N. N.},
  year= {2021}
}

@InCollection{Newell81,
  author =       "A. Newell and P. S. Rosenbloom",
  title =        "Mechanisms of Skill Acquisition and the Law of
                  Practice", 
  booktitle =    "Cognitive Skills and Their Acquisition",
  pages =        "1--51",
  publisher =    "Lawrence Erlbaum Associates, Inc.",
  year =         "1981",
  editor =       "J. R. Anderson",
  chapter =      "1",
  address =      "Hillsdale, NJ"
}


@Article{Samuel59,
  author = 	 "A. L. Samuel",
  title = 	 "Some Studies in Machine Learning Using the Game of
		  Checkers",
  journal =	 "IBM Journal of Research and Development",
  year =	 "1959",
  volume =	 "3",
  number =	 "3",
  pages =	 "211--229"
}

% Use this file for citations not found in the ACL Anthology (contained in "anthology.bib").

@book{Aho:72,
    author  = {Alfred V. Aho and Jeffrey D. Ullman},
    title   = {The Theory of Parsing, Translation and Compiling},
    year    = "1972",
    volume  = "1",
    publisher = {Prentice-Hall},
    address = {Englewood Cliffs, NJ}
}

@book{APA:83,
    author  = {{American Psychological Association}},
    title   = {Publications Manual},
    year    = "1983",
    publisher = {American Psychological Association},
    address = {Washington, DC}
}

@article{Chandra:81,
	author = {Ashok K. Chandra and Dexter C. Kozen and Larry J. Stockmeyer},
	year = "1981",
	title = {Alternation},
	journal = {Journal of the Association for Computing Machinery},
	volume = "28",
	number = "1",
	pages = "114--133",
	doi = "10.1145/322234.322243",
}

@inproceedings{andrew2007scalable,
  title={Scalable training of {$L_1$}-regularized log-linear models},
  author={Andrew, Galen and Gao, Jianfeng},
  booktitle={Proceedings of the 24th International Conference on Machine Learning},
  pages={33--40},
  year={2007},
  url={https://dl.acm.org/doi/abs/10.1145/1273496.1273501}
}

@book{Gusfield:97,
    author  = {Dan Gusfield},
    title   = {Algorithms on Strings, Trees and Sequences},
    year    = "1997",
    publisher = {Cambridge University Press},
    address = {Cambridge, UK},
    url={https://www.cambridge.org/core/books/algorithms-on-strings-trees-and-sequences/F0B095049C7E6EF5356F0A26686C20D3}
}

@article{rasooli-tetrault-2015,
    author    = {Mohammad Sadegh Rasooli and Joel R. Tetreault},
    title     = {Yara Parser: {A} Fast and Accurate Dependency Parser},
    journal   = {Computing Research Repository},
    volume    = {arXiv:1503.06733},
    year      = {2015},
    url       = {http://arxiv.org/abs/1503.06733},
    note    = {version 2}
}

@article{Ando2005,
	Acmid = {1194905},
	Author = {Ando, Rie Kubota and Zhang, Tong},
	Issn = {1532-4435},
	Issue_Date = {12/1/2005},
	Journal = {Journal of Machine Learning Research},
	Month = dec,
	Numpages = {37},
	Pages = {1817--1853},
	Publisher = {JMLR.org},
	Title = {A Framework for Learning Predictive Structures from Multiple Tasks and Unlabeled Data},
	Volume = {6},
	Year = {2005},
	url={https://www.jmlr.org/papers/volume6/ando05a/ando05a.pdf}
}

@article{ct1965,
  title={An algorithm for the machine calculation of complex {F}ourier series},
  author={Cooley, James W. and Tukey, John W.},
  journal={Mathematics of Computation},
  volume={19},
  number={90},
  pages={297--301},
  year={1965},
  url={https://www.ams.org/journals/mcom/1965-19-090/S0025-5718-1965-0178586-1/S0025-5718-1965-0178586-1.pdf}
}



@article{besacier2014automatic,
  title={Automatic speech recognition for under-resourced languages: A survey},
  author={Besacier, Laurent and Barnard, Etienne and Karpov, Alexey and Schultz, Tanja},
  journal={Speech communication},
  volume={56},
  pages={85--100},
  year={2014}
}

@inproceedings{lent2021language,
    title = {{On Language Models for Creoles}},
    author = "Lent, Heather  and
      Bugliarello, Emanuele  and
      de Lhoneux, Miryam  and
      Qiu, Chen  and
      S{\o}gaard, Anders",
    booktitle = "Proceedings of the Conference on Computational Natural Language Learning",
    year = "2021",
}

@article{gao2022domain,
  title={{Domain Generalization for Language-Independent Automatic Speech Recognition}},
  author={Gao, Heting and Ni, Junrui and Zhang, Yang and Qian, Kaizhi and Chang, Shiyu and Hasegawa-Johnson, Mark},
  journal={Frontiers in Artificial Intelligence},
  volume={5},
  pages={806274},
  year={2022}
}

@inproceedings{koh2021wilds,
  title = 	 {{WILDS: A Benchmark of in-the-Wild Distribution Shifts}},
  author =       {Koh, Pang Wei and Sagawa, Shiori and Marklund, Henrik and Xie, Sang Michael and Zhang, Marvin and Balsubramani, Akshay and Hu, Weihua and Yasunaga, Michihiro and Phillips, Richard Lanas and Gao, Irena and Lee, Tony and David, Etienne and Stavness, Ian and Guo, Wei and Earnshaw, Berton and Haque, Imran and Beery, Sara M and Leskovec, Jure and Kundaje, Anshul and Pierson, Emma and Levine, Sergey and Finn, Chelsea and Liang, Percy},
  booktitle = 	 {Proceedings of the International Conference on Machine Learning},
  year = 	 {2021}
}

@inproceedings{radford2023robust,
  title = 	 {{Robust Speech Recognition via Large-Scale Weak Supervision}},
  author =       {Radford, Alec and Kim, Jong Wook and Xu, Tao and Brockman, Greg and Mcleavey, Christine and Sutskever, Ilya},
  booktitle = 	 {Proceedings of the International Conference on Machine Learning},
  year = 	 {2023},
}

@inproceedings{doumbouya2021using,
  title={Using radio archives for low-resource speech recognition: towards an intelligent virtual assistant for illiterate users},
  author={Doumbouya, Moussa and Einstein, Lisa and Piech, Chris},
  booktitle={Proceedings of the AAAI Conference on Artificial Intelligence},
  year={2021}
}

@inproceedings{Jia_2015_Multilingual,
  author={Cui, Jia and Kingsbury, Brian and Ramabhadran, Bhuvana and Sethy, Abhinav and Audhkhasi, Kartik and Cui, Xiaodong and Kislal, Ellen and Mangu, Lidia and Nussbaum-Thom, Markus and Picheny, Michael and Tüske, Zoltan and Golik, Pavel and Schlüter, Ralf and Ney, Hermann and Gales, Mark J. F. and Knill, Kate M. and Ragni, Anton and Wang, Haipeng and Woodland, Phil},
  booktitle={IEEE Workshop on Automatic Speech Recognition and Understanding (ASRU)}, 
  title={Multilingual representations for low resource speech recognition and keyword search}, 
  year={2015}}

@article{arjovsky2019invariant,
  title={Invariant risk minimization},
  author={Arjovsky, Martin and Bottou, L{\'e}on and Gulrajani, Ishaan and Lopez-Paz, David},
  journal={arXiv preprint arXiv:1907.02893},
  year={2019}
}

@inproceedings{graves2006connectionist,
  title={{Connectionist temporal classification: labelling unsegmented sequence data with recurrent neural networks}},
  author={Graves, Alex and Fern{\'a}ndez, Santiago and Gomez, Faustino and Schmidhuber, J{\"u}rgen},
  booktitle={Proceedings of the International Conference on Machine learning},
  year={2006}
}

@inproceedings{baevski2020wav2vec,
  title={{wav2vec 2.0: a framework for self-supervised learning of speech representations}},
  author={Baevski, Alexei and Zhou, Henry and Mohamed, Abdelrahman and Auli, Michael},
  booktitle={Proceedings of Advances in Neural Information Processing Systems},
  year={2020}
}

@inproceedings{chan2022training,
  title={{Training and typological bias in ASR performance for world Englishes.}},
  author={Chan, May Pik Yu and Choe, June and Li, Aini and Chen, Yiran and Gao, Xin and Holliday, Nicole R},
  booktitle={Proceedings of Interspeech},
  year={2022}
}

@inproceedings{ngueajio2022hey,
author="Ngueajio, Mikel K.
and Washington, Gloria",
title={{Hey ASR System! Why Aren't You More Inclusive?}},
booktitle="HCI International 2022 -- Late Breaking Papers: Interacting with eXtended Reality and Artificial Intelligence",
year="2022",
}

@inproceedings{bakst2023towards,
  title={{Towards improving automatic speech recognition for underrepresented dialects with data augmentation}},
  author={Bakst, Sarah and Y{\i}lmaz, Emre and Castan, Diego},
  booktitle={Proceedings of Meetings on Acoustics},
  year={2023}
}

@article{pratap24_mms,
  author  = {Vineel Pratap and Andros Tjandra and Bowen Shi and Paden Tomasello and Arun Babu and Sayani Kundu and Ali Elkahky and Zhaoheng Ni and Apoorv Vyas and Maryam Fazel-Zarandi and Alexei Baevski and Yossi Adi and Xiaohui Zhang and Wei-Ning Hsu and Alexis Conneau and Michael Auli},
  title   = {{Scaling Speech Technology to 1,000+ Languages}},
  journal = {Journal of Machine Learning Research},
  year    = {2024},
  volume  = {25},
  number  = {97},
  pages   = {1--52}
}

@inproceedings{babu22_interspeech,
  author={Arun Babu and Changhan Wang and Andros Tjandra and Kushal Lakhotia and Qiantong Xu and Naman Goyal and Kritika Singh and Patrick {von Platen} and Yatharth Saraf and Juan Pino and Alexei Baevski and Alexis Conneau and Michael Auli},
  title={{XLS-R: Self-supervised Cross-lingual Speech Representation Learning at Scale}},
  year=2022,
  booktitle={Proceedings of Interspeech},
}

@article{ml-superb2,
    title={{ML-SUPERB 2.0: Benchmarking Multilingual Speech Models Across Modeling Constraints, Languages, and Datasets}}, 
    author={Jiatong Shi and Shih-Heng Wang and William Chen and Martijn Bartelds and Vanya Bannihatti Kumar and Jinchuan Tian and Xuankai Chang and Dan Jurafsky and Karen Livescu and Hung-yi Lee and Shinji Watanabe},
    year={2024},
    journal={arXiv preprint arXiv:2406.08641} 
}

@inproceedings{bartelds-etal-2023-making,
    title = {{Making More of Little Data: Improving Low-Resource Automatic Speech Recognition Using Data Augmentation}},
    author = "Bartelds, Martijn  and
      San, Nay  and
      McDonnell, Bradley  and
      Jurafsky, Dan  and
      Wieling, Martijn",
    booktitle = "Proceedings of the Annual Meeting of the Association for Computational Linguistics",
    year = "2023"
}

@article{nowakowski23,
title = {{Adapting multilingual speech representation model for a new, underresourced language through multilingual fine-tuning and continued pretraining}},
journal = {Information Processing & Management},
volume = {60},
number = {2},
pages = {103148},
year = {2023},
author = {Karol Nowakowski and Michal Ptaszynski and Kyoko Murasaki and Jagna Nieuważny}
}

@inproceedings{hu2021lora,
  title={{LoRA: Low-Rank Adaptation of Large Language Models}},
  author={Hu, Edward J and Wallis, Phillip and Allen-Zhu, Zeyuan and Li, Yuanzhi and Wang, Shean and Wang, Lu and Chen, Weizhu and others},
  booktitle={Proceedings of the International Conference on Learning Representations},
  year={2021}
}

@inproceedings{houlsby2019parameter,
  title={Parameter-efficient transfer learning for {NLP}},
  author={Houlsby, Neil and Giurgiu, Andrei and Jastrzebski, Stanislaw and Morrone, Bruna and De Laroussilhe, Quentin and Gesmundo, Andrea and Attariyan, Mona and Gelly, Sylvain},
  booktitle={Proceedings of the International Conference on Machine Learning},
  year={2019}
}

@inproceedings{gong23d_interspeech,
  author={Yuan Gong and Sameer Khurana and Leonid Karlinsky and James Glass},
  title={{Whisper-AT: Noise-Robust Automatic Speech Recognizers are Also Strong General Audio Event Taggers}},
  year=2023,
  booktitle={Proceedings of Interspeech}
}

@inproceedings{chang-glass-2024-r,
    title = {{R}-Spin: Efficient Speaker and Noise-invariant Representation Learning with Acoustic Pieces},
    author = "Chang, Heng-Jui  and
      Glass, James",
    editor = "Duh, Kevin  and
      Gomez, Helena  and
      Bethard, Steven",
    booktitle = "Proceedings of the Conference of the North American Chapter of the Association for Computational Linguistics: Human Language Technologies",
    year = "2024",
}

@inproceedings{ng2023,
  author={Ng, Dianwen and Zhang, Ruixi and Yip, Jia Qi and Yang, Zhao and Ni, Jinjie and Zhang, Chong and Ma, Yukun and Ni, Chongjia and Chng, Eng Siong and Ma, Bin},
  booktitle={IEEE International Conference on Acoustics, Speech and Signal Processing (ICASSP)}, 
  title={{De’hubert: Disentangling Noise in a Self-Supervised Model for Robust Speech Recognition}}, 
  year={2023}
}

@inproceedings{zhu2023,
  author={Zhu, Qiu-Shi and Zhou, Long and Zhang, Jie and Liu, Shu-Jie and Hu, Yu-Chen and Dai, Li-Rong},
  booktitle={IEEE International Conference on Acoustics, Speech and Signal Processing (ICASSP)}, 
  title={{Robust Data2VEC: Noise-Robust Speech Representation Learning for ASR by Combining Regression and Improved Contrastive Learning}}, 
  year={2023}}


@inproceedings{pmlr-v80-hashimoto18a,
  title = 	 {{Fairness Without Demographics in Repeated Loss Minimization}},
  author =       {Hashimoto, Tatsunori and Srivastava, Megha and Namkoong, Hongseok and Liang, Percy},
  booktitle = 	 {Proceedings of the International Conference on Machine Learning},
  year = 	 {2018}
}

@article{koenecke2020,
author = {Allison Koenecke  and Andrew Nam  and Emily Lake  and Joe Nudell  and Minnie Quartey  and Zion Mengesha  and Connor Toups  and John R. Rickford  and Dan Jurafsky  and Sharad Goel },
title = {{Racial disparities in automated speech recognition}},
journal = {Proceedings of the National Academy of Sciences},
volume = {117},
number = {14},
pages = {7684-7689},
year = {2020},
}

@inproceedings{coral16,
author="Sun, Baochen
and Saenko, Kate",
title={{Deep CORAL: Correlation Alignment for Deep Domain Adaptation}},
booktitle="Computer Vision -- ECCV 2016 Workshops",
year="2016"
}


@InProceedings{pmlr-v80-hu18a,
  title = 	 {{Does Distributionally Robust Supervised Learning Give Robust Classifiers?}},
  author =       {Hu, Weihua and Niu, Gang and Sato, Issei and Sugiyama, Masashi},
  booktitle = 	 {Proceedings of the International Conference on Machine Learning},
  year = 	 {2018}
}

@inproceedings{groupdro20,
    title={{Distributionally Robust Neural Networks for Group Shifts: On the Importance of Regularization for Worst-Case Generalization}}, 
    author={Shiori Sagawa and Pang Wei Koh and Tatsunori B. Hashimoto and Percy Liang},
    year={2020},
    booktitle={Proceedings of the International Conference on Learning Representations}
}

@inproceedings{ardila2019common,
	title         = {{Common Voice: A Massively-Multilingual Speech Corpus}},
	author        = {Ardila, Rosana  and Branson, Megan  and Davis, Kelly  and Kohler, Michael  and Meyer, Josh  and Henretty, Michael  and Morais, Reuben  and Saunders, Lindsay  and Tyers, Francis  and Weber, Gregor},
	year          = {2020},
	booktitle     = {Proceedings of the Language Resources and Evaluation Conference}
}

@inproceedings{pratap2020mls,
	title         = {{MLS: A Large-Scale Multilingual Dataset for Speech Research}},
	author        = {Vineel Pratap and Qiantong Xu and Anuroop Sriram and Gabriel Synnaeve and Ronan Collobert},
	year          = {2020},
	booktitle     = {Proceeding of Interspeech}
}

@INPROCEEDINGS{fleurs23,
  author={Conneau, Alexis and Ma, Min and Khanuja, Simran and Zhang, Yu and Axelrod, Vera and Dalmia, Siddharth and Riesa, Jason and Rivera, Clara and Bapna, Ankur},
  booktitle={{IEEE Spoken Language Technology Workshop}}, 
  title={{FLEURS: FEW-Shot Learning Evaluation of Universal Representations of Speech}}, 
  year={2023}
  }

@inproceedings{sodimana18_sltu,
  author={Keshan Sodimana and Pasindu {De Silva} and Supheakmungkol Sarin and Oddur Kjartansson and Martin Jansche and Knot Pipatsrisawat and Linne Ha},
  title={{A Step-by-Step Process for Building TTS Voices Using Open Source Data and Frameworks for Bangla, Javanese, Khmer, Nepali, Sinhala, and Sundanese}},
  year=2018,
  booktitle={Proceedings of the Workshop on Spoken Language Technologies for Under-Resourced Languages},
}

@misc{voxforge,
  title={Voxforge},
  author={MacLean, Ken},
  journal={Ken MacLean.[Online]. Available: http://www.voxforge.org/home},
  year={2018}
}

@inproceedings{barnard14_sltu,
  author={Etienne Barnard and Marelie H. Davel and Charl van Heerden and Febe de Wet and Jaco Badenhorst},
  title={{The NCHLT speech corpus of the South African languages}},
  year=2014,
  booktitle={Proceedings of the Workshop on Spoken Language Technologies for Under-Resourced Languages}
}

@inproceedings{braude19_interspeech,
  author={David A. Braude and Matthew P. Aylett and Caoimhín Laoide-Kemp and Simone Ashby and Kristen M. Scott and Brian O Raghallaigh and Anna Braudo and Alex Brouwer and Adriana Stan},
  title={{All Together Now: The Living Audio Dataset}},
  year=2019,
  booktitle={Proceedings of Interspeech}
}

@article{vaswani2017attention,
  title={{Attention is all you need}},
  author={Vaswani, Ashish and Shazeer, Noam and Parmar, Niki and Uszkoreit, Jakob and Jones, Llion and Gomez, Aidan N and Kaiser, {\L}ukasz and Polosukhin, Illia},
  journal={Proceedings of Advances in Neural Information Processing Systems},
  year={2017}
}

@inproceedings{gulati20_interspeech,
  author={Anmol Gulati and James Qin and Chung-Cheng Chiu and Niki Parmar and Yu Zhang and Jiahui Yu and Wei Han and Shibo Wang and Zhengdong Zhang and Yonghui Wu and Ruoming Pang},
  title={{Conformer: Convolution-augmented Transformer for Speech Recognition}},
  year=2020,
  booktitle={Proceedings of Interspeech}
}

@inproceedings{kim2023branchformer,
  title={{E-branchformer: Branchformer with enhanced merging for speech recognition}},
  author={Kim, Kwangyoun and Wu, Felix and Peng, Yifan and Pan, Jing and Sridhar, Prashant and Han, Kyu J and Watanabe, Shinji},
  booktitle={IEEE Spoken Language Technology Workshop},
  year={2023}
}

@inproceedings{zaiem23b_interspeech,
  author={Salah Zaiem and Youcef Kemiche and Titouan Parcollet and Slim Essid and Mirco Ravanelli},
  title={{Speech Self-Supervised Representation Benchmarking: Are We Doing it Right?}},
  year=2023,
  booktitle={Proceedings of Interspeech}
}

@article{arora2024evaluation,
      title={{On the Evaluation of Speech Foundation Models for Spoken Language Understanding}}, 
      author={Siddhant Arora and Ankita Pasad and Chung-Ming Chien and Jionghao Han and Roshan Sharma and Jee-weon Jung and Hira Dhamyal and William Chen and Suwon Shon and Hung-yi Lee and Karen Livescu and Shinji Watanabe},
      year={2024},
      booktitle={arXiv preprint arXiv:2406.10083}
}

@inproceedings{swain-etal-2024-mitigating,
    title = {{On Mitigating Performance Disparities in Multilingual Speech Recognition}},
    author = "Swain, Monorama  and
      Zee, Anna Katrine Van  and
      S{\o}gaard, Anders",
    booktitle = "Proceedings of the Conference on Empirical Methods in Natural Language Processing",
    year = "2024",
}

@misc{m-ailabs,
    title = {{M-AILABS Speech Dataset}},
    author = {Solak, Imdat},
    year = {2019},
    journal={Imdat Solak.[Online]. Available: \url{https://github.com/imdatceleste/m-ailabs-dataset}},
}

@article{feng2024101567,
title = {{Towards inclusive automatic speech recognition}},
author={Feng, Siyuan and Halpern, Bence Mark and Kudina, Olya and Scharenborg, Odette},
journal = {Computer Speech \& Language},
volume = {84},
pages = {101567},
year = {2024}
}

@article{baumann_spoken_2019,
	title = {The {Spoken} {Wikipedia} {Corpus} collection: {Harvesting}, alignment and an application to hyperlistening},
	volume = {53},
	number = {2},
	journal = {Language Resources and Evaluation},
	author = {Baumann, Timo and Köhn, Arne and Hennig, Felix},
	year = {2019},
	pages = {303--329},
}

@article{hannun2017sequence,
  author = {Hannun, Awni},
  title = {Sequence Modeling with CTC},
  journal = {Distill},
  year = {2017},
  volume={2},
  number={11},
  pages={e8}
}

@inproceedings{segev2024align,
title={Align With Purpose: Optimize Desired Properties in {CTC} Models with a General Plug-and-Play Framework},
author={Eliya Segev and Maya Alroy and Ronen Katsir and Noam Wies and Ayana Shenhav and Yael Sapir Ben-Oren and David Zar and Oren Tadmor and Jacob Bitterman and Amnon Shashua and Tal Rosenwein},
booktitle={Proceedings of the International Conference on Learning Representations},
year={2024}
}


@inproceedings{pmlr-v32-graves14,
  title = 	 {{Towards End-To-End Speech Recognition with Recurrent Neural Networks}},
  author = 	 {Graves, Alex and Jaitly, Navdeep},
  booktitle = 	 {Proceedings of the International Conference on Machine Learning},
  year = 	 {2014}
}

@inproceedings{tian2023bayes,
title={{BAYES} {RISK} {CTC}: {CONTROLLABLE} {CTC} {ALIGNMENT} {IN} {SEQUENCE}-{TO}-{SEQUENCE} {TASKS}},
author={Jinchuan Tian and Brian Yan and Jianwei Yu and CHAO WENG and Dong Yu and Shinji Watanabe},
booktitle={Proceedings of the International Conference on Learning Representations },
year={2023}
}

@inproceedings{yao23b_interspeech,
  title     = {{Delay-penalized CTC Implemented Based on Finite State Transducer}},
  author    = {Zengwei Yao and Wei Kang and Fangjun Kuang and Liyong Guo and Xiaoyu Yang and Yifan Yang and Long Lin and Daniel Povey},
  year      = {2023},
  booktitle = {Proceedings of Interspeech}
}

@inproceedings{NEURIPS2018_e44fea3b,
 author = {Liu, Hu and Jin, Sheng and Zhang, Changshui},
 booktitle = {Proceedings of Advances in Neural Information Processing Systems},
 title = {{Connectionist Temporal Classification with Maximum Entropy Regularization}},
 year = {2018}
}

@misc{zeyer2021doesctcresultpeaky,
      title={{Why does CTC result in peaky behavior?}}, 
      author={Albert Zeyer and Ralf Schlüter and Hermann Ney},
      year={2021},
      booktitle={arXiv preprint arXiv:2105.14849}
}

@inproceedings{rouditchenko23_interspeech,
  title     = {{Comparison of Multilingual Self-Supervised and Weakly-Supervised Speech Pre-Training for Adaptation to Unseen Languages}},
  author    = {Andrew Rouditchenko and Sameer Khurana and Samuel Thomas and Rogerio Feris and Leonid Karlinsky and Hilde Kuehne and David Harwath and Brian Kingsbury and James Glass},
  year      = {2023},
  booktitle = {Proceedings of Interspeech}
}

@inproceedings{Huang_Zhou_Zaiane_Mou_Li_2022,
 title={{Non-autoregressive Translation with Layer-Wise Prediction and Deep Supervision}},
 booktitle={Proceedings of the AAAI Conference on Artificial Intelligence},
 author={Huang,
 Chenyang and Zhou,
 Hao and Zaïane,
 Osmar R. and Mou,
 Lili and Li,
 Lei},
 year={2022}
}

@inproceedings{ijcai2019p105,
  title     = {{Dense Temporal Convolution Network for Sign Language Translation}},
  author    = {Guo, Dan and Wang, Shuo and Tian, Qi and Wang, Meng},
  booktitle = {Proceedings of the International Joint Conference on
               Artificial Intelligence},
  year      = {2019}
}

@InProceedings{Camgoz_2020_CVPR,
author = {Camgoz, Necati Cihan and Koller, Oscar and Hadfield, Simon and Bowden, Richard},
title = {{Sign Language Transformers: Joint End-to-End Sign Language Recognition and Translation}},
booktitle = {IEEE/CVF Conference on Computer Vision and Pattern Recognition},
year = {2020}
}

@inproceedings{NIPS2008_66368270,
 author = {Graves, Alex and Schmidhuber, J\"{u}rgen},
 booktitle = {Proceedings of Advances in Neural Information Processing Systems},
 title = {{Offline Handwriting Recognition with Multidimensional Recurrent Neural Networks}},
 year = {2008}
}


@inproceedings{pmlr-v80-shiarlis18a,
  title = 	 {{TACO}: Learning Task Decomposition via Temporal Alignment for Control},
  author =       {Shiarlis, Kyriacos and Wulfmeier, Markus and Salter, Sasha and Whiteson, Shimon and Posner, Ingmar},
  booktitle = 	 {Proceedings of the International Conference on Machine Learning},
  year = 	 {2018},
}

@inproceedings{yan-etal-2023-ctc,
    title = "{CTC} Alignments Improve Autoregressive Translation",
    author = "Yan, Brian  and
      Dalmia, Siddharth  and
      Higuchi, Yosuke  and
      Neubig, Graham  and
      Metze, Florian  and
      Black, Alan W  and
      Watanabe, Shinji",
    booktitle = "Proceedings of the Conference of the European Chapter of the Association for Computational Linguistics",
    year = "2023"
}

@misc{shah2024speechrobustbenchrobustness,
      title={{Speech Robust Bench: A Robustness Benchmark For Speech Recognition}}, 
      author={Muhammad A. Shah and David Solans Noguero and Mikko A. Heikkila and Bhiksha Raj and Nicolas Kourtellis},
      booktitle={arXiv preprint arXiv:2403.07937},
      year=2024
}

@article{duchi2022,
  title={Distributionally robust losses for latent covariate mixtures},
  author={Duchi, John and Hashimoto, Tatsunori and Namkoong, Hongseok},
  journal={Operations Research},
  volume={71},
  number={2},
  pages={649--664},
  year={2023}
}


@InProceedings{pmlr-v151-slowik22a,
  title = 	 { On Distributionally Robust Optimization and Data Rebalancing },
  author =       {S{\l}owik, Agnieszka and Bottou, Leon},
  booktitle = 	 {Proceedings of the International Conference on Artificial Intelligence and Statistics},
  year = 	 {2022}
}

@article{MAL-068,
year = {2019},
volume = {12},
journal = {Foundations and Trends in Machine Learning},
title = {Introduction to Multi-Armed Bandits},
number = {1-2},
pages = {1-286},
author = {Aleksandrs Slivkins }
}

@inproceedings{chen-etal-2024-towards-robust,
    title = {{Towards Robust Speech Representation Learning for Thousands of Languages}},
    author = "Chen, William  and
      Zhang, Wangyou  and
      Peng, Yifan  and
      Li, Xinjian  and
      Tian, Jinchuan  and
      Shi, Jiatong  and
      Chang, Xuankai  and
      Maiti, Soumi  and
      Livescu, Karen  and
      Watanabe, Shinji",
    booktitle = "Proceedings of the Conference on Empirical Methods in Natural Language Processing",
    year = "2024"
}

@inproceedings{NEURIPS2018_3ea2db50,
 author = {Malinin, Andrey and Gales, Mark},
 booktitle = {Proceedings of Advances in Neural Information Processing Systems},
 title = {Predictive Uncertainty Estimation via Prior Networks},
 year = {2018}
}

@book{quinonero2008dataset,
  title={{Dataset Shift in Machine Learning}},
  author={Quinonero-Candela, Joaquin and Sugiyama, Masashi and Schwaighofer, Anton and Lawrence, Neil D},
  year={2008},
  publisher={MIT Press}
}

@inproceedings{dheram2022toward,
  title={Toward fairness in speech recognition: Discovery and mitigation of performance disparities},
  author={Dheram, Pranav and Ramakrishnan, Murugesan and Raju, Anirudh and Chen, I-Fan and King, Brian and Powell, Katherine and Saboowala, Melissa and Shetty, Karan and Stolcke, Andreas},
    booktitle={Proceedings of Interspeech},
  year={2022}
}

@inproceedings{santurkar2020breedsbenchmarkssubpopulationshift,
  title={BREEDS: Benchmarks for Subpopulation Shift},
  author={Santurkar, Shibani and Tsipras, Dimitris and Madry, Aleksander},
  booktitle={Proceedings of the International Conference on Learning Representations},
  year={2021}
}

@inproceedings{hendrycks2021many,
    author    = {Hendrycks, Dan and Basart, Steven and Mu, Norman and Kadavath, Saurav and Wang, Frank and Dorundo, Evan and Desai, Rahul and Zhu, Tyler and Parajuli, Samyak and Guo, Mike and Song, Dawn and Steinhardt, Jacob and Gilmer, Justin},
    title     = {{The Many Faces of Robustness: A Critical Analysis of Out-of-Distribution Generalization}},
    booktitle = {Proceedings of the IEEE/CVF International Conference on Computer Vision},
    year      = {2021}
}

@inproceedings{dixon2018measuring,
  title={{Measuring and mitigating unintended bias in text classification}},
  author={Dixon, Lucas and Li, John and Sorensen, Jeffrey and Thain, Nithum and Vasserman, Lucy},
  booktitle={Proceedings of the AAAI/ACM Conference on AI, Ethics, and Society},
  year={2018}
}

@inproceedings{britz2017effective,
  title={{Effective domain mixing for neural machine translation}},
  author={Britz, Denny and Le, Quoc and Pryzant, Reid},
  booktitle={Proceedings of the Conference on Machine Translation},
  year={2017}
}

@article{ben2010theory,
  title={{A theory of learning from different domains}},
  author={Ben-David, Shai and Blitzer, John and Crammer, Koby and Kulesza, Alex and Pereira, Fernando and Vaughan, Jennifer Wortman},
  journal={Machine learning},
  volume={79},
  pages={151--175},
  year={2010},
}

@inproceedings{blitzer2011domain,
  title={{Domain adaptation with coupled subspaces}},
  author={Blitzer, John and Kakade, Sham and Foster, Dean},
  booktitle={Proceedings of the International Conference on Artificial Intelligence and Statistics},
  year={2011}
}


@InProceedings{pmlr-v37-ganin15,
  title = 	 {Unsupervised Domain Adaptation by Backpropagation},
  author = 	 {Ganin, Yaroslav and Lempitsky, Victor},
  booktitle = 	 {Proceedings of the International Conference on Machine Learning},
  year = 	 {2015}
}

@article{tzeng2014deep,
  title={Deep domain confusion: Maximizing for domain invariance},
  author={Tzeng, Eric and Hoffman, Judy and Zhang, Ning and Saenko, Kate and Darrell, Trevor},
  journal={arXiv preprint arXiv:1412.3474},
  year={2014}
}

@InProceedings{long2015learning,
  title = 	 {{Learning Transferable Features with Deep Adaptation Networks}},
  author = 	 {Long, Mingsheng and Cao, Yue and Wang, Jianmin and Jordan, Michael},
  booktitle = 	 {Proceedings of the International Conference on Machine Learning},
  year = 	 {2015}
}


@article{ganin2016domain,
  title={Domain-adversarial training of neural networks},
  author={Ganin, Yaroslav and Ustinova, Evgeniya and Ajakan, Hana and Germain, Pascal and Larochelle, Hugo and Laviolette, Fran{\c{c}}ois and March, Mario and Lempitsky, Victor},
  journal={Journal of machine learning research},
  volume={17},
  number={59},
  pages={1--35},
  year={2016}
}

@article{peters2016causal,
	title = {Causal {Inference} by using {Invariant} {Prediction}: {Identification} and {Confidence} {Intervals}},
	volume = {78},
	number = {5},
	journal = {Journal of the Royal Statistical Society Series B: Statistical Methodology},
	author = {Peters, Jonas and B{\"u}hlmann, Peter and Meinshausen, Nicolai},
	year = {2016},
	pages = {947--1012},
}


@article{meinshausen2014maximin,
 journal = {The Annals of Statistics},
 number = {4},
 pages = {1801--1830},
 title = {{Maximin effects in inhomogeneous large-scale data}},
author={Meinshausen, Nicolai and B{\"u}hlmann, Peter},
 volume = {43},
 year = {2015}
}


@article{rothenhausler2021anchor,
  title={{Anchor regression: Heterogeneous data meet causality}},
  author={Rothenh{\"a}usler, Dominik and Meinshausen, Nicolai and B{\"u}hlmann, Peter and Peters, Jonas},
  journal={Journal of the Royal Statistical Society Series B: Statistical Methodology},
  volume={83},
  number={2},
  pages={215--246},
  year={2021}
}

@inproceedings{namkoong2016stochastic,
 author = {Namkoong, Hongseok and Duchi, John C},
 booktitle = {Proceedings of Advances in Neural Information Processing Systems},
 title = {Stochastic Gradient Methods for Distributionally Robust Optimization with f-divergences},
 year = {2016}
}

@article{mohajerin2018data,
  title={{Data-driven distributionally robust optimization using the Wasserstein metric: Performance guarantees and tractable reformulations}},
  author={Esfahani, Peyman Mohajerin and Kuhn, Daniel},
  journal={Mathematical Programming},
  volume={171},
  number={1},
  pages={115--166},
  year={2018}
}

@article{bertsimas2018data,
  title={Data-driven robust optimization},
  author={Bertsimas, Dimitris and Gupta, Vishal and Kallus, Nathan},
  journal={Mathematical Programming},
  volume={167},
  pages={235--292},
  year={2018}
}

@article{duchi2019variance,
  author  = {John Duchi and Hongseok Namkoong},
  title   = {{Variance-based Regularization with Convex Objectives}},
  journal = {Journal of Machine Learning Research},
  year    = {2019},
  volume  = {20},
  number  = {68},
  pages   = {1--55}
}

@inproceedings{markl,
author = {Markl, Nina},
title = {{Language variation and algorithmic bias: understanding algorithmic bias in British English automatic speech recognition}},
year = {2022},
booktitle = {Proceedings of the ACM Conference on Fairness, Accountability, and Transparency}
}

@article{martin2023,
    author = {Martin, Joshua L and Wright, Kelly Elizabeth},
    title = {{Bias in Automatic Speech Recognition: The Case of African American Language}},
    journal = {Applied Linguistics},
    volume = {44},
    number = {4},
    pages = {613-630},
    year = {2022}
}


@inproceedings{harris-etal-2024-modeling,
    title = "Modeling Gender and Dialect Bias in Automatic Speech Recognition",
    author = "Harris, Camille  and
      Mgbahurike, Chijioke  and
      Kumar, Neha  and
      Yang, Diyi",
    editor = "Al-Onaizan, Yaser  and
      Bansal, Mohit  and
      Chen, Yun-Nung",
    booktitle = "Findings of the Association for Computational Linguistics: EMNLP",
    year = "2024"
}

@inproceedings{veliche,
  author={Veliche, Irina-Elena and Fung, Pascale},
  booktitle={IEEE International Conference on Acoustics, Speech and Signal Processing}, 
  title={Improving Fairness and Robustness in End-to-End Speech Recognition Through Unsupervised Clustering}, 
  year={2023}
}

@inproceedings{zhang2022mitigating,
  title={Mitigating bias against non-native accents},
  author={Zhang, Yuanyuan and Zhang, Yixuan and Halpern, Bence Mark and Patel, Tanvina and Scharenborg, Odette},
  booktitle={Proceedings of Interspeech},
  year={2022}
}

@inproceedings{sari,
  author={Sarı, Leda and Hasegawa-Johnson, Mark and Yoo, Chang D.},
  booktitle={IEEE/ACM Transactions on Audio, Speech, and Language Processing}, 
  title={Counterfactually Fair Automatic Speech Recognition}, 
  year={2021}
}

@inproceedings{black,
  author={Black, Alan W},
  booktitle={IEEE International Conference on Acoustics, Speech and Signal Processing}, 
  title={CMU Wilderness Multilingual Speech Dataset}, 
  year={2019}
}

@inproceedings{pseudo-multiling,
  author={Lugosch, Loren and Likhomanenko, Tatiana and Synnaeve, Gabriel and Collobert, Ronan},
  booktitle={IEEE International Conference on Acoustics, Speech and Signal Processing}, 
  title={{Pseudo-Labeling for Massively Multilingual Speech Recognition}}, 
  year={2022}
}

@inproceedings{he-etal-2020-open,
    title = "Open-source Multi-speaker Speech Corpora for Building {G}ujarati, {K}annada, {M}alayalam, {M}arathi, {T}amil and {T}elugu Speech Synthesis Systems",
    author = "He, Fei  and
      Chu, Shan-Hui Cathy  and
      Kjartansson, Oddur  and
      Rivera, Clara  and
      Katanova, Anna  and
      Gutkin, Alexander  and
      Demirsahin, Isin  and
      Johny, Cibu  and
      Jansche, Martin  and
      Sarin, Supheakmungkol  and
      Pipatsrisawat, Knot",
    booktitle = "Proceedings of the Language Resources and Evaluation Conference",
    year = "2020",
}

@inproceedings{kjartansson-etal-2020-open,
    title = "Open-Source High Quality Speech Datasets for {B}asque, {C}atalan and {G}alician",
    author = "Kjartansson, Oddur  and
      Gutkin, Alexander  and
      Butryna, Alena  and
      Demirsahin, Isin  and
      Rivera, Clara",
    booktitle = "Proceedings of the Joint Workshop on Spoken Language Technologies for Under-resourced languages and Collaboration and Computing for Under-Resourced Languages",
    year = "2020",
}

@inproceedings{oren-etal-2019-distributionally,
    title = "Distributionally Robust Language Modeling",
    author = "Oren, Yonatan  and
      Sagawa, Shiori  and
      Hashimoto, Tatsunori B.  and
      Liang, Percy",
    booktitle = "Proceedings of the Conference on Empirical Methods in Natural Language Processing and the International Joint Conference on Natural Language Processing",
    year = "2019"
}

@inproceedings{tatman-2017-gender,
    title = "Gender and Dialect Bias in {Y}ou{T}ube{'}s Automatic Captions",
    author = "Tatman, Rachael",
    booktitle = "Proceedings of the {ACL} Workshop on Ethics in Natural Language Processing",
    year = "2017"
}

@inproceedings{wang-etal-2021-voxpopuli,
    title = "{V}ox{P}opuli: A Large-Scale Multilingual Speech Corpus for Representation Learning, Semi-Supervised Learning and Interpretation",
    author = "Wang, Changhan  and
      Riviere, Morgane  and
      Lee, Ann  and
      Wu, Anne  and
      Talnikar, Chaitanya  and
      Haziza, Daniel  and
      Williamson, Mary  and
      Pino, Juan  and
      Dupoux, Emmanuel",
    booktitle = "Proceedings of the Annual Meeting of the Association for Computational Linguistics and the International Joint Conference on Natural Language Processing",
    year = "2021"
}