@article{arjovsky2019invariant,
  title={Invariant risk minimization},
  author={Arjovsky, Martin and Bottou, L{\'e}on and Gulrajani, Ishaan and Lopez-Paz, David},
  journal={arXiv preprint arXiv:1907.02893},
  year={2019}
}

@article{bertsimas2018data,
  title={Data-driven robust optimization},
  author={Bertsimas, Dimitris and Gupta, Vishal and Kallus, Nathan},
  journal={Mathematical Programming},
  volume={167},
  pages={235--292},
  year={2018}
}

@inproceedings{coral16,
author="Sun, Baochen
and Saenko, Kate",
title={{Deep CORAL: Correlation Alignment for Deep Domain Adaptation}},
booktitle="Computer Vision -- ECCV 2016 Workshops",
year="2016"
}

@inproceedings{dheram2022toward,
  title={Toward fairness in speech recognition: Discovery and mitigation of performance disparities},
  author={Dheram, Pranav and Ramakrishnan, Murugesan and Raju, Anirudh and Chen, I-Fan and King, Brian and Powell, Katherine and Saboowala, Melissa and Shetty, Karan and Stolcke, Andreas},
    booktitle={Proceedings of Interspeech},
  year={2022}
}

@inproceedings{dixon2018measuring,
  title={{Measuring and mitigating unintended bias in text classification}},
  author={Dixon, Lucas and Li, John and Sorensen, Jeffrey and Thain, Nithum and Vasserman, Lucy},
  booktitle={Proceedings of the AAAI/ACM Conference on AI, Ethics, and Society},
  year={2018}
}

@article{duchi2019variance,
  author  = {John Duchi and Hongseok Namkoong},
  title   = {{Variance-based Regularization with Convex Objectives}},
  journal = {Journal of Machine Learning Research},
  year    = {2019},
  volume  = {20},
  number  = {68},
  pages   = {1--55}
}

@article{feng2024101567,
title = {{Towards inclusive automatic speech recognition}},
author={Feng, Siyuan and Halpern, Bence Mark and Kudina, Olya and Scharenborg, Odette},
journal = {Computer Speech \& Language},
volume = {84},
pages = {101567},
year = {2024}
}

@article{ganin2016domain,
  title={Domain-adversarial training of neural networks},
  author={Ganin, Yaroslav and Ustinova, Evgeniya and Ajakan, Hana and Germain, Pascal and Larochelle, Hugo and Laviolette, Fran{\c{c}}ois and March, Mario and Lempitsky, Victor},
  journal={Journal of machine learning research},
  volume={17},
  number={59},
  pages={1--35},
  year={2016}
}

@article{gao2022domain,
  title={{Domain Generalization for Language-Independent Automatic Speech Recognition}},
  author={Gao, Heting and Ni, Junrui and Zhang, Yang and Qian, Kaizhi and Chang, Shiyu and Hasegawa-Johnson, Mark},
  journal={Frontiers in Artificial Intelligence},
  volume={5},
  pages={806274},
  year={2022}
}

@inproceedings{groupdro20,
    title={{Distributionally Robust Neural Networks for Group Shifts: On the Importance of Regularization for Worst-Case Generalization}}, 
    author={Shiori Sagawa and Pang Wei Koh and Tatsunori B. Hashimoto and Percy Liang},
    year={2020},
    booktitle={Proceedings of the International Conference on Learning Representations}
}

@inproceedings{harris-etal-2024-modeling,
    title = "Modeling Gender and Dialect Bias in Automatic Speech Recognition",
    author = "Harris, Camille  and
      Mgbahurike, Chijioke  and
      Kumar, Neha  and
      Yang, Diyi",
    editor = "Al-Onaizan, Yaser  and
      Bansal, Mohit  and
      Chen, Yun-Nung",
    booktitle = "Findings of the Association for Computational Linguistics: EMNLP",
    year = "2024"
}

@inproceedings{hendrycks2021many,
    author    = {Hendrycks, Dan and Basart, Steven and Mu, Norman and Kadavath, Saurav and Wang, Frank and Dorundo, Evan and Desai, Rahul and Zhu, Tyler and Parajuli, Samyak and Guo, Mike and Song, Dawn and Steinhardt, Jacob and Gilmer, Justin},
    title     = {{The Many Faces of Robustness: A Critical Analysis of Out-of-Distribution Generalization}},
    booktitle = {Proceedings of the IEEE/CVF International Conference on Computer Vision},
    year      = {2021}
}

@article{koenecke2020,
author = {Allison Koenecke  and Andrew Nam  and Emily Lake  and Joe Nudell  and Minnie Quartey  and Zion Mengesha  and Connor Toups  and John R. Rickford  and Dan Jurafsky  and Sharad Goel },
title = {{Racial disparities in automated speech recognition}},
journal = {Proceedings of the National Academy of Sciences},
volume = {117},
number = {14},
pages = {7684-7689},
year = {2020},
}

@inproceedings{koh2021wilds,
  title = 	 {{WILDS: A Benchmark of in-the-Wild Distribution Shifts}},
  author =       {Koh, Pang Wei and Sagawa, Shiori and Marklund, Henrik and Xie, Sang Michael and Zhang, Marvin and Balsubramani, Akshay and Hu, Weihua and Yasunaga, Michihiro and Phillips, Richard Lanas and Gao, Irena and Lee, Tony and David, Etienne and Stavness, Ian and Guo, Wei and Earnshaw, Berton and Haque, Imran and Beery, Sara M and Leskovec, Jure and Kundaje, Anshul and Pierson, Emma and Levine, Sergey and Finn, Chelsea and Liang, Percy},
  booktitle = 	 {Proceedings of the International Conference on Machine Learning},
  year = 	 {2021}
}

@InProceedings{long2015learning,
  title = 	 {{Learning Transferable Features with Deep Adaptation Networks}},
  author = 	 {Long, Mingsheng and Cao, Yue and Wang, Jianmin and Jordan, Michael},
  booktitle = 	 {Proceedings of the International Conference on Machine Learning},
  year = 	 {2015}
}

@inproceedings{markl,
author = {Markl, Nina},
title = {{Language variation and algorithmic bias: understanding algorithmic bias in British English automatic speech recognition}},
year = {2022},
booktitle = {Proceedings of the ACM Conference on Fairness, Accountability, and Transparency}
}

@article{martin2023,
    author = {Martin, Joshua L and Wright, Kelly Elizabeth},
    title = {{Bias in Automatic Speech Recognition: The Case of African American Language}},
    journal = {Applied Linguistics},
    volume = {44},
    number = {4},
    pages = {613-630},
    year = {2022}
}

@article{meinshausen2014maximin,
 journal = {The Annals of Statistics},
 number = {4},
 pages = {1801--1830},
 title = {{Maximin effects in inhomogeneous large-scale data}},
author={Meinshausen, Nicolai and B{\"u}hlmann, Peter},
 volume = {43},
 year = {2015}
}

@article{mohajerin2018data,
  title={{Data-driven distributionally robust optimization using the Wasserstein metric: Performance guarantees and tractable reformulations}},
  author={Esfahani, Peyman Mohajerin and Kuhn, Daniel},
  journal={Mathematical Programming},
  volume={171},
  number={1},
  pages={115--166},
  year={2018}
}

@inproceedings{namkoong2016stochastic,
 author = {Namkoong, Hongseok and Duchi, John C},
 booktitle = {Proceedings of Advances in Neural Information Processing Systems},
 title = {Stochastic Gradient Methods for Distributionally Robust Optimization with f-divergences},
 year = {2016}
}

@inproceedings{ngueajio2022hey,
author="Ngueajio, Mikel K.
and Washington, Gloria",
title={{Hey ASR System! Why Aren't You More Inclusive?}},
booktitle="HCI International 2022 -- Late Breaking Papers: Interacting with eXtended Reality and Artificial Intelligence",
year="2022",
}

@inproceedings{oren-etal-2019-distributionally,
    title = "Distributionally Robust Language Modeling",
    author = "Oren, Yonatan  and
      Sagawa, Shiori  and
      Hashimoto, Tatsunori B.  and
      Liang, Percy",
    booktitle = "Proceedings of the Conference on Empirical Methods in Natural Language Processing and the International Joint Conference on Natural Language Processing",
    year = "2019"
}

@article{peters2016causal,
	title = {Causal {Inference} by using {Invariant} {Prediction}: {Identification} and {Confidence} {Intervals}},
	volume = {78},
	number = {5},
	journal = {Journal of the Royal Statistical Society Series B: Statistical Methodology},
	author = {Peters, Jonas and B{\"u}hlmann, Peter and Meinshausen, Nicolai},
	year = {2016},
	pages = {947--1012},
}

@book{quinonero2008dataset,
  title={{Dataset Shift in Machine Learning}},
  author={Quinonero-Candela, Joaquin and Sugiyama, Masashi and Schwaighofer, Anton and Lawrence, Neil D},
  year={2008},
  publisher={MIT Press}
}

@article{rothenhausler2021anchor,
  title={{Anchor regression: Heterogeneous data meet causality}},
  author={Rothenh{\"a}usler, Dominik and Meinshausen, Nicolai and B{\"u}hlmann, Peter and Peters, Jonas},
  journal={Journal of the Royal Statistical Society Series B: Statistical Methodology},
  volume={83},
  number={2},
  pages={215--246},
  year={2021}
}

@inproceedings{santurkar2020breedsbenchmarkssubpopulationshift,
  title={BREEDS: Benchmarks for Subpopulation Shift},
  author={Santurkar, Shibani and Tsipras, Dimitris and Madry, Aleksander},
  booktitle={Proceedings of the International Conference on Learning Representations},
  year={2021}
}

@inproceedings{sari,
  author={SarÄ±, Leda and Hasegawa-Johnson, Mark and Yoo, Chang D.},
  booktitle={IEEE/ACM Transactions on Audio, Speech, and Language Processing}, 
  title={Counterfactually Fair Automatic Speech Recognition}, 
  year={2021}
}

@inproceedings{tatman-2017-gender,
    title = "Gender and Dialect Bias in {Y}ou{T}ube{'}s Automatic Captions",
    author = "Tatman, Rachael",
    booktitle = "Proceedings of the {ACL} Workshop on Ethics in Natural Language Processing",
    year = "2017"
}

@article{tzeng2014deep,
  title={Deep domain confusion: Maximizing for domain invariance},
  author={Tzeng, Eric and Hoffman, Judy and Zhang, Ning and Saenko, Kate and Darrell, Trevor},
  journal={arXiv preprint arXiv:1412.3474},
  year={2014}
}

@inproceedings{veliche,
  author={Veliche, Irina-Elena and Fung, Pascale},
  booktitle={IEEE International Conference on Acoustics, Speech and Signal Processing}, 
  title={Improving Fairness and Robustness in End-to-End Speech Recognition Through Unsupervised Clustering}, 
  year={2023}
}

@inproceedings{zhang2022mitigating,
  title={Mitigating bias against non-native accents},
  author={Zhang, Yuanyuan and Zhang, Yixuan and Halpern, Bence Mark and Patel, Tanvina and Scharenborg, Odette},
  booktitle={Proceedings of Interspeech},
  year={2022}
}

