@book{lehman-change,
  author    = {Lehman, M. M. and Belady, L. A.},
  title     = {Program evolution: Processes of software change},
  year      = {1985},
  publisher = {Academic Press Professional, Inc.},
  address   = {USA}
}

@book{rajlich-refactoring,
  author    = {Vaclav Rajlich},
  title     = {Software Engineering: The Current Practice},
  year      = {2012},
  publisher = {Chapman \& Hall},
  address   = {UK}
}

@article{catolino-ensemble,
  author  = {Catolino, Gemma and Ferrucci, Filomena},
  title   = {An extensive evaluation of ensemble techniques for software change prediction},
  journal = {Journal of Software: Evolution and Process},
  volume  = 31,
  number  = 9,
  pages   = {e2156:1--15},
  year    = 2019
}

@article{elish-process,
  author  = {Elish, M.O. and Al-Rahman AlKhiaty, M},
  title   = {A suite of metrics for quantifying historical changes to predict future change-prone classes in object-oriented software.},
  journal = {Jounal of Software: Evolution and Process},
  volume  = 25,
  number  = 5,
  pages   = {407--437},
  year    = 2012
}

@inproceedings{Historage,
  author    = {Hideaki Hata and Osamu Mizuno and Tohru Kikuno},
  title     = {Historage: Fine-grained version control system for {Java}},
  booktitle = {Proc. 12th International Workshop on Principles of Software Evolution and the 7th Annual ERCIM Workshop on Software Evolution (IWPSE-EVOL 2011)},
  pages     = {96--100},
  year      = 2011
}

@article{malhotra-survey,
  author  = {Ruchika Malhotra and Megha Khanna},
  title   = {Software Change Prediction: A Systematic Review and Future Guidelines},
  journal = {e-Informatica Software Engineering Journal},
  volume  = 13,
  number  = 1,
  pages   = {227--259},
  year    = 2019
}

@inproceedings{silva-history,
  author    = {RogéRio De Carvalho Silva and Paulo Roberto Farah and Silvia Regina Vergilio},
  title     = {Machine Learning for Change-Prone Class Prediction: A History-Based Approach},
  booktitle = {Proc. 36th Brazilian Symposium on Software Engineering (SBES 2022)},
  year      = 2022,
  pages     = {289--298}
}

@inproceedings{catolino-dev,
  author    = {Gemma Catolino and Fabio Palomba and Andrea De Lucia and Filomena Ferrucci and Andy Zaidman},
  title     = {Developer-Related Factors in Change Prediction: An Empirical Assessment},
  booktitle = {Proc. 25th International Conference on Program Comprehension (ICPC 2017)},
  year      = 2017,
  pages     = {186--195}
}

@article{Lu-oo,
  author  = {Hongmin Lu and Yuming Zhou and Baowen Xu and Hareton Leung and Lin Chen},
  title   = {The ability of object-oriented metrics to predict change-proneness: a meta-analysis},
  journal = {Empirical Software Engineering},
  volume  = 17,
  number  = 3,
  year    = 2012,
  pages   = {200--242}
}

@inproceedings{farah-method-level,
  author    = {Paulo Robert Farah and Rogério de Carvalho Silva and Silvia Regina Vergilio},
  title     = {An Assessment of Machine Learning Algorithms and Models for Prediction of Change-Prone {Java} Methods},
  booktitle = {Proc. 37th Brazilian Symposium on Software Engineering (SBES 2023)},
  volume    = {},
  number    = {},
  year      = 2023,
  pages     = {322--331}
}

@inproceedings{Hata-method-bug,
  author    = {Hideaki Hata and Osamu Mizuno and Tohru Kikuno},
  title     = {Bug prediction based on fine-grained module histories},
  booktitle = {Proc. 34th International Conference on Software Engineering (ICSE 2012)},
  year      = 2012,
  volume    = {},
  number    = {},
  pages     = {200--210}
}

@inproceedings{Giger-method-bug,
  author    = {Giger, Emanuel and D'Ambros, Marco and Pinzger, Martin and Gall, Harald C.},
  title     = {Method-level bug prediction},
  booktitle = {Proc. 6th International Symposium on Empirical Software Engineering and Measurement (ESEM 2012)},
  year      = 2012,
  pages     = {171--180}
}

@article{ck-met,
  author  = {Chidamber, S.R. and Kemerer, C.F.},
  journal = {IEEE Transactions on Software Engineering},
  title   = {A metrics suite for object oriented design},
  year    = {1994},
  volume  = {20},
  number  = {6},
  pages   = {476--493}
}

@article{smote,
  author  = {Nitesh Vijey Chawla and Kevin Wilson Bowyer and Lawrence O Hall and W Philip Kegelmeyer},
  title   = {{SMOTE}: Synthetic minority over-sampling technique},
  journal = {Journal of Artificial Intelligence Research},
  year    = 2002,
  volume  = 16,
  number  = 1,
  pages   = {321--357}
}

@article{ChangeDistiller,
  author  = {Beat Fluri and Michael Wursch and Martin Pinzger and Harald C. Gall},
  title   = {Change Distilling: Tree Differencing for Fine-Grained Source Code Change Extraction},
  journal = {IEEE Transactions on Software Engineering},
  volume  = 33,
  number  = 11,
  pages   = {725--743},
  year    = 2007
}

@article{catolino-smell,
  author  = {Gemma Catolino and Fabio Palomba and Francesca Arcelli Fontana and Andrea De Lucia and Andy Zaidman and Filomena Ferrucci},
  title   = {Improving Change Prediction Models with Code Smell-Related Information},
  year    = {2020},
  journal = {Empirical Software Engineering},
  number  = {3},
  volume  = 25,
  pages   = {49--95}
}

@inproceedings{daniele-label,
  author    = {Romano Daniele and Pinzger Martin},
  booktitle = {Proc. 27th IEEE International Conference on Software Maintenance (ICSM 2011)},
  title     = {Using source code metrics to predict change-prone {Java} interfaces},
  year      = {2011},
  volume    = {},
  number    = {},
  pages     = {303--312}
}

@manual{aniche-ck,
  title  = {{Java} code metrics calculator (CK)},
  author = {Maurício Aniche},
  year   = {2015},
  note   = {Available in https://github.com/mauricioaniche/ck/}
}

@article{sklearn,
  title   = {Scikit-learn: Machine learning in {Python}},
  author  = {Pedregosa, Fabian and Varoquaux, Ga{\"e}l and Gramfort, Alexandre and Michel, Vincent and Thirion, Bertrand and Grisel, Olivier and Blondel, Mathieu and Prettenhofer, Peter and Weiss, Ron and Dubourg, Vincent and Vanderplas, Jake and Passos, Alexandre and Cournapeau, David and Brucher, Matthieu and Perrot, Matthieu and Duchesnay, \'{E}douard},
  title   = {Scikit-learn: Machine Learning in {Python}},
  journal = {Journal of Machine Learning Research},
  volume  = {12},
  number  = {85},
  pages   = {2825--2830},
  year    = {2011}
}

@inproceedings{mylyn,
  author     = {Kersten, Mik and Murphy, Gail C.},
  title      = {Using task context to improve programmer productivity},
  year       = {2006},
  xpublisher = {Association for Computing Machinery},
  booktitle  = {Proc. 14th International Symposium on Foundations of Software Engineering (FSE 2006)},
  xlocation  = {Portland, Oregon, USA},
  pages      = {1--11}
}

@inproceedings{pydriller,
  author    = {Spadini, Davide and Aniche, Maur\'{\i}cio and Bacchelli, Alberto},
  title     = {{PyDriller}: Python framework for mining software repositories},
  year      = {2018},
  pages     = {908--911},
  location  = {Lake Buena Vista, FL, USA},
  booktitle = {Proc. 26th ACM Joint Meeting on European Software Engineering Conference and Symposium on the Foundations of Software Engineering}
}

@article{mojeeb-network,
  author  = {Alkhiaty, Mojeeb and Abdel-Aal, R. and Elish, Mahmoud},
  year    = {2017},
  pages   = {803--811},
  title   = {Abductive network ensembles for improved prediction of future change-prone classes in object-oriented software},
  number  = {6},
  volume  = {14},
  journal = {International Arab Journal of Information Technology}
}

@inproceedings{catolino-pre,
  author    = {Catolino, Gemma and Ferrucci, Filomena},
  booktitle = {Proc. 2nd IEEE Workshop on Machine Learning Techniques for Software Quality Evaluation (MaLTeSQuE 2018)},
  title     = {Ensemble techniques for software change prediction: A preliminary investigation},
  year      = {2018},
  volume    = {},
  number    = {},
  pages     = {25--30}
}

@inproceedings{Hongyu-size,
  author    = {Zhang, Hongyu and Tan, Hee Beng Kuan},
  booktitle = {Proc. 14th Asia-Pacific Software Engineering Conference},
  title     = {An Empirical Study of Class Sizes for Large {Java} Systems},
  year      = {2007},
  volume    = {},
  number    = {},
  pages     = {230--237}
}

@article{natthawute-jsep201806,
  author  = {Natthawute Sae-Lim and Shinpei Hayashi and Motoshi Saeki},
  title   = {Context-Based Approach to Prioritize Code Smells for Prefactoring},
  journal = {Journal of Software: Evolution and Process},
  volume  = 30,
  number  = 6,
  pages   = {e1886:1--24},
  year    = 2018
}

 @inproceedings{tsumita-saner2023,
  author    = {Shizuka Tsumita and Shinpei Hayashi and Sousuke Amasaki},
  title     = {Large-Scale Evaluation of Method-Level Bug Localization with {FinerBench4BL}},
  booktitle = {Proc. 30th IEEE International Conference on Software Analysis, Evolution and Reengineering (SANER 2023)},
  pages     = {815--824},
  year      = 2023
}

@inproceedings{mylar,
  author    = {Kersten Mik and Murphy Gail C.},
  title     = {Mylar: A degree-of-interest model for {IDEs}},
  year      = 2005,
  booktitle = {Proc. 4th International Conference on Aspect-Oriented Software Development (AOSD 2005)},
  pages     = {159--168}
}

 @inproceedings{natthawute-mtd2017,
  author    = {Natthawute Sae-Lim and Shinpei Hayashi and Motoshi Saeki},
  title     = {Revisiting Context-Based Code Smells Prioritization: On Supporting Referred Context},
  booktitle = {Proc. XP 2017 Scientific Workshops},
  pages     = {1--5},
  year      = 2017
}

@conference{cliff'sdelta,
  author    = {Romano, J. and Kromrey, J.D. and Coraggio, J. and Skowronek, J.},
  booktitle = {Proc. 2006 Annual Meeting of the Florida Association of
               Institutional Research (FAIR 2006)},
  pages     = {1--33},
  title     = {Appropriate statistics for ordinal level data: Should we really be using t-test and Cohen's d for evaluating group differences on the {NSSE} and other surveys?},
  year      = 2006
}

@inproceedings{churn,
  author    = {Munson, J.C. and Elbaum, S.G.},
  booktitle = {Proc. 14th International Conference on Software Maintenance (ICSM 1998)},
  title     = {Code churn: A measure for estimating the impact of code change},
  pages     = {24--31},
  year      = 1998
}

@misc{figshare,
  author       = {Hiroto Sugimori and Shinpei Hayashi},
  title        = {Artifacts of {R}evisiting Method-Level Change Prediction: A Comparative Evaluation at Different Granularities},
  howpublished = {figshare, \url{https://doi.org/10.6084/m9.figshare.27678486}},
  year         = {2025}
}

@article{natthawute-ieicet201807,
  author  = {Natthawute Sae-Lim and Shinpei Hayashi and Motoshi Saeki},
  title   = {An Investigative Study on How Developers Filter and Prioritize Code Smells},
  journal = {IEICE Transactions on Information and Systems},
  volume  = {E101-D},
  number  = 7,
  pages   = {1733--1742},
  year    = 2018
}

@article{ckbug,
  author  = {Basili, V.R. and Briand, L.C. and Melo, W.L.},
  journal = {IEEE Transactions on Software Engineering},
  title   = {A validation of object-oriented design metrics as quality indicators},
  year    = {1996},
  volume  = {22},
  number  = {10},
  pages   = {751-761}
}

@article{designbug,
  author  = {Ohlsson, N. and Alberg, H.},
  journal = {IEEE Transactions on Software Engineering},
  title   = {Predicting fault-prone software modules in telephone switches},
  year    = {1996},
  volume  = {22},
  number  = {12},
  pages   = {886-894}
}

@article{ZHANG-method-bl,
  author  = {Wen Zhang and Ziqiang Li and Qing Wang and Juan Li},
  title   = {{FineLocator}: {A} novel approach to method-level fine-grained bug localization by query expansion},
  journal = {Information and Software Technology},
  volume  = {110},
  pages   = {121-135},
  year    = {2019}
}

@article{YOUM-method-bl,
  author  = {Klaus Changsun Youm and June Ahn and Eunseok Lee},
  title   = {Improved bug localization based on code change histories and bug reports},
  journal = {Information and Software Technology},
  volume  = {82},
  pages   = {177-192},
  year    = {2017}
}

@inproceedings{Almhana-class-bl,
  author    = {Almhana, Rafi and Mkaouer, Wiem and Kessentini, Marouane and Ouni, Ali},
  title     = {Recommending relevant classes for bug reports using multi-objective search},
  booktitle = {Proc. of the 31st IEEE/ACM International Conference on Automated Software Engineering (ASE 2016)},
  year      = {2016},
  pages     = {286–295}
}

@inproceedings{zhou-filebl,
  author    = {Zhou, Jian and Zhang, Hongyu and Lo, David},
  booktitle = {Proc. 34th International Conference on Software Engineering (ICSE 2012)},
  title     = {Where should the bugs be fixed? {M}ore accurate information retrieval-based bug localization based on bug reports},
  year      = {2012},
  volume    = {},
  number    = {},
  pages     = {14-24}
}

@inproceedings{amalgam,
  author    = {Wang, Shaowei and Lo, David},
  title     = {Version history, similar report, and structure: Putting them together for improved bug localization},
  year      = {2014},
  booktitle = {Proc. 22nd International Conference on Program Comprehension (ICPC 2014)},
  pages     = {53--63}
}

@article{git-stein,
  author  = {Shunta Shiba and Shinpei Hayashi},
  title   = {{Historinc}: {A} repository transformation tool for fine-grained history tracking},
  journal = {Computer Software},
  volume  = 39,
  number  = 4,
  pages   = {75--85},
  year    = 2022
}
