@String(PAMI = {IEEE Trans. Pattern Anal. Mach. Intell.})
@String(IJCV = {Int. J. Comput. Vis.})
@String(CVPR= {IEEE Conf. Comput. Vis. Pattern Recog.})
@String(ICCV= {Int. Conf. Comput. Vis.})
@String(ECCV= {Eur. Conf. Comput. Vis.})
@String(NIPS= {Adv. Neural Inform. Process. Syst.})
@String(ICPR = {Int. Conf. Pattern Recog.})
@String(BMVC= {Brit. Mach. Vis. Conf.})
@String(TOG= {ACM Trans. Graph.})
@String(TIP  = {IEEE Trans. Image Process.})
@String(TVCG  = {IEEE Trans. Vis. Comput. Graph.})
@String(TMM  = {IEEE Trans. Multimedia})
@String(ACMMM= {ACM Int. Conf. Multimedia})
@String(ICME = {Int. Conf. Multimedia and Expo})
@String(ICASSP=	{ICASSP})
@String(ICIP = {IEEE Int. Conf. Image Process.})
@String(ACCV  = {ACCV})
@String(ICLR = {Int. Conf. Learn. Represent.})
@String(IJCAI = {IJCAI})
@String(PR   = {Pattern Recognition})
@String(AAAI = {AAAI})
@String(CVPRW= {IEEE Conf. Comput. Vis. Pattern Recog. Worksh.})
@String(CSVT = {IEEE Trans. Circuit Syst. Video Technol.})

@String(SPL	= {IEEE Sign. Process. Letters})
@String(VR   = {Vis. Res.})
@String(JOV	 = {J. Vis.})
@String(TVC  = {The Vis. Comput.})
@String(JCST  = {J. Comput. Sci. Tech.})
@String(CGF  = {Comput. Graph. Forum})
@String(CVM = {Computational Visual Media})


@String(PAMI  = {IEEE TPAMI})
@String(IJCV  = {IJCV})
@String(CVPR  = {CVPR})
@String(ICCV  = {ICCV})
@String(ECCV  = {ECCV})
@String(NIPS  = {NeurIPS})
@String(ICPR  = {ICPR})
@String(BMVC  =	{BMVC})
@String(TOG   = {ACM TOG})
@String(TIP   = {IEEE TIP})
@String(TVCG  = {IEEE TVCG})
@String(TCSVT = {IEEE TCSVT})
@String(TMM   =	{IEEE TMM})
@String(ACMMM = {ACM MM})
@String(ICME  =	{ICME})
@String(ICASSP=	{ICASSP})
@String(ICIP  = {ICIP})
@String(ACCV  = {ACCV})
@String(ICLR  = {ICLR})
@String(IJCAI = {IJCAI})
@String(PR = {PR})
@String(AAAI = {AAAI})
@String(CVPRW= {CVPRW})
@String(CSVT = {IEEE TCSVT})



@article{becker2020strengthening,
  title={Strengthening agricultural decisions in countries at risk of food insecurity: The GEOGLAM Crop Monitor for Early Warning},
  author={Becker-Reshef, Inbal and Justice, Christina and Barker, Brian and Humber, Michael and Rembold, Felix and Bonifacio, Rogerio and Zappacosta, Mario and Budde, Mike and Magadzire, Tamuka and Shitote, Chris and others},
  journal={Remote Sensing of Environment},
  volume={237},
  pages={111553},
  year={2020},
  publisher={Elsevier}
}


@misc{earthgenome,
  title = {How "{AI}" can decode the {E}arth’s “{G}enome”},
  howpublished = {\url{https://medium.com/earthrisemedia/were-entering-a-world-of-planetary-genetics-powered-by-ai-74f269875f2d}},
  author={Strong, Ben},
  note = {Accessed: 2024-09-05}
}

@inproceedings{ayush2021geography,
  title={Geography-aware self-supervised learning},
  author={Ayush, Kumar and Uzkent, Burak and Meng, Chenlin and Tanmay, Kumar and Burke, Marshall and Lobell, David and Ermon, Stefano},
  booktitle={Proceedings of the IEEE/CVF International Conference on Computer Vision},
  pages={10181--10190},
  year={2021}
}

@inproceedings{jean2019tile2vec,
  title={Tile2vec: Unsupervised representation learning for spatially distributed data},
  author={Jean, Neal and Wang, Sherrie and Samar, Anshul and Azzari, George and Lobell, David and Ermon, Stefano},
  booktitle={Proceedings of the AAAI Conference on Artificial Intelligence},
  pages={3967--3974},
  year={2019}
}

@article{cong2022satmae,
  title={Satmae: Pre-training transformers for temporal and multi-spectral satellite imagery},
  author={Cong, Yezhen and Khanna, Samar and Meng, Chenlin and Liu, Patrick and Rozi, Erik and He, Yutong and Burke, Marshall and Lobell, David and Ermon, Stefano},
  journal={Advances in Neural Information Processing Systems},
  volume={35},
  pages={197--211},
  year={2022}
}

@inproceedings{rapidresponse,
    title={Rapid Response Crop Maps in Data Sparse Regions},
    author={Hannah Kerner and Gabriel Tseng and Inbal Becker-Reshef and Catherine Nakalembe and Brian Barker and Blake Munshell and Madhava Paliyam and Mehdi Hosseini},
    year={2020},
    booktitle={ACM SIGKDD Conference on Data Mining and Knowledge Discovery Workshops}
}

@misc{nedungadi2024mmearth,
      title={MMEarth: Exploring Multi-Modal Pretext Tasks For Geospatial Representation Learning},
      author={Vishal Nedungadi and Ankit Kariryaa and Stefan Oehmcke and Serge Belongie and Christian Igel and Nico Lang},
      year={2024},
      eprint={2405.02771},
      archivePrefix={arXiv},
      primaryClass={cs.CV}
}

@inproceedings{reed2023scale,
  title={Scale-mae: A scale-aware masked autoencoder for multiscale geospatial representation learning},
  author={Reed, Colorado J and Gupta, Ritwik and Li, Shufan and Brockman, Sarah and Funk, Christopher and Clipp, Brian and Keutzer, Kurt and Candido, Salvatore and Uyttendaele, Matt and Darrell, Trevor},
  booktitle={Proceedings of the IEEE/CVF International Conference on Computer Vision},
  pages={4088--4099},
  year={2023}
}

@InProceedings{Cai_2024_CVPR,
    author    = {Cai, Han and Li, Muyang and Zhang, Qinsheng and Liu, Ming-Yu and Han, Song},
    title     = {Condition-Aware Neural Network for Controlled Image Generation},
    booktitle = {Proceedings of the IEEE/CVF Conference on Computer Vision and Pattern Recognition (CVPR)},
    month     = {June},
    year      = {2024},
    pages     = {7194-7203}
}

@INPROCEEDINGS {once_for_all,
author = {H. Chen and Y. Li and Y. Cui and M. Zhang and W. Chao and L. Zhang},
booktitle = {2023 IEEE/CVF Conference on Computer Vision and Pattern Recognition (CVPR)},
title = {Train-Once-for-All Personalization},
year = {2023},
}

@inproceedings{
dosovitskiy2021an,
title={An Image is Worth 16x16 Words: Transformers for Image Recognition at Scale},
author={Alexey Dosovitskiy and Lucas Beyer and Alexander Kolesnikov and Dirk Weissenborn and Xiaohua Zhai and Thomas Unterthiner and Mostafa Dehghani and Matthias Minderer and Georg Heigold and Sylvain Gelly and Jakob Uszkoreit and Neil Houlsby},
booktitle={International Conference on Learning Representations},
year={2021},
url={https://openreview.net/forum?id=YicbFdNTTy}
}

@inproceedings{bai2024sequential,
  title={Sequential modeling enables scalable learning for large vision models},
  author={Bai, Yutong and Geng, Xinyang and Mangalam, Karttikeya and Bar, Amir and Yuille, Alan L and Darrell, Trevor and Malik, Jitendra and Efros, Alexei A},
  booktitle={Proceedings of the IEEE/CVF Conference on Computer Vision and Pattern Recognition},
  pages={22861--22872},
  year={2024}
}

@inproceedings{
hu2022lora,
title={Lo{RA}: Low-Rank Adaptation of Large Language Models},
author={Edward J Hu and yelong shen and Phillip Wallis and Zeyuan Allen-Zhu and Yuanzhi Li and Shean Wang and Lu Wang and Weizhu Chen},
booktitle={International Conference on Learning Representations},
year={2022},
url={https://openreview.net/forum?id=nZeVKeeFYf9}
}

@article{
yu2022coca,
title={CoCa: Contrastive Captioners are Image-Text Foundation Models},
author={Jiahui Yu and Zirui Wang and Vijay Vasudevan and Legg Yeung and Mojtaba Seyedhosseini and Yonghui Wu},
journal={Transactions on Machine Learning Research},
issn={2835-8856},
year={2022},
url={https://openreview.net/forum?id=Ee277P3AYC},
note={}
}

@inproceedings{he2022masked,
  title={{Masked autoencoders are scalable vision learners}},
  author={He, Kaiming and Chen, Xinlei and Xie, Saining and Li, Yanghao and Doll{\'a}r, Piotr and Girshick, Ross},
  booktitle={Proceedings of the IEEE/CVF conference on computer vision and pattern recognition},
  pages={16000--16009},
  year={2022}
}

@inproceedings{noman2024rethinking,
  title={{Rethinking transformers pre-training for multi-spectral satellite imagery}},
  author={Noman, Mubashir and Naseer, Muzammal and Cholakkal, Hisham and Anwer, Rao Muhammad and Khan, Salman and Khan, Fahad Shahbaz},
  booktitle={Proceedings of the IEEE/CVF Conference on Computer Vision and Pattern Recognition},
  pages={27811--27819},
  year={2024}
}

@article{fuller2024croma,
  title={{CROMA: Remote sensing representations with contrastive radar-optical masked autoencoders}},
  author={Fuller, Anthony and Millard, Koreen and Green, James},
  journal={Advances in Neural Information Processing Systems},
  volume={36},
  year={2024}
}

@article{khosla2020supervised,
  title={{Supervised contrastive learning}},
  author={Khosla, Prannay and Teterwak, Piotr and Wang, Chen and Sarna, Aaron and Tian, Yonglong and Isola, Phillip and Maschinot, Aaron and Liu, Ce and Krishnan, Dilip},
  journal={Advances in neural information processing systems},
  volume={33},
  pages={18661--18673},
  year={2020}
}

@inproceedings{zhang2022use,
  title={{Use all the labels: A hierarchical multi-label contrastive learning framework}},
  author={Zhang, Shu and Xu, Ran and Xiong, Caiming and Ramaiah, Chetan},
  booktitle={Proceedings of the IEEE/CVF Conference on Computer Vision and Pattern Recognition},
  pages={16660--16669},
  year={2022}
}

@article{wang2024multi,
  title={{Multi-Label Guided Soft Contrastive Learning for Efficient Earth Observation Pretraining}},
  author={Wang, Yi and Albrecht, Conrad M and Zhu, Xiao Xiang},
  journal={arXiv preprint arXiv:2405.20462},
  year={2024}
}

@inproceedings{woo2023convnext,
  title={{Convnext v2: Co-designing and scaling convnets with masked autoencoders}},
  author={Woo, Sanghyun and Debnath, Shoubhik and Hu, Ronghang and Chen, Xinlei and Liu, Zhuang and Kweon, In So and Xie, Saining},
  booktitle={Proceedings of the IEEE/CVF Conference on Computer Vision and Pattern Recognition},
  pages={16133--16142},
  year={2023}
}

@article{tseng2023lightweight,
  title={Lightweight, pre-trained transformers for remote sensing timeseries},
  author={Tseng, Gabriel and Cartuyvels, Ruben and Zvonkov, Ivan and Purohit, Mirali and Rolnick, David and Kerner, Hannah},
  journal={arXiv preprint arXiv:2304.14065},
  year={2023}
}

@inproceedings{bastani2023satlaspretrain,
  title={Satlaspretrain: A large-scale dataset for remote sensing image understanding},
  author={Bastani, Favyen and Wolters, Piper and Gupta, Ritwik and Ferdinando, Joe and Kembhavi, Aniruddha},
  booktitle={Proceedings of the IEEE/CVF International Conference on Computer Vision},
  pages={16772--16782},
  year={2023}
}

@inproceedings{liu2021swin,
  title={Swin transformer: Hierarchical vision transformer using shifted windows},
  author={Liu, Ze and Lin, Yutong and Cao, Yue and Hu, Han and Wei, Yixuan and Zhang, Zheng and Lin, Stephen and Guo, Baining},
  booktitle={Proceedings of the IEEE/CVF international conference on computer vision},
  pages={10012--10022},
  year={2021}
}

@article{tang2024cross,
  title={Cross-Scale MAE: A tale of multiscale exploitation in remote sensing},
  author={Tang, Maofeng and Cozma, Andrei and Georgiou, Konstantinos and Qi, Hairong},
  journal={Advances in Neural Information Processing Systems},
  volume={36},
  year={2024}
}

@inproceedings{guo2024skysense,
  title={Skysense: A multi-modal remote sensing foundation model towards universal interpretation for earth observation imagery},
  author={Guo, Xin and Lao, Jiangwei and Dang, Bo and Zhang, Yingying and Yu, Lei and Ru, Lixiang and Zhong, Liheng and Huang, Ziyuan and Wu, Kang and Hu, Dingxiang and others},
  booktitle={Proceedings of the IEEE/CVF Conference on Computer Vision and Pattern Recognition},
  pages={27672--27683},
  year={2024}
}

@article{astruc2024omnisat,
  title={Omni{S}at: {S}elf-Supervised Modality Fusion for {E}arth Observation},
  author={Astruc, Guillaume and Gonthier, Nicolas and Mallet, Clement and Landrieu, Loic},
  journal={ECCV},
  year={2024}
}

@inproceedings{han2024bridging,
  title={Bridging remote sensors with multisensor geospatial foundation models},
  author={Han, Boran and Zhang, Shuai and Shi, Xingjian and Reichstein, Markus},
  booktitle={Proceedings of the IEEE/CVF Conference on Computer Vision and Pattern Recognition},
  pages={27852--27862},
  year={2024}
}

@article{barmpoutis2020review,
  title={A review on early forest fire detection systems using optical remote sensing},
  author={Barmpoutis, Panagiotis and Papaioannou, Periklis and Dimitropoulos, Kosmas and Grammalidis, Nikos},
  journal={Sensors},
  volume={20},
  number={22},
  pages={6442},
  year={2020},
  publisher={MDPI}
}

@article{xiong2024neural,
  title={{Neural plasticity-inspired foundation model for observing the earth crossing modalities}},
  author={Xiong, Zhitong and Wang, Yi and Zhang, Fahong and Stewart, Adam J and Hanna, Jo{\"e}lle and Borth, Damian and Papoutsis, Ioannis and Saux, Bertrand Le and Camps-Valls, Gustau and Zhu, Xiao Xiang},
  journal={arXiv preprint arXiv:2403.15356},
  year={2024}
}

@article{fuller2022satvit,
  title={{SatViT: Pretraining transformers for earth observation}},
  author={Fuller, Anthony and Millard, Koreen and Green, James R},
  journal={IEEE Geoscience and Remote Sensing Letters},
  volume={19},
  pages={1--5},
  year={2022},
  publisher={IEEE}
}

@article{wang2023ssl4eo,
  title={{SSL4EO-S12: A large-scale multimodal, multitemporal dataset for self-supervised learning in Earth observation}},
  author={Wang, Yi and Braham, Nassim Ait Ali and Xiong, Zhitong and Liu, Chenying and Albrecht, Conrad M and Zhu, Xiao Xiang},
  journal={IEEE Geoscience and Remote Sensing Magazine},
  volume={11},
  number={3},
  pages={98--106},
  year={2023},
  publisher={IEEE}
}

@inproceedings{manas2021seasonal,
  title={{Seasonal contrast: Unsupervised pre-training from uncurated remote sensing data}},
  author={Manas, Oscar and Lacoste, Alexandre and Gir{\'o}-i-Nieto, Xavier and Vazquez, David and Rodriguez, Pau},
  booktitle={Proceedings of the IEEE/CVF International Conference on Computer Vision},
  pages={9414--9423},
  year={2021}
}

@misc{bachmann20244m21anytoanyvisionmodel,
      title={{4M-21: An Any-to-Any Vision Model for Tens of Tasks and Modalities}}, 
      author={Roman Bachmann and Oğuzhan Fatih Kar and David Mizrahi and Ali Garjani and Mingfei Gao and David Griffiths and Jiaming Hu and Afshin Dehghan and Amir Zamir},
      year={2024},
      eprint={2406.09406},
      archivePrefix={arXiv},
      primaryClass={cs.CV},
      url={https://arxiv.org/abs/2406.09406}, 
}

@inproceedings{baobeit,
  title={BEiT: BERT Pre-Training of Image Transformers},
  author={Bao, Hangbo and Dong, Li and Piao, Songhao and Wei, Furu},
  booktitle={International Conference on Learning Representations},
  year={2022}
}

@inproceedings{assran2022masked,
  title={Masked siamese networks for label-efficient learning},
  author={Assran, Mahmoud and Caron, Mathilde and Misra, Ishan and Bojanowski, Piotr and Bordes, Florian and Vincent, Pascal and Joulin, Armand and Rabbat, Mike and Ballas, Nicolas},
  booktitle={European Conference on Computer Vision},
  pages={456--473},
  year={2022},
  organization={Springer}
}

@inproceedings{assran2023self,
  title={Self-supervised learning from images with a joint-embedding predictive architecture},
  author={Assran, Mahmoud and Duval, Quentin and Misra, Ishan and Bojanowski, Piotr and Vincent, Pascal and Rabbat, Michael and LeCun, Yann and Ballas, Nicolas},
  booktitle={Proceedings of the IEEE/CVF Conference on Computer Vision and Pattern Recognition},
  pages={15619--15629},
  year={2023}
}

@inproceedings{perez2018film,
  title={Film: Visual reasoning with a general conditioning layer},
  author={Perez, Ethan and Strub, Florian and De Vries, Harm and Dumoulin, Vincent and Courville, Aaron},
  booktitle={Proceedings of the AAAI conference on artificial intelligence},
  volume={32},
  number={1},
  year={2018}
}

@inproceedings{
tay2023ul,
title={{UL}2: Unifying Language Learning Paradigms},
author={Yi Tay and Mostafa Dehghani and Vinh Q. Tran and Xavier Garcia and Jason Wei and Xuezhi Wang and Hyung Won Chung and Dara Bahri and Tal Schuster and Steven Zheng and Denny Zhou and Neil Houlsby and Donald Metzler},
booktitle={The Eleventh International Conference on Learning Representations },
year={2023},
url={https://openreview.net/forum?id=6ruVLB727MC}
}

@inproceedings{kang2023scaling,
  title={Scaling up gans for text-to-image synthesis},
  author={Kang, Minguk and Zhu, Jun-Yan and Zhang, Richard and Park, Jaesik and Shechtman, Eli and Paris, Sylvain and Park, Taesung},
  booktitle={Proceedings of the IEEE/CVF Conference on Computer Vision and Pattern Recognition},
  pages={10124--10134},
  year={2023}
}

@article{yang2019condconv,
  title={Condconv: Conditionally parameterized convolutions for efficient inference},
  author={Yang, Brandon and Bender, Gabriel and Le, Quoc V and Ngiam, Jiquan},
  journal={Advances in neural information processing systems},
  volume={32},
  year={2019}
}

@article{fernando2017pathnet,
  title={Pathnet: Evolution channels gradient descent in super neural networks},
  author={Fernando, Chrisantha and Banarse, Dylan and Blundell, Charles and Zwols, Yori and Ha, David and Rusu, Andrei A and Pritzel, Alexander and Wierstra, Daan},
  journal={arXiv preprint arXiv:1701.08734},
  year={2017}
}

@article{bengio2015conditional,
  title={Conditional computation in neural networks for faster models},
  author={Bengio, Emmanuel and Bacon, Pierre-Luc and Pineau, Joelle and Precup, Doina},
  journal={arXiv preprint arXiv:1511.06297},
  year={2015}
}

@article{bengio2013estimating,
  title={Estimating or propagating gradients through stochastic neurons for conditional computation},
  author={Bengio, Yoshua and L{\'e}onard, Nicholas and Courville, Aaron},
  journal={arXiv preprint arXiv:1308.3432},
  year={2013}
}

@inproceedings{
shazeer2017,
title={ Outrageously Large Neural Networks: The Sparsely-Gated Mixture-of-Experts Layer},
author={Noam Shazeer and *Azalia Mirhoseini and *Krzysztof Maziarz and Andy Davis and Quoc Le and Geoffrey Hinton and Jeff Dean},
booktitle={International Conference on Learning Representations},
year={2017},
url={https://openreview.net/forum?id=B1ckMDqlg}
}

@inproceedings{chen2023train,
  title={Train-once-for-all personalization},
  author={Chen, Hong-You and Li, Yandong and Cui, Yin and Zhang, Mingda and Chao, Wei-Lun and Zhang, Li},
  booktitle={Proceedings of the IEEE/CVF Conference on Computer Vision and Pattern Recognition},
  pages={11818--11827},
  year={2023}
}

@inproceedings{
zuo2022taming,
title={Taming Sparsely Activated Transformer with Stochastic Experts},
author={Simiao Zuo and Xiaodong Liu and Jian Jiao and Young Jin Kim and Hany Hassan and Ruofei Zhang and Jianfeng Gao and Tuo Zhao},
booktitle={International Conference on Learning Representations},
year={2022},
url={https://openreview.net/forum?id=B72HXs80q4}
}

@inproceedings{
lepikhin2021gshard,
title={{\{}GS{\}}hard: Scaling Giant Models with Conditional Computation and Automatic Sharding},
author={Dmitry Lepikhin and HyoukJoong Lee and Yuanzhong Xu and Dehao Chen and Orhan Firat and Yanping Huang and Maxim Krikun and Noam Shazeer and Zhifeng Chen},
booktitle={International Conference on Learning Representations},
year={2021},
url={https://openreview.net/forum?id=qrwe7XHTmYb}
}

@article{fedus2022switch,
  title={Switch transformers: Scaling to trillion parameter models with simple and efficient sparsity},
  author={Fedus, William and Zoph, Barret and Shazeer, Noam},
  journal={Journal of Machine Learning Research},
  volume={23},
  number={120},
  pages={1--39},
  year={2022}
}

@inproceedings{
ha2017hypernetworks,
title={HyperNetworks},
author={David Ha and Andrew M. Dai and Quoc V. Le},
booktitle={International Conference on Learning Representations},
year={2017},
url={https://openreview.net/forum?id=rkpACe1lx}
}

@article{schmidhuber1992learning,
  title={Learning to control fast-weight memories: An alternative to dynamic recurrent networks},
  author={Schmidhuber, J{\"u}rgen},
  journal={Neural Computation},
  volume={4},
  number={1},
  pages={131--139},
  year={1992},
  publisher={MIT Press One Rogers Street, Cambridge, MA 02142-1209, USA journals-info~…}
}


@InProceedings{pmlr-v235-rolf24a,
  title = 	 {Position: Mission Critical – Satellite Data is a Distinct Modality in Machine Learning},
  author =       {Rolf, Esther and Klemmer, Konstantin and Robinson, Caleb and Kerner, Hannah},
  booktitle = 	 {Proceedings of the 41st International Conference on Machine Learning},
  pages = 	 {42691--42706},
  year = 	 {2024},
}

@inproceedings{maskey2020advancing,
  title={Advancing AI for Earth science: A data systems perspective},
  author={Maskey, Manil},
  booktitle={ESA EO Phiweek},
  year={2020}
}

@inproceedings{wei2024towards,
  title={Towards Latent Masked Image Modeling for Self-Supervised Visual Representation Learning},
  author={Wei, Yibing and Gupta, Abhinav and Morgado, Pedro},
  booktitle={ECCV},
  year={2024}
}

@article{van2023worldcereal,
  title={WorldCereal: a dynamic open-source system for global-scale, seasonal, and reproducible crop and irrigation mapping},
  author={Van Tricht, Kristof and Degerickx, Jeroen and Gilliams, Sven and Zanaga, Daniele and Battude, Marjorie and Grosu, Alex and Brombacher, Joost and Lesiv, Myroslava and Bayas, Juan Carlos Laso and Karanam, Santosh and others},
  journal={Earth System Science Data Discussions},
  volume={2023},
  pages={1--36},
  year={2023},
  publisher={G{\"o}ttingen, Germany}
}

@inproceedings{beyer2023flexivit,
  title={Flexivit: One model for all patch sizes},
  author={Beyer, Lucas and Izmailov, Pavel and Kolesnikov, Alexander and Caron, Mathilde and Kornblith, Simon and Zhai, Xiaohua and Minderer, Matthias and Tschannen, Michael and Alabdulmohsin, Ibrahim and Pavetic, Filip},
  booktitle={Proceedings of the IEEE/CVF Conference on Computer Vision and Pattern Recognition},
  pages={14496--14506},
  year={2023}
}

@inproceedings{
park2023what,
title={What Do Self-Supervised Vision Transformers Learn?},
author={Namuk Park and Wonjae Kim and Byeongho Heo and Taekyung Kim and Sangdoo Yun},
booktitle={The Eleventh International Conference on Learning Representations },
year={2023},
url={https://openreview.net/forum?id=azCKuYyS74}
}

@inproceedings{
balestriero2024how,
title={How Learning by Reconstruction Produces Uninformative Features For Perception},
author={Randall Balestriero and Yann LeCun},
booktitle={Forty-first International Conference on Machine Learning},
year={2024},
url={https://openreview.net/forum?id=XsDWw1Mn2p}
}

@inproceedings{xie2022simmim,
  title={Simmim: A simple framework for masked image modeling},
  author={Xie, Zhenda and Zhang, Zheng and Cao, Yue and Lin, Yutong and Bao, Jianmin and Yao, Zhuliang and Dai, Qi and Hu, Han},
  booktitle={Proceedings of the IEEE/CVF conference on computer vision and pattern recognition},
  pages={9653--9663},
  year={2022}
}

@misc{worldcerealsbenchmark,
  title = {Mapping crops at global scale! What works and what doesn't?},
  howpublished = {\url{https://blog.vito.be/remotesensing/worldcereal-benchmarking}},
  note = {Accessed: 2023-07-31},
  year={2021},
  author={Van Tricht, Kristof}
}

@article{10.1371/journal.pone.0169748,
    author = {Hengl, Tomislav AND Mendes de Jesus, Jorge AND Heuvelink, Gerard B. M. AND Ruiperez Gonzalez, Maria AND Kilibarda, Milan AND Blagotić, Aleksandar AND Shangguan, Wei AND Wright, Marvin N. AND Geng, Xiaoyuan AND Bauer-Marschallinger, Bernhard AND Guevara, Mario Antonio AND Vargas, Rodrigo AND MacMillan, Robert A. AND Batjes, Niels H. AND Leenaars, Johan G. B. AND Ribeiro, Eloi AND Wheeler, Ichsani AND Mantel, Stephan AND Kempen, Bas},
    journal = {PLOS ONE},
    publisher = {Public Library of Science},
    title = {SoilGrids250m: Global gridded soil information based on machine learning},
    year = {2017},
}

@inproceedings{robinson2019large,
  title={Large scale high-resolution land cover mapping with multi-resolution data},
  author={Robinson, Caleb and Hou, Le and Malkin, Kolya and Soobitsky, Rachel and Czawlytko, Jacob and Dilkina, Bistra and Jojic, Nebojsa},
  booktitle={CVPR},
  year={2019}
}

@misc{vincent2024detectinglootedarchaeologicalsites,
      title={Detecting Looted Archaeological Sites from Satellite Image Time Series}, 
      author={Elliot Vincent and Mehraïl Saroufim and Jonathan Chemla and Yves Ubelmann and Philippe Marquis and Jean Ponce and Mathieu Aubry},
      year={2024},
      eprint={2409.09432},
      archivePrefix={arXiv},
      primaryClass={cs.CV},
      url={https://arxiv.org/abs/2409.09432}, 
}

@article{devlin2018bert,
  title={BERT: Pre-training of Deep Bidirectional Transformers for Language Understanding},
  author={Devlin, Jacob and Chang, Ming-Wei and Lee, Kenton and Toutanova, Kristina},
  journal={arXiv preprint arXiv:1810.04805},
  year={2018}
}

@article{mizrahi20244m,
  title={4m: Massively multimodal masked modeling},
  author={Mizrahi, David and Bachmann, Roman and Kar, Oguzhan and Yeo, Teresa and Gao, Mingfei and Dehghan, Afshin and Zamir, Amir},
  journal={Advances in Neural Information Processing Systems},
  volume={36},
  year={2024}
}

@inproceedings{bachmann2022multimae,
  title={Multimae: Multi-modal multi-task masked autoencoders},
  author={Bachmann, Roman and Mizrahi, David and Atanov, Andrei and Zamir, Amir},
  booktitle={European Conference on Computer Vision},
  pages={348--367},
  year={2022},
  organization={Springer}
}

@misc{soylu2024finetuningpromptoptimizationgreat,
      title={Fine-Tuning and Prompt Optimization: Two Great Steps that Work Better Together}, 
      author={Dilara Soylu and Christopher Potts and Omar Khattab},
      year={2024},
      eprint={2407.10930},
      archivePrefix={arXiv},
      primaryClass={cs.CL},
      url={https://arxiv.org/abs/2407.10930}, 
}

@article{10.1145/3560815,
author = {Liu, Pengfei and Yuan, Weizhe and Fu, Jinlan and Jiang, Zhengbao and Hayashi, Hiroaki and Neubig, Graham},
title = {Pre-train, Prompt, and Predict: A Systematic Survey of Prompting Methods in Natural Language Processing},
year = {2023},
issue_date = {September 2023},
publisher = {Association for Computing Machinery},
address = {New York, NY, USA},
volume = {55},
number = {9},
issn = {0360-0300},
journal = {ACM Comput. Surv.},
month = jan,
articleno = {195},
numpages = {35},
}

@inproceedings{ma-etal-2023-prompt,
    title = "Is Prompt-Based Finetuning Always Better than Vanilla Finetuning? Insights from Cross-Lingual Language Understanding",
    author = "Ma, Bolei  and
      Nie, Ercong  and
      Schmid, Helmut  and
      Schuetze, Hinrich",
    editor = "Georges, Munir  and
      Herygers, Aaricia  and
      Friedrich, Annemarie  and
      Roth, Benjamin",
    booktitle = "Proceedings of the 19th Conference on Natural Language Processing (KONVENS 2023)",
    month = sep,
    year = "2023",
    address = "Ingolstadt, Germany",
    publisher = "Association for Computational Lingustics",
    url = "https://aclanthology.org/2023.konvens-main.1",
    pages = "1--16",
}

@inproceedings{xu2024harvestnet,
  title={HarvestNet: A Dataset for Detecting Smallholder Farming Activity Using Harvest Piles and Remote Sensing},
  author={Xu, Jonathan and Elmustafa, Amna and Weldegebriel, Liya and Negash, Emnet and Lee, Richard and Meng, Chenlin and Ermon, Stefano and Lobell, David},
  booktitle={Proceedings of the IEEE/CVF Conference on Computer Vision and Pattern Recognition},
  pages={5366--5374},
  year={2024}
}

@article{zhang2023makes,
  title={What makes good examples for visual in-context learning?},
  author={Zhang, Yuanhan and Zhou, Kaiyang and Liu, Ziwei},
  journal={Advances in Neural Information Processing Systems},
  volume={36},
  pages={17773--17794},
  year={2023}
}

@inproceedings{zhou-etal-2024-visual,
    title = "Visual In-Context Learning for Large Vision-Language Models",
    author = "Zhou, Yucheng  and
      Li, Xiang  and
      Wang, Qianning  and
      Shen, Jianbing",
    editor = "Ku, Lun-Wei  and
      Martins, Andre  and
      Srikumar, Vivek",
    booktitle = "Findings of the Association for Computational Linguistics ACL 2024",
    month = aug,
    year = "2024",
    address = "Bangkok, Thailand and virtual meeting",
    publisher = "Association for Computational Linguistics",
    url = "https://aclanthology.org/2024.findings-acl.940",
    doi = "10.18653/v1/2024.findings-acl.940",
    pages = "15890--15902",
}

@inproceedings{wang2023images,
  title={Images speak in images: A generalist painter for in-context visual learning},
  author={Wang, Xinlong and Wang, Wen and Cao, Yue and Shen, Chunhua and Huang, Tiejun},
  booktitle={Proceedings of the IEEE/CVF Conference on Computer Vision and Pattern Recognition},
  pages={6830--6839},
  year={2023}
}

@inproceedings{gpt3,
 author = {Brown, Tom and Mann, Benjamin and Ryder, Nick and Subbiah, Melanie and Kaplan, Jared D and Dhariwal, Prafulla and Neelakantan, Arvind and Shyam, Pranav and Sastry, Girish and Askell, Amanda and Agarwal, Sandhini and Herbert-Voss, Ariel and Krueger, Gretchen and Henighan, Tom and Child, Rewon and Ramesh, Aditya and Ziegler, Daniel and Wu, Jeffrey and Winter, Clemens and Hesse, Chris and Chen, Mark and Sigler, Eric and Litwin, Mateusz and Gray, Scott and Chess, Benjamin and Clark, Jack and Berner, Christopher and McCandlish, Sam and Radford, Alec and Sutskever, Ilya and Amodei, Dario},
 booktitle = {Advances in Neural Information Processing Systems},
 pages = {1877--1901},
 title = {Language Models are Few-Shot Learners},
 url = {https://proceedings.neurips.cc/paper_files/paper/2020/file/1457c0d6bfcb4967418bfb8ac142f64a-Paper.pdf},
 volume = {33},
 year = {2020}
}

@article{lu2024context,
  title={In-context Time Series Predictor},
  author={Lu, Jiecheng and Sun, Yan and Yang, Shihao},
  journal={arXiv preprint arXiv:2405.14982},
  year={2024}
}

@misc{rasul2024lagllama,
      title={Lag-Llama: Towards Foundation Models for Probabilistic Time Series Forecasting}, 
      author={Kashif Rasul and Arjun Ashok and Andrew Robert Williams and Hena Ghonia and Rishika Bhagwatkar and Arian Khorasani and Mohammad Javad Darvishi Bayazi and George Adamopoulos and Roland Riachi and Nadhir Hassen and Marin Biloš and Sahil Garg and Anderson Schneider and Nicolas Chapados and Alexandre Drouin and Valentina Zantedeschi and Yuriy Nevmyvaka and Irina Rish},
      year={2024},
      eprint={2310.08278},
      archivePrefix={arXiv},
      primaryClass={cs.LG}
}

@article{dong2022survey,
  title={A survey on in-context learning},
  author={Dong, Qingxiu and Li, Lei and Dai, Damai and Zheng, Ce and Wu, Zhiyong and Chang, Baobao and Sun, Xu and Xu, Jingjing and Sui, Zhifang},
  journal={arXiv preprint arXiv:2301.00234},
  year={2022}
}

@inproceedings{gupta2024incontextsymmetriesselfsupervisedlearning,
      title={In-Context Symmetries: Self-Supervised Learning through Contextual World Models}, 
      author={Sharut Gupta and Chenyu Wang and Yifei Wang and Tommi Jaakkola and Stefanie Jegelka},
      year={2024},
        booktitle = {Advances in Neural Information Processing Systems},
}

@article{wang2024decoupling,
  title={Decoupling Common and Unique Representations for Multimodal Self-supervised Learning},
  author={Wang, Yi and Albrecht, Conrad M and Braham, Nassim Ait Ali and Liu, Chenying and Xiong, Zhitong and Zhu, Xiao Xiang},
  journal={arXiv preprint arXiv:2309.05300},
  year={2024}
}

@inproceedings{zbontar2021barlow,
  title={Barlow twins: Self-supervised learning via redundancy reduction},
  author={Zbontar, Jure and Jing, Li and Misra, Ishan and LeCun, Yann and Deny, St{\'e}phane},
  booktitle={International conference on machine learning},
  pages={12310--12320},
  year={2021},
  organization={PMLR}
}

@inproceedings{
gong2023contrastive,
title={Contrastive Audio-Visual Masked Autoencoder},
author={Yuan Gong and Andrew Rouditchenko and Alexander H. Liu and David Harwath and Leonid Karlinsky and Hilde Kuehne and James R. Glass},
booktitle={The Eleventh International Conference on Learning Representations },
year={2023},
url={https://openreview.net/forum?id=QPtMRyk5rb}
}

@inproceedings{
huang2023mavil,
title={{MAV}iL: Masked Audio-Video Learners},
author={Po-Yao Huang and Vasu Sharma and Hu Xu and Chaitanya Ryali and Haoqi Fan and Yanghao Li and Shang-Wen Li and Gargi Ghosh and Jitendra Malik and Christoph Feichtenhofer},
booktitle={Thirty-seventh Conference on Neural Information Processing Systems},
year={2023},
url={https://openreview.net/forum?id=OmTMaTbjac}
}

@inproceedings{hernandez2025vic,
  title={Vic-mae: Self-supervised representation learning from images and video with contrastive masked autoencoders},
  author={Hernandez, Jefferson and Villegas, Ruben and Ordonez, Vicente},
  booktitle={European Conference on Computer Vision},
  pages={444--463},
  year={2025},
  organization={Springer}
}

@inproceedings{guo2024crossmae,
  title={CrossMAE: Cross-Modality Masked Autoencoders for Region-Aware Audio-Visual Pre-Training},
  author={Guo, Yuxin and Sun, Siyang and Ma, Shuailei and Zheng, Kecheng and Bao, Xiaoyi and Ma, Shijie and Zou, Wei and Zheng, Yun},
  booktitle={Proceedings of the IEEE/CVF Conference on Computer Vision and Pattern Recognition},
  pages={26721--26731},
  year={2024}
}

@article{le2020contrastive,
  title={Contrastive representation learning: A framework and review},
  author={Le-Khac, Phuc H and Healy, Graham and Smeaton, Alan F},
  journal={Ieee Access},
  volume={8},
  pages={193907--193934},
  year={2020},
  publisher={IEEE}
}

@article{radfordimproving,
  title={Improving Language Understanding by Generative Pre-Training},
  author={Radford, Alec and Narasimhan, Karthik and Salimans, Tim and Sutskever, Ilya},
  year=2018,
  journal={OpenAI technical reports}
}

@misc{skipgram,
      title={Efficient Estimation of Word Representations in Vector Space}, 
      author={Tomas Mikolov and Kai Chen and Greg Corrado and Jeffrey Dean},
      year={2013},
      eprint={1301.3781},
      archivePrefix={arXiv},
      primaryClass={cs.CL},
      url={https://arxiv.org/abs/1301.3781}, 
}

@inproceedings{vincent2008extracting,
  title={Extracting and composing robust features with denoising autoencoders},
  author={Vincent, Pascal and Larochelle, Hugo and Bengio, Yoshua and Manzagol, Pierre-Antoine},
  booktitle={Proceedings of the 25th international conference on Machine learning},
  pages={1096--1103},
  year={2008}
}

@inproceedings{chen2020simple,
  title={A simple framework for contrastive learning of visual representations},
  author={Chen, Ting and Kornblith, Simon and Norouzi, Mohammad and Hinton, Geoffrey},
  booktitle={International conference on machine learning},
  pages={1597--1607},
  year={2020},
  organization={PMLR}
}

@inproceedings{chopra2005learning,
  title={Learning a similarity metric discriminatively, with application to face verification},
  author={Chopra, Sumit and Hadsell, Raia and LeCun, Yann},
  booktitle={2005 IEEE computer society conference on computer vision and pattern recognition (CVPR'05)},
  volume={1},
  pages={539--546},
  year={2005},
  organization={IEEE}
}

@article{garrido2024learning,
  title={Learning and leveraging world models in visual representation learning},
  author={Garrido, Quentin and Assran, Mahmoud and Ballas, Nicolas and Bardes, Adrien and Najman, Laurent and LeCun, Yann},
  journal={arXiv preprint arXiv:2403.00504},
  year={2024}
}

@inproceedings{mendieta2023towards,
  title={Towards geospatial foundation models via continual pretraining},
  author={Mendieta, Mat{\'\i}as and Han, Boran and Shi, Xingjian and Zhu, Yi and Chen, Chen},
  booktitle={Proceedings of the IEEE/CVF International Conference on Computer Vision},
  pages={16806--16816},
  year={2023}
}

@article{zanaga2022esa,
  title={ESA WorldCover 10 m 2021 v200},
  author={Zanaga, Daniele and Van De Kerchove, Ruben and Daems, Dirk and De Keersmaecker, Wanda and Brockmann, Carsten and Kirches, Grit and Wevers, Jan and Cartus, Oliver and Santoro, Maurizio and Fritz, Steffen and others},
  year={2022},
  publisher={Zenodo},
  journal={ESA WorldCover Project}
}

@misc{h3,
title={{H3}: A Hexagonal Hierarchical Geospatial Indexing System},
author={Uber},
howpublished = {https://h3geo.org},
note = {Accessed: 2024-12-04},
year = 2018
}

@article{hersbach2020era5,
  title={The ERA5 global reanalysis},
  author={Hersbach, Hans and Bell, Bill and Berrisford, Paul and Hirahara, Shoji and Hor{\'a}nyi, Andr{\'a}s and Mu{\~n}oz-Sabater, Joaqu{\'\i}n and Nicolas, Julien and Peubey, Carole and Radu, Raluca and Schepers, Dinand and others},
  journal={Quarterly Journal of the Royal Meteorological Society},
  volume={146},
  number={730},
  pages={1999--2049},
  year={2020},
  publisher={Wiley Online Library}
}

@misc{srtm,
title={{NASA} Shuttle Radar Topography Mission Global 1 arc second},
author={{NASA JPL}},
howpublished={{NASA EOSDIS} Land Processes Distributed Active Archive Center},
doi={https://doi.org/10.5067/MEaSUREs/SRTM/SRTMGL1.003}, 
year = 2000,
}

@article{brown2022dynamic,
  title={Dynamic World, Near real-time global 10 m land use land cover mapping},
  author={Brown, Christopher F and Brumby, Steven P and Guzder-Williams, Brookie and Birch, Tanya and Hyde, Samantha Brooks and Mazzariello, Joseph and Czerwinski, Wanda and Pasquarella, Valerie J and Haertel, Robert and Ilyushchenko, Simon and others},
  journal={Scientific Data},
  volume={9},
  number={1},
  pages={251},
  year={2022},
  publisher={Nature Publishing Group UK London}
}

@article{abatzoglou2018terraclimate,
  title={TerraClimate, a high-resolution global dataset of monthly climate and climatic water balance from 1958--2015},
  author={Abatzoglou, John T and Dobrowski, Solomon Z and Parks, Sean A and Hegewisch, Katherine C},
  journal={Scientific data},
  volume={5},
  number={1},
  pages={1--12},
  year={2018},
  publisher={Nature Publishing Group}
}

@article{elvidge2017viirs,
  title={VIIRS night-time lights},
  author={Elvidge, Christopher D and Baugh, Kimberly and Zhizhin, Mikhail and Hsu, Feng Chi and Ghosh, Tilottama},
  journal={International journal of remote sensing},
  volume={38},
  number={21},
  pages={5860--5879},
  year={2017},
  publisher={Taylor \& Francis}
}

@article{dobson2000landscan,
  title={LandScan: a global population database for estimating populations at risk},
  author={Dobson, Jerome E and Bright, Edward A and Coleman, Phillip R and Durfee, Richard C and Worley, Brian A},
  journal={Photogrammetric engineering and remote sensing},
  volume={66},
  number={7},
  pages={849--857},
  year={2000}
}

@InProceedings{Corley_2024_CVPR,
    author    = {Corley, Isaac and Robinson, Caleb and Dodhia, Rahul and Ferres, Juan M. Lavista and Najafirad, Peyman},
    title     = {Revisiting Pre-trained Remote Sensing Model Benchmarks: Resizing and Normalization Matters},
    booktitle = {Proceedings of the IEEE/CVF Conference on Computer Vision and Pattern Recognition (CVPR) Workshops},
    month     = {June},
    year      = {2024},
    pages     = {3162-3172}
}

@article{tucker1979red,
  title={Red and photographic infrared linear combinations for monitoring vegetation},
  author={Tucker, Compton J},
  journal={Remote sensing of Environment},
  volume={8},
  number={2},
  pages={127--150},
  year={1979},
  publisher={Elsevier}
}

@article{kikaki2024detecting,
  title={Detecting Marine pollutants and Sea Surface features with Deep learning in Sentinel-2 imagery},
  author={Kikaki, Katerina and Kakogeorgiou, Ioannis and Hoteit, Ibrahim and Karantzalos, Konstantinos},
  journal={ISPRS Journal of Photogrammetry and Remote Sensing},
  volume={210},
  pages={39--54},
  year={2024},
  publisher={Elsevier}
}

@inproceedings{bonafilia2020sen1floods11,
  title={Sen1Floods11: A georeferenced dataset to train and test deep learning flood algorithms for sentinel-1},
  author={Bonafilia, Derrick and Tellman, Beth and Anderson, Tyler and Issenberg, Erica},
  booktitle={Proceedings of the IEEE/CVF Conference on Computer Vision and Pattern Recognition Workshops},
  pages={210--211},
  year={2020}
}

@article{helber2019eurosat,
  title={Eurosat: A novel dataset and deep learning benchmark for land use and land cover classification},
  author={Helber, Patrick and Bischke, Benjamin and Dengel, Andreas and Borth, Damian},
  journal={IEEE Journal of Selected Topics in Applied Earth Observations and Remote Sensing},
  volume={12},
  number={7},
  pages={2217--2226},
  year={2019},
  publisher={IEEE}
}

@inproceedings{tseng2021cropharvest,
  title={Cropharvest: A global dataset for crop-type classification},
  author={Tseng, Gabriel and Zvonkov, Ivan and Nakalembe, Catherine Lilian and Kerner, Hannah},
  booktitle={Thirty-fifth Conference on Neural Information Processing Systems Datasets and Benchmarks Track (Round 2)},
  year={2021}
}

@article{lacoste2024geo,
  title={Geo-bench: Toward foundation models for earth monitoring},
  author={Lacoste, Alexandre and Lehmann, Nils and Rodriguez, Pau and Sherwin, Evan and Kerner, Hannah and L{\"u}tjens, Bj{\"o}rn and Irvin, Jeremy and Dao, David and Alemohammad, Hamed and Drouin, Alexandre and others},
  journal={Advances in Neural Information Processing Systems},
  volume={36},
  year={2024}
}

@inproceedings{garnot2021panoptic,
  title={Panoptic segmentation of satellite image time series with convolutional temporal attention networks},
  author={Garnot, Vivien Sainte Fare and Landrieu, Loic},
  booktitle={Proceedings of the IEEE/CVF International Conference on Computer Vision},
  pages={4872--4881},
  year={2021}
}

@inproceedings{russwurm2019breizhcrops,
  title={Breizhcrops: A satellite time series dataset for crop type identification},
  author={Ru{\ss}wurm, Marc and Lef{\`e}vre, S{\'e}bastien and K{\"o}rner, Marco},
  booktitle={Proceedings of the International Conference on Machine Learning Time Series Workshop},
  volume={3},
  year={2019}
}

@inproceedings{saunders2023comparison,
  title={A Comparison Of Remote Sensing Approaches To Assess The Devastating May-June 2022 Flooding In Sylhet, Bangladesh},
  author={Saunders, Alex and Giezendanner, Jonathan and Tellman, Beth and Islam, Ariful and Bhuyan, Arifuzzaman and Islam, AKM Saiful},
  booktitle={IGARSS 2023-2023 IEEE International Geoscience and Remote Sensing Symposium},
  pages={452--455},
  year={2023},
  organization={IEEE}
}

@article{beukema2023satellite,
  title={Satellite Imagery and AI: A New Era in Ocean Conservation, from Research to Deployment and Impact},
  author={Beukema, Patrick and Bastani, Favyen and Wolters, Piper and Herzog, Henry and Ferdinando, Joe},
  journal={arXiv preprint arXiv:2312.03207},
  year={2023}
}

@article{kerner2024satellite,
  title={Satellite Data Shows Resilience of Tigrayan Farmers in Crop Cultivation During Civil War},
  author={Kerner, Hannah R and Nakalembe, Catherine and Yeh, Benjamin and Zvonkov, Ivan and Skakun, Sergii and Becker-Reshef, Inbal and McNally, Amy},
  journal={Science of Remote Sensing},
  pages={100140},
  year={2024},
  publisher={Elsevier}
}

@article{gorelick2017google,
  title={Google Earth Engine: Planetary-scale geospatial analysis for everyone},
  author={Gorelick, Noel and Hancher, Matt and Dixon, Mike and Ilyushchenko, Simon and Thau, David and Moore, Rebecca},
  journal={Remote sensing of Environment},
  volume={202},
  pages={18--27},
  year={2017},
  publisher={Elsevier}
}

@misc{littwin2024enhancingjepasspatialconditioning,
      title={Enhancing JEPAs with Spatial Conditioning: Robust and Efficient Representation Learning}, 
      author={Etai Littwin and Vimal Thilak and Anand Gopalakrishnan},
      year={2024},
      eprint={2410.10773},
      archivePrefix={arXiv},
      primaryClass={cs.LG},
      url={https://arxiv.org/abs/2410.10773}, 
}

@inproceedings{
mo2024connecting,
title={Connecting Joint-Embedding Predictive Architecture with Contrastive Self-supervised Learning},
author={Shentong Mo and Shengbang Tong},
booktitle={The Thirty-eighth Annual Conference on Neural Information Processing Systems},
year={2024},
url={https://openreview.net/forum?id=JvQnJWIj6m}
}

@article{astruc2024anysat,
  title={{AnySat: An Earth} Observation Model for Any Resolutions, Scales, and Modalities},
  author={Astruc, Guillaume and Gonthier, Nicolas and Mallet, Clement and Landrieu, Loic},
  journal={arXiv preprint arXiv:2412.14123},
  year={2024}
}

@article{frame2024rapid,
  title={Rapid inundation mapping using the US National Water Model, satellite observations, and a convolutional neural network},
  author={Frame, Jonathan M and Nair, Tanya and Sunkara, Veda and Popien, Philip and Chakrabarti, Subit and Anderson, Tyler and Leach, Nicholas R and Doyle, Colin and Thomas, Mitchell and Tellman, Beth},
  journal={Geophysical Research Letters},
  volume={51},
  number={17},
  pages={e2024GL109424},
  year={2024},
  publisher={Wiley Online Library}
}

@article{poggio2021soilgrids,
  title={SoilGrids 2.0: producing soil information for the globe with quantified spatial uncertainty},
  author={Poggio, Laura and De Sousa, Luis M and Batjes, Niels H and Heuvelink, Gerard BM and Kempen, Bas and Ribeiro, Eloi and Rossiter, David},
  journal={Soil},
  volume={7},
  number={1},
  pages={217--240},
  year={2021},
  publisher={Copernicus Publications G{\"o}ttingen, Germany}
}

@article{rao2020sar,
  title={SAR-enhanced mapping of live fuel moisture content},
  author={Rao, Krishna and Williams, A Park and Flefil, Jacqueline Fortin and Konings, Alexandra G},
  journal={Remote Sensing of Environment},
  volume={245},
  pages={111797},
  year={2020},
  publisher={Elsevier}
}

@article{kebede2024assessing,
  title={Assessing and addressing the global state of food production data scarcity},
  author={Kebede, Endalkachew Abebe and Abou Ali, Hanan and Clavelle, Tyler and Froehlich, Halley E and Gephart, Jessica A and Hartman, Sarah and Herrero, Mario and Kerner, Hannah and Mehta, Piyush and Nakalembe, Catherine and others},
  journal={Nature Reviews Earth \& Environment},
  volume={5},
  number={4},
  pages={295--311},
  year={2024},
  publisher={Nature Publishing Group UK London}
}

@inproceedings{garnot2019time,
  title={Time-space tradeoff in deep learning models for crop classification on satellite multi-spectral image time series},
  author={Garnot, V Sainte Fare and Landrieu, Loic and Giordano, Sebastien and Chehata, Nesrine},
  booktitle={IGARSS 2019-2019 IEEE International Geoscience and Remote Sensing Symposium},
  pages={6247--6250},
  year={2019},
  organization={IEEE}
}

@article{oord2018representation,
  title={Representation learning with contrastive predictive coding},
  author={Oord, Aaron van den and Li, Yazhe and Vinyals, Oriol},
  journal={arXiv preprint arXiv:1807.03748},
  year={2018}
}

@article{pedregosa2011scikit,
  title={Scikit-learn: Machine learning in Python},
  author={Pedregosa, Fabian and Varoquaux, Ga{\"e}l and Gramfort, Alexandre and Michel, Vincent and Thirion, Bertrand and Grisel, Olivier and Blondel, Mathieu and Prettenhofer, Peter and Weiss, Ron and Dubourg, Vincent and others},
  journal={the Journal of machine Learning research},
  volume={12},
  pages={2825--2830},
  year={2011},
  publisher={JMLR. org}
}

@inproceedings{touvron2022deit,
  title={Deit iii: Revenge of the vit},
  author={Touvron, Hugo and Cord, Matthieu and J{\'e}gou, Herv{\'e}},
  booktitle={European conference on computer vision},
  pages={516--533},
  year={2022},
  organization={Springer}
}

@inproceedings{chen2021empirical,
  title={An empirical study of training self-supervised vision transformers},
  author={Chen, Xinlei and Xie, Saining and He, Kaiming},
  booktitle={Proceedings of the IEEE/CVF international conference on computer vision},
  pages={9640--9649},
  year={2021}
}

@article{baraka2020machine,
  title={Machine learning for glacier monitoring in the Hindu Kush Himalaya},
  author={Baraka, Shimaa and Akera, Benjamin and Aryal, Bibek and Sherpa, Tenzing and Shresta, Finu and Ortiz, Anthony and Sankaran, Kris and Ferres, Juan Lavista and Matin, Mir and Bengio, Yoshua},
  journal={arXiv preprint arXiv:2012.05013},
  year={2020}
}

@article{kruse2023satellite,
  title={Satellite monitoring of terrestrial plastic waste},
  author={Kruse, Caleb and Boyda, Edward and Chen, Sully and Karra, Krishna and Bou-Nahra, Tristan and Hammer, Dan and Mathis, Jennifer and Maddalene, Taylor and Jambeck, Jenna and Laurier, Fabien},
  journal={PloS one},
  volume={18},
  number={1},
  pages={e0278997},
  year={2023},
  publisher={Public Library of Science San Francisco, CA USA}
}

@article{ferreira2020monitoring,
  title={Monitoring sustainable development by means of earth observation data and machine learning: A review},
  author={Ferreira, Bruno and Iten, Muriel and Silva, Rui G},
  journal={Environmental Sciences Europe},
  year={2020},
  publisher={Springer}
}

@misc{english2013impact,
  title={Impact of satellite data},
  author={English, Stephen and McNally, Tony and Bormann, Niels and Salonen, Kirsti and Matricardi, Marco and Moranyi, Andras and Rennie, Michael and Janiskov{\'a}, Marta and Di Michele, Sabatino and Geer, Alan and others},
  year={2013},
  publisher={ECMWF Reading, UK}
}

@misc{voosen2020europe,
  title={Europe builds ‘digital twin’of Earth to hone climate forecasts},
  author={Voosen, Paul},
  year={2020},
  publisher={American Association for the Advancement of Science}
}

@article{kansakar2016review,
  title={A review of applications of satellite earth observation data for global societal benefit and stewardship of planet earth},
  author={Kansakar, Pratistha and Hossain, Faisal},
  journal={Space Policy},
  year={2016},
  publisher={Elsevier}
}

@misc{maui,
  title = {{ASU researcher combats food insecurity with AI}},
  howpublished = {https://news.asu.edu/20230303-solutions-asu-researcher-combats-food-insecurity-ai},
  note = {Accessed: 2023-09-21},
  author = {Annelise Krafft},
  year = 2023
}

@inproceedings{kshirsagar2021becoming,
  title={Becoming good at ai for good},
  author={Kshirsagar, Meghana and Robinson, Caleb and Yang, Siyu and Gholami, Shahrzad and Klyuzhin, Ivan and Mukherjee, Sumit and Nasir, Md and Ortiz, Anthony and Oviedo, Felipe and Tanner, Darren and others},
  booktitle={AAAI/ACM Conference on AI, Ethics, and Society},
  year={2021}
}

@article{nakalembe2023considerations,
  title={Considerations for AI-EO for agriculture in Sub-Saharan Africa},
  author={Nakalembe, Catherine and Kerner, Hannah},
  journal={Environmental Research Letters},
  year={2023},
  publisher={IOP Publishing}
}

@article{tuia2023artificial,
  title={Artificial intelligence to advance Earth observation: a perspective},
  author={Tuia, Devis and Schindler, Konrad and Demir, Beg{\"u}m and Camps-Valls, Gustau and Zhu, Xiao Xiang and Kochupillai, Mrinalini and D{\v{z}}eroski, Sa{\v{s}}o and van Rijn, Jan N and Hoos, Holger H and Del Frate, Fabio and others},
  journal={arXiv preprint arXiv:2305.08413},
  year={2023}
}

@article{hoffer2019augment,
  title={Augment your batch: better training with larger batches},
  author={Hoffer, Elad and Ben-Nun, Tal and Hubara, Itay and Giladi, Niv and Hoefler, Torsten and Soudry, Daniel},
  journal={arXiv preprint arXiv:1901.09335},
  year={2019}
}

@article{teng2024satbird,
  title={Satbird: a dataset for bird species distribution modeling using remote sensing and citizen science data},
  author={Teng, M{\'e}lisande and Elmustafa, Amna and Akera, Benjamin and Bengio, Yoshua and Radi, Hager and Larochelle, Hugo and Rolnick, David},
  journal={Advances in Neural Information Processing Systems},
  volume={36},
  year={2024}
}

@inproceedings{gwilliam2022beyond,
  title={Beyond supervised vs. unsupervised: Representative benchmarking and analysis of image representation learning},
  author={Gwilliam, Matthew and Shrivastava, Abhinav},
  booktitle={Proceedings of the IEEE/CVF Conference on Computer Vision and Pattern Recognition},
  pages={9642--9652},
  year={2022}
}

@inproceedings{sumbul2019bigearthnet,
  title={Bigearthnet: A large-scale benchmark archive for remote sensing image understanding},
  author={Sumbul, Gencer and Charfuelan, Marcela and Demir, Beg{\"u}m and Markl, Volker},
  booktitle={IGARSS 2019-2019 IEEE International Geoscience and Remote Sensing Symposium},
  pages={5901--5904},
  year={2019},
  organization={IEEE}
}

@article{zhu2020so2sat,
  title={So2Sat LCZ42: A benchmark data set for the classification of global local climate zones [Software and Data Sets]},
  author={Zhu, Xiao Xiang and Hu, Jingliang and Qiu, Chunping and Shi, Yilei and Kang, Jian and Mou, Lichao and Bagheri, Hossein and Haberle, Matthias and Hua, Yuansheng and Huang, Rong and others},
  journal={IEEE Geoscience and Remote Sensing Magazine},
  volume={8},
  number={3},
  pages={76--89},
  year={2020},
  publisher={IEEE}
}

@article{lee2021scalable,
  title={Scalable deep learning to identify brick kilns and aid regulatory capacity},
  author={Lee, Jihyeon and Brooks, Nina R and Tajwar, Fahim and Burke, Marshall and Ermon, Stefano and Lobell, David B and Biswas, Debashish and Luby, Stephen P},
  journal={Proceedings of the National Academy of Sciences},
  volume={118},
  number={17},
  pages={e2018863118},
  year={2021},
  publisher={National Acad Sciences}
}

@article{yin2023mapping,
  title={Mapping smallholder cashew plantations to inform sustainable tree crop expansion in Benin},
  author={Yin, Leikun and Ghosh, Rahul and Lin, Chenxi and Hale, David and Weigl, Christoph and Obarowski, James and Zhou, Junxiong and Till, Jessica and Jia, Xiaowei and You, Nanshan and others},
  journal={Remote Sensing of Environment},
  volume={295},
  pages={113695},
  year={2023},
  publisher={Elsevier}
}

@article{jakubik2023foundation,
  title={Foundation models for generalist geospatial artificial intelligence},
  author={Jakubik, Johannes and Roy, Sujit and Phillips, CE and Fraccaro, Paolo and Godwin, Denys and Zadrozny, Bianca and Szwarcman, Daniela and Gomes, Carlos and Nyirjesy, Gabby and Edwards, Blair and others},
  journal={CoRR},
  year={2023}
}

@misc{european2023mission,
  title={Mission Ends for Copernicus Sentinel-1B Satellite},
  author={{ESA}},
  year={2023},
  howpublished={\url{https://www.esa.int/Applications/Observing_the_Earth/Copernicus/Sentinel-1/Mission_ends_for_Copernicus_Sentinel-1B_satellite}}
}

@article{coluzzi2018first,
  title={A first assessment of the Sentinel-2 Level 1-C cloud mask product to support informed surface analyses},
  author={Coluzzi, Rosa and Imbrenda, Vito and Lanfredi, Maria and Simoniello, Tiziana},
  journal={Remote sensing of environment},
  volume={217},
  pages={426--443},
  year={2018},
  publisher={Elsevier}
}

@article{szwarcman2024prithvi,
  title={Prithvi-EO-2.0: A Versatile Multi-Temporal Foundation Model for Earth Observation Applications},
  author={Szwarcman, Daniela and Roy, Sujit and Fraccaro, Paolo and G{\'\i}slason, Thorsteinn El{\'\i} and Blumenstiel, Benedikt and Ghosal, Rinki and de Oliveira, Pedro Henrique and Almeida, Joao Lucas de Sousa and Sedona, Rocco and Kang, Yanghui and others},
  journal={arXiv preprint arXiv:2412.02732},
  year={2024}
}
