@inproceedings{assran2023self,
  title={Self-supervised learning from images with a joint-embedding predictive architecture},
  author={Assran, Mahmoud and Duval, Quentin and Misra, Ishan and Bojanowski, Piotr and Vincent, Pascal and Rabbat, Michael and LeCun, Yann and Ballas, Nicolas},
  booktitle={Proceedings of the IEEE/CVF Conference on Computer Vision and Pattern Recognition},
  pages={15619--15629},
  year={2023}
}

@article{astruc2024anysat,
  title={{AnySat: An Earth} Observation Model for Any Resolutions, Scales, and Modalities},
  author={Astruc, Guillaume and Gonthier, Nicolas and Mallet, Clement and Landrieu, Loic},
  journal={arXiv preprint arXiv:2412.14123},
  year={2024}
}

@article{astruc2024omnisat,
  title={Omni{S}at: {S}elf-Supervised Modality Fusion for {E}arth Observation},
  author={Astruc, Guillaume and Gonthier, Nicolas and Mallet, Clement and Landrieu, Loic},
  journal={ECCV},
  year={2024}
}

@inproceedings{ayush2021geography,
  title={Geography-aware self-supervised learning},
  author={Ayush, Kumar and Uzkent, Burak and Meng, Chenlin and Tanmay, Kumar and Burke, Marshall and Lobell, David and Ermon, Stefano},
  booktitle={Proceedings of the IEEE/CVF International Conference on Computer Vision},
  pages={10181--10190},
  year={2021}
}

@inproceedings{bastani2023satlaspretrain,
  title={Satlaspretrain: A large-scale dataset for remote sensing image understanding},
  author={Bastani, Favyen and Wolters, Piper and Gupta, Ritwik and Ferdinando, Joe and Kembhavi, Aniruddha},
  booktitle={Proceedings of the IEEE/CVF International Conference on Computer Vision},
  pages={16772--16782},
  year={2023}
}

@inproceedings{chen2020simple,
  title={A simple framework for contrastive learning of visual representations},
  author={Chen, Ting and Kornblith, Simon and Norouzi, Mohammad and Hinton, Geoffrey},
  booktitle={International conference on machine learning},
  pages={1597--1607},
  year={2020},
  organization={PMLR}
}

@inproceedings{chopra2005learning,
  title={Learning a similarity metric discriminatively, with application to face verification},
  author={Chopra, Sumit and Hadsell, Raia and LeCun, Yann},
  booktitle={2005 IEEE computer society conference on computer vision and pattern recognition (CVPR'05)},
  volume={1},
  pages={539--546},
  year={2005},
  organization={IEEE}
}

@article{cong2022satmae,
  title={Satmae: Pre-training transformers for temporal and multi-spectral satellite imagery},
  author={Cong, Yezhen and Khanna, Samar and Meng, Chenlin and Liu, Patrick and Rozi, Erik and He, Yutong and Burke, Marshall and Lobell, David and Ermon, Stefano},
  journal={Advances in Neural Information Processing Systems},
  volume={35},
  pages={197--211},
  year={2022}
}

@article{devlin2018bert,
  title={BERT: Pre-training of Deep Bidirectional Transformers for Language Understanding},
  author={Devlin, Jacob and Chang, Ming-Wei and Lee, Kenton and Toutanova, Kristina},
  journal={arXiv preprint arXiv:1810.04805},
  year={2018}
}

@article{fuller2022satvit,
  title={{SatViT: Pretraining transformers for earth observation}},
  author={Fuller, Anthony and Millard, Koreen and Green, James R},
  journal={IEEE Geoscience and Remote Sensing Letters},
  volume={19},
  pages={1--5},
  year={2022},
  publisher={IEEE}
}

@article{fuller2024croma,
  title={{CROMA: Remote sensing representations with contrastive radar-optical masked autoencoders}},
  author={Fuller, Anthony and Millard, Koreen and Green, James},
  journal={Advances in Neural Information Processing Systems},
  volume={36},
  year={2024}
}

@article{garrido2024learning,
  title={Learning and leveraging world models in visual representation learning},
  author={Garrido, Quentin and Assran, Mahmoud and Ballas, Nicolas and Bardes, Adrien and Najman, Laurent and LeCun, Yann},
  journal={arXiv preprint arXiv:2403.00504},
  year={2024}
}

@inproceedings{guo2024skysense,
  title={Skysense: A multi-modal remote sensing foundation model towards universal interpretation for earth observation imagery},
  author={Guo, Xin and Lao, Jiangwei and Dang, Bo and Zhang, Yingying and Yu, Lei and Ru, Lixiang and Zhong, Liheng and Huang, Ziyuan and Wu, Kang and Hu, Dingxiang and others},
  booktitle={Proceedings of the IEEE/CVF Conference on Computer Vision and Pattern Recognition},
  pages={27672--27683},
  year={2024}
}

@inproceedings{han2024bridging,
  title={Bridging remote sensors with multisensor geospatial foundation models},
  author={Han, Boran and Zhang, Shuai and Shi, Xingjian and Reichstein, Markus},
  booktitle={Proceedings of the IEEE/CVF Conference on Computer Vision and Pattern Recognition},
  pages={27852--27862},
  year={2024}
}

@inproceedings{he2022masked,
  title={{Masked autoencoders are scalable vision learners}},
  author={He, Kaiming and Chen, Xinlei and Xie, Saining and Li, Yanghao and Doll{\'a}r, Piotr and Girshick, Ross},
  booktitle={Proceedings of the IEEE/CVF conference on computer vision and pattern recognition},
  pages={16000--16009},
  year={2022}
}

@article{jakubik2023foundation,
  title={Foundation models for generalist geospatial artificial intelligence},
  author={Jakubik, Johannes and Roy, Sujit and Phillips, CE and Fraccaro, Paolo and Godwin, Denys and Zadrozny, Bianca and Szwarcman, Daniela and Gomes, Carlos and Nyirjesy, Gabby and Edwards, Blair and others},
  journal={CoRR},
  year={2023}
}

@inproceedings{jean2019tile2vec,
  title={Tile2vec: Unsupervised representation learning for spatially distributed data},
  author={Jean, Neal and Wang, Sherrie and Samar, Anshul and Azzari, George and Lobell, David and Ermon, Stefano},
  booktitle={Proceedings of the AAAI Conference on Artificial Intelligence},
  pages={3967--3974},
  year={2019}
}

@article{khosla2020supervised,
  title={{Supervised contrastive learning}},
  author={Khosla, Prannay and Teterwak, Piotr and Wang, Chen and Sarna, Aaron and Tian, Yonglong and Isola, Phillip and Maschinot, Aaron and Liu, Ce and Krishnan, Dilip},
  journal={Advances in neural information processing systems},
  volume={33},
  pages={18661--18673},
  year={2020}
}

@article{le2020contrastive,
  title={Contrastive representation learning: A framework and review},
  author={Le-Khac, Phuc H and Healy, Graham and Smeaton, Alan F},
  journal={Ieee Access},
  volume={8},
  pages={193907--193934},
  year={2020},
  publisher={IEEE}
}

@inproceedings{liu2021swin,
  title={Swin transformer: Hierarchical vision transformer using shifted windows},
  author={Liu, Ze and Lin, Yutong and Cao, Yue and Hu, Han and Wei, Yixuan and Zhang, Zheng and Lin, Stephen and Guo, Baining},
  booktitle={Proceedings of the IEEE/CVF international conference on computer vision},
  pages={10012--10022},
  year={2021}
}

@inproceedings{manas2021seasonal,
  title={{Seasonal contrast: Unsupervised pre-training from uncurated remote sensing data}},
  author={Manas, Oscar and Lacoste, Alexandre and Gir{\'o}-i-Nieto, Xavier and Vazquez, David and Rodriguez, Pau},
  booktitle={Proceedings of the IEEE/CVF International Conference on Computer Vision},
  pages={9414--9423},
  year={2021}
}

@inproceedings{mendieta2023towards,
  title={Towards geospatial foundation models via continual pretraining},
  author={Mendieta, Mat{\'\i}as and Han, Boran and Shi, Xingjian and Zhu, Yi and Chen, Chen},
  booktitle={Proceedings of the IEEE/CVF International Conference on Computer Vision},
  pages={16806--16816},
  year={2023}
}

@misc{nedungadi2024mmearth,
      title={MMEarth: Exploring Multi-Modal Pretext Tasks For Geospatial Representation Learning},
      author={Vishal Nedungadi and Ankit Kariryaa and Stefan Oehmcke and Serge Belongie and Christian Igel and Nico Lang},
      year={2024},
      eprint={2405.02771},
      archivePrefix={arXiv},
      primaryClass={cs.CV}
}

@inproceedings{noman2024rethinking,
  title={{Rethinking transformers pre-training for multi-spectral satellite imagery}},
  author={Noman, Mubashir and Naseer, Muzammal and Cholakkal, Hisham and Anwer, Rao Muhammad and Khan, Salman and Khan, Fahad Shahbaz},
  booktitle={Proceedings of the IEEE/CVF Conference on Computer Vision and Pattern Recognition},
  pages={27811--27819},
  year={2024}
}

@article{oord2018representation,
  title={Representation learning with contrastive predictive coding},
  author={Oord, Aaron van den and Li, Yazhe and Vinyals, Oriol},
  journal={arXiv preprint arXiv:1807.03748},
  year={2018}
}

@article{radfordimproving,
  title={Improving Language Understanding by Generative Pre-Training},
  author={Radford, Alec and Narasimhan, Karthik and Salimans, Tim and Sutskever, Ilya},
  year=2018,
  journal={OpenAI technical reports}
}

@inproceedings{reed2023scale,
  title={Scale-mae: A scale-aware masked autoencoder for multiscale geospatial representation learning},
  author={Reed, Colorado J and Gupta, Ritwik and Li, Shufan and Brockman, Sarah and Funk, Christopher and Clipp, Brian and Keutzer, Kurt and Candido, Salvatore and Uyttendaele, Matt and Darrell, Trevor},
  booktitle={Proceedings of the IEEE/CVF International Conference on Computer Vision},
  pages={4088--4099},
  year={2023}
}

@misc{skipgram,
      title={Efficient Estimation of Word Representations in Vector Space}, 
      author={Tomas Mikolov and Kai Chen and Greg Corrado and Jeffrey Dean},
      year={2013},
      eprint={1301.3781},
      archivePrefix={arXiv},
      primaryClass={cs.CL},
      url={https://arxiv.org/abs/1301.3781}, 
}

@article{szwarcman2024prithvi,
  title={Prithvi-EO-2.0: A Versatile Multi-Temporal Foundation Model for Earth Observation Applications},
  author={Szwarcman, Daniela and Roy, Sujit and Fraccaro, Paolo and G{\'\i}slason, Thorsteinn El{\'\i} and Blumenstiel, Benedikt and Ghosal, Rinki and de Oliveira, Pedro Henrique and Almeida, Joao Lucas de Sousa and Sedona, Rocco and Kang, Yanghui and others},
  journal={arXiv preprint arXiv:2412.02732},
  year={2024}
}

@article{tang2024cross,
  title={Cross-Scale MAE: A tale of multiscale exploitation in remote sensing},
  author={Tang, Maofeng and Cozma, Andrei and Georgiou, Konstantinos and Qi, Hairong},
  journal={Advances in Neural Information Processing Systems},
  volume={36},
  year={2024}
}

@article{tseng2023lightweight,
  title={Lightweight, pre-trained transformers for remote sensing timeseries},
  author={Tseng, Gabriel and Cartuyvels, Ruben and Zvonkov, Ivan and Purohit, Mirali and Rolnick, David and Kerner, Hannah},
  journal={arXiv preprint arXiv:2304.14065},
  year={2023}
}

@inproceedings{vincent2008extracting,
  title={Extracting and composing robust features with denoising autoencoders},
  author={Vincent, Pascal and Larochelle, Hugo and Bengio, Yoshua and Manzagol, Pierre-Antoine},
  booktitle={Proceedings of the 25th international conference on Machine learning},
  pages={1096--1103},
  year={2008}
}

@article{wang2023ssl4eo,
  title={{SSL4EO-S12: A large-scale multimodal, multitemporal dataset for self-supervised learning in Earth observation}},
  author={Wang, Yi and Braham, Nassim Ait Ali and Xiong, Zhitong and Liu, Chenying and Albrecht, Conrad M and Zhu, Xiao Xiang},
  journal={IEEE Geoscience and Remote Sensing Magazine},
  volume={11},
  number={3},
  pages={98--106},
  year={2023},
  publisher={IEEE}
}

@article{wang2024decoupling,
  title={Decoupling Common and Unique Representations for Multimodal Self-supervised Learning},
  author={Wang, Yi and Albrecht, Conrad M and Braham, Nassim Ait Ali and Liu, Chenying and Xiong, Zhitong and Zhu, Xiao Xiang},
  journal={arXiv preprint arXiv:2309.05300},
  year={2024}
}

@article{wang2024multi,
  title={{Multi-Label Guided Soft Contrastive Learning for Efficient Earth Observation Pretraining}},
  author={Wang, Yi and Albrecht, Conrad M and Zhu, Xiao Xiang},
  journal={arXiv preprint arXiv:2405.20462},
  year={2024}
}

@inproceedings{wei2024towards,
  title={Towards Latent Masked Image Modeling for Self-Supervised Visual Representation Learning},
  author={Wei, Yibing and Gupta, Abhinav and Morgado, Pedro},
  booktitle={ECCV},
  year={2024}
}

@inproceedings{woo2023convnext,
  title={{Convnext v2: Co-designing and scaling convnets with masked autoencoders}},
  author={Woo, Sanghyun and Debnath, Shoubhik and Hu, Ronghang and Chen, Xinlei and Liu, Zhuang and Kweon, In So and Xie, Saining},
  booktitle={Proceedings of the IEEE/CVF Conference on Computer Vision and Pattern Recognition},
  pages={16133--16142},
  year={2023}
}

@inproceedings{xie2022simmim,
  title={Simmim: A simple framework for masked image modeling},
  author={Xie, Zhenda and Zhang, Zheng and Cao, Yue and Lin, Yutong and Bao, Jianmin and Yao, Zhuliang and Dai, Qi and Hu, Han},
  booktitle={Proceedings of the IEEE/CVF conference on computer vision and pattern recognition},
  pages={9653--9663},
  year={2022}
}

@article{xiong2024neural,
  title={{Neural plasticity-inspired foundation model for observing the earth crossing modalities}},
  author={Xiong, Zhitong and Wang, Yi and Zhang, Fahong and Stewart, Adam J and Hanna, Jo{\"e}lle and Borth, Damian and Papoutsis, Ioannis and Saux, Bertrand Le and Camps-Valls, Gustau and Zhu, Xiao Xiang},
  journal={arXiv preprint arXiv:2403.15356},
  year={2024}
}

@inproceedings{zbontar2021barlow,
  title={Barlow twins: Self-supervised learning via redundancy reduction},
  author={Zbontar, Jure and Jing, Li and Misra, Ishan and LeCun, Yann and Deny, St{\'e}phane},
  booktitle={International conference on machine learning},
  pages={12310--12320},
  year={2021},
  organization={PMLR}
}

@inproceedings{zhang2022use,
  title={{Use all the labels: A hierarchical multi-label contrastive learning framework}},
  author={Zhang, Shu and Xu, Ran and Xiong, Caiming and Ramaiah, Chetan},
  booktitle={Proceedings of the IEEE/CVF Conference on Computer Vision and Pattern Recognition},
  pages={16660--16669},
  year={2022}
}

