@article{tian2024chartgpt,
  title={Chartgpt: Leveraging llms to generate charts from abstract natural language},
  author={Tian, Yuan and Cui, Weiwei and Deng, Dazhen and Yi, Xinjing and Yang, Yurun and Zhang, Haidong and Wu, Yingcai},
  journal={IEEE Transactions on Visualization and Computer Graphics},
  year={2024},
  publisher={IEEE}
}

@article{maddigan2023chat2vis,
  title={Chat2vis: Fine-tuning data visualisations using multilingual natural language text and pre-trained large language models},
  author={Maddigan, Paula and Susnjak, Teo},
  journal={arXiv preprint arXiv:2303.14292},
  year={2023}
}

@article{galimzyanov2024drawing,
  title={Drawing Pandas: A Benchmark for LLMs in Generating Plotting Code},
  author={Galimzyanov, Timur and Titov, Sergey and Golubev, Yaroslav and Bogomolov, Egor},
  journal={arXiv preprint arXiv:2412.02764},
  year={2024}
}

@article{li2024visualization,
  title={Visualization generation with large language models: An evaluation},
  author={Li, Guozheng and Wang, Xinyu and Aodeng, Gerile and Zheng, Shunyuan and Zhang, Yu and Ou, Chuangxin and Wang, Song and Liu, Chi Harold},
  journal={arXiv preprint arXiv:2401.11255},
  year={2024}
}


@article{xu2024exploring,
  title={Exploring the Capability of LLMs in Performing Low-Level Visual Analytic Tasks on SVG Data Visualizations},
  author={Xu, Zhongzheng and Wall, Emily},
  journal={arXiv preprint arXiv:2404.19097},
  year={2024}
}


@article{hutchinson2024llm,
  title={LLM-Assisted Visual Analytics: Opportunities and Challenges},
  author={Hutchinson, Maeve and Jianu, Radu and Slingsby, Aidan and Madhyastha, Pranava},
  journal={arXiv preprint arXiv:2409.02691},
  year={2024}
}


@article{sah2024generating,
  title={Generating analytic specifications for data visualization from natural language queries using large language models},
  author={Sah, Subham and Mitra, Rishab and Narechania, Arpit and Endert, Alex and Stasko, John and Dou, Wenwen},
  journal={arXiv preprint arXiv:2408.13391},
  year={2024}
}

@article{pawelec2024pub,
  title={PUB: Plot Understanding Benchmark and Dataset for Evaluating Large Language Models on Synthetic Visual Data Interpretation},
  author={Pawelec, Aneta and Weso{\l}owska, Victoria Sara and B{\k{a}}czek, Zuzanna and Sankowski, Piotr},
  journal={arXiv preprint arXiv:2409.02617},
  year={2024}
}

@article{zhao2024leva,
  title={LEVA: Using large language models to enhance visual analytics},
  author={Zhao, Yuheng and Zhang, Yixing and Zhang, Yu and Zhao, Xinyi and Wang, Junjie and Shao, Zekai and Turkay, Cagatay and Chen, Siming},
  journal={IEEE Transactions on Visualization and Computer Graphics},
  year={2024},
  publisher={IEEE}
}

@article{unwin2020data,
  title={Why is data visualization important? what is important in data visualization?},
  author={Unwin, Antony},
  journal={Harvard Data Science Review},
  volume={2},
  number={1},
  pages={1},
  year={2020}
}

@article{wang2015big,
  title={Big data and visualization: methods, challenges and technology progress},
  author={Wang, Lidong and Wang, Guanghui and Alexander, Cheryl Ann},
  journal={Digital Technologies},
  volume={1},
  number={1},
  pages={33--38},
  year={2015}
}

@article{yang2024matplotagent,
  title={Matplotagent: Method and evaluation for llm-based agentic scientific data visualization},
  author={Yang, Zhiyu and Zhou, Zihan and Wang, Shuo and Cong, Xin and Han, Xu and Yan, Yukun and Liu, Zhenghao and Tan, Zhixing and Liu, Pengyuan and Yu, Dong and others},
  journal={arXiv preprint arXiv:2402.11453},
  year={2024}
}

@article{luo2021nvbench,
  title={nvBench: A large-scale synthesized dataset for cross-domain natural language to visualization task},
  author={Luo, Yuyu and Tang, Jiawei and Li, Guoliang},
  journal={arXiv preprint arXiv:2112.12926},
  year={2021}
}

@article{ge2023automatic,
  title={Automatic Data Visualization Generation from Chinese Natural Language Questions},
  author={Ge, Yan and Wei, Victor Junqiu and Song, Yuanfeng and Zhang, Jason Chen and Wong, Raymond Chi-Wing},
  journal={arXiv preprint arXiv:2309.07650},
  year={2023}
}

@inproceedings{zhang2024gpt,
  title={Is gpt-4v (ision) all you need for automating academic data visualization? exploring vision-language modelsâ€™ capability in reproducing academic charts},
  author={Zhang, Zhehao and Ma, Weicheng and Vosoughi, Soroush},
  booktitle={Findings of the Association for Computational Linguistics: EMNLP 2024},
  pages={8271--8288},
  year={2024}
}

@inproceedings{sharif2024understanding,
  title={Understanding and reducing the challenges faced by creators of accessible online data visualizations},
  author={Sharif, Ather and Kim, Joo Gyeong and Xu, Jessie Zijia and Wobbrock, Jacob O},
  booktitle={Proceedings of the 26th International ACM SIGACCESS Conference on Computers and Accessibility},
  pages={1--20},
  year={2024}
}

@article{bresciani2015pitfalls,
  title={The pitfalls of visual representations: A review and classification of common errors made while designing and interpreting visualizations},
  author={Bresciani, Sabrina and Eppler, Martin J},
  journal={Sage Open},
  volume={5},
  number={4},
  pages={2158244015611451},
  year={2015},
  publisher={SAGE Publications Sage CA: Los Angeles, CA}
}


@article{xie2024haichart,
  title={HAIChart: Human and AI Paired Visualization System},
  author={Xie, Yupeng and Luo, Yuyu and Li, Guoliang and Tang, Nan},
  journal={arXiv preprint arXiv:2406.11033},
  year={2024}
}

@article{dibia2019data2vis,
  title={Data2vis: Automatic generation of data visualizations using sequence-to-sequence recurrent neural networks},
  author={Dibia, Victor and Demiralp, {\c{C}}a{\u{g}}atay},
  journal={IEEE computer graphics and applications},
  volume={39},
  number={5},
  pages={33--46},
  year={2019},
  publisher={IEEE}
}

@inproceedings{qian2021learning,
  title={Learning to recommend visualizations from data},
  author={Qian, Xin and Rossi, Ryan A and Du, Fan and Kim, Sungchul and Koh, Eunyee and Malik, Sana and Lee, Tak Yeon and Chan, Joel},
  booktitle={Proceedings of the 27th ACM SIGKDD conference on knowledge discovery \& data mining},
  pages={1359--1369},
  year={2021}
}

@article{wang2023data,
  title={Data Formulator: AI-powered Concept-driven Visualization Authoring},
  author={Wang, Chenglong and Thompson, John and Lee, Bongshin},
  journal={IEEE Transactions on Visualization and Computer Graphics},
  year={2023},
  publisher={IEEE}
}

@inproceedings{vondrick2013hoggles,
  title={Hoggles: Visualizing object detection features},
  author={Vondrick, Carl and Khosla, Aditya and Malisiewicz, Tomasz and Torralba, Antonio},
  booktitle={Proceedings of the IEEE International Conference on Computer Vision},
  pages={1--8},
  year={2013}
}

@article{demiralp2017foresight,
  title={Foresight: Recommending visual insights},
  author={Demiralp, {\c{C}}a{\u{g}}atay and Haas, Peter J and Parthasarathy, Srinivasan and Pedapati, Tejaswini},
  journal={arXiv preprint arXiv:1707.03877},
  year={2017}
}

@article{saket2018task,
  title={Task-based effectiveness of basic visualizations},
  author={Saket, Bahador and Endert, Alex and Demiralp, {\c{C}}a{\u{g}}atay},
  journal={IEEE transactions on visualization and computer graphics},
  volume={25},
  number={7},
  pages={2505--2512},
  year={2018},
  publisher={IEEE}
}

@article{xiao2023let,
  title={Let the chart spark: Embedding semantic context into chart with text-to-image generative model},
  author={Xiao, Shishi and Huang, Suizi and Lin, Yue and Ye, Yilin and Zeng, Wei},
  journal={IEEE Transactions on Visualization and Computer Graphics},
  year={2023},
  publisher={IEEE}
}

@article{kim2024phenoflow,
  title={PhenoFlow: A Human-LLM Driven Visual Analytics System for Exploring Large and Complex Stroke Datasets},
  author={Kim, Jaeyoung and Lee, Sihyeon and Jeon, Hyeon and Lee, Keon-Joo and Bae, Hee-Joon and Kim, Bohyoung and Seo, Jinwook},
  journal={IEEE Transactions on Visualization and Computer Graphics},
  year={2024},
  publisher={IEEE}
}

@article{dibia2023lida,
  title={LIDA: A tool for automatic generation of grammar-agnostic visualizations and infographics using large language models},
  author={Dibia, Victor},
  journal={arXiv preprint arXiv:2303.02927},
  year={2023}
}


@article{han2023chartllama,
  title={Chartllama: A multimodal llm for chart understanding and generation},
  author={Han, Yucheng and Zhang, Chi and Chen, Xin and Yang, Xu and Wang, Zhibin and Yu, Gang and Fu, Bin and Zhang, Hanwang},
  journal={arXiv preprint arXiv:2311.16483},
  year={2023}
}

@inproceedings{barrett2005matplotlib,
  title={matplotlib--A Portable Python Plotting Package},
  author={Barrett, Paul and Hunter, John and Miller, J Todd and Hsu, J-C and Greenfield, Perry},
  booktitle={Astronomical data analysis software and systems XIV},
  volume={347},
  pages={91},
  year={2005}
}

@article{bisong2019matplotlib,
  title={Matplotlib and seaborn},
  author={Bisong, Ekaba and Bisong, Ekaba},
  journal={Building machine learning and deep learning models on google cloud platform: A comprehensive guide for beginners},
  pages={151--165},
  year={2019},
  publisher={Springer}
}

@book{zhu2013data,
  title={Data visualization with D3. js cookbook},
  author={Zhu, Nick Qi},
  year={2013},
  publisher={Packt Publishing Ltd}
}

@article{chen2022type,
  title={Type-directed synthesis of visualizations from natural language queries},
  author={Chen, Qiaochu and Pailoor, Shankara and Barnaby, Celeste and Criswell, Abby and Wang, Chenglong and Durrett, Greg and Dillig, I{\c{s}}il},
  journal={Proceedings of the ACM on Programming Languages},
  volume={6},
  number={OOPSLA2},
  pages={532--559},
  year={2022},
  publisher={ACM New York, NY, USA}
}

@article{zhang2024chartifytext,
  title={ChartifyText: Automated Chart Generation from Data-Involved Texts via LLM},
  author={Zhang, Songheng and Wang, Lei and Li, Toby Jia-Jun and Shen, Qiaomu and Cao, Yixin and Wang, Yong},
  journal={arXiv preprint arXiv:2410.14331},
  year={2024}
}

@article{chen2022nl2interface,
  title={Nl2interface: Interactive visualization interface generation from natural language queries},
  author={Chen, Yiru and Li, Ryan and Mac, Austin and Xie, Tianbao and Yu, Tao and Wu, Eugene},
  journal={arXiv preprint arXiv:2209.08834},
  year={2022}
}

@inproceedings{rashid2022text2chart,
  title={Text2chart: A multi-staged chart generator from natural language text},
  author={Rashid, Md Mahinur and Jahan, Hasin Kawsar and Huzzat, Annysha and Rahul, Riyasaat Ahmed and Zakir, Tamim Bin and Meem, Farhana and Mukta, Md Saddam Hossain and Shatabda, Swakkhar},
  booktitle={Pacific-Asia Conference on Knowledge Discovery and Data Mining},
  pages={3--16},
  year={2022},
  organization={Springer}
}

@inproceedings{wu2022nuwa,
  title={N{\"u}wa: Visual synthesis pre-training for neural visual world creation},
  author={Wu, Chenfei and Liang, Jian and Ji, Lei and Yang, Fan and Fang, Yuejian and Jiang, Daxin and Duan, Nan},
  booktitle={European conference on computer vision},
  pages={720--736},
  year={2022},
  organization={Springer}
}


@article{cox2001multi,
  title={A multi-modal natural language interface to an information visualization environment},
  author={Cox, Kenneth and Grinter, Rebecca E and Hibino, Stacie L and Jagadeesan, Lalita Jategaonkar and Mantilla, David},
  journal={International Journal of Speech Technology},
  volume={4},
  pages={297--314},
  year={2001},
  publisher={Springer}
}

@inproceedings{sun2010articulate,
  title={Articulate: A semi-automated model for translating natural language queries into meaningful visualizations},
  author={Sun, Yiwen and Leigh, Jason and Johnson, Andrew and Lee, Sangyoon},
  booktitle={Smart Graphics: 10th International Symposium on Smart Graphics, Banff, Canada, June 24-26, 2010 Proceedings 10},
  pages={184--195},
  year={2010},
  organization={Springer}
}

@article{wongsuphasawat2015voyager,
  title={Voyager: Exploratory analysis via faceted browsing of visualization recommendations},
  author={Wongsuphasawat, Kanit and Moritz, Dominik and Anand, Anushka and Mackinlay, Jock and Howe, Bill and Heer, Jeffrey},
  journal={IEEE transactions on visualization and computer graphics},
  volume={22},
  number={1},
  pages={649--658},
  year={2015},
  publisher={IEEE}
}

@article{li2021kg4vis,
  title={KG4Vis: A knowledge graph-based approach for visualization recommendation},
  author={Li, Haotian and Wang, Yong and Zhang, Songheng and Song, Yangqiu and Qu, Huamin},
  journal={IEEE Transactions on Visualization and Computer Graphics},
  volume={28},
  number={1},
  pages={195--205},
  year={2021},
  publisher={IEEE}
}

@article{wang2023llm4vis,
  title={LLM4Vis: Explainable visualization recommendation using ChatGPT},
  author={Wang, Lei and Zhang, Songheng and Wang, Yun and Lim, Ee-Peng and Wang, Yong},
  journal={arXiv preprint arXiv:2310.07652},
  year={2023}
}

@inproceedings{setlur2016eviza,
  title={Eviza: A natural language interface for visual analysis},
  author={Setlur, Vidya and Battersby, Sarah E and Tory, Melanie and Gossweiler, Rich and Chang, Angel X},
  booktitle={Proceedings of the 29th annual symposium on user interface software and technology},
  pages={365--377},
  year={2016}
}

@article{cui2019text,
  title={Text-to-viz: Automatic generation of infographics from proportion-related natural language statements},
  author={Cui, Weiwei and Zhang, Xiaoyu and Wang, Yun and Huang, He and Chen, Bei and Fang, Lei and Zhang, Haidong and Lou, Jian-Guan and Zhang, Dongmei},
  journal={IEEE transactions on visualization and computer graphics},
  volume={26},
  number={1},
  pages={906--916},
  year={2019},
  publisher={IEEE}
}

@article{moritz2018formalizing,
  title={Formalizing visualization design knowledge as constraints: Actionable and extensible models in draco},
  author={Moritz, Dominik and Wang, Chenglong and Nelson, Greg L and Lin, Halden and Smith, Adam M and Howe, Bill and Heer, Jeffrey},
  journal={IEEE transactions on visualization and computer graphics},
  volume={25},
  number={1},
  pages={438--448},
  year={2018},
  publisher={IEEE}
}

@article{de2020vismaker,
  title={Vismaker: a question-oriented visualization recommender system for data exploration},
  author={de Ara{\'u}jo Lima, Raul and Diniz Junqueira Barbosa, Simone},
  journal={arXiv e-prints},
  pages={arXiv--2002},
  year={2020}
}

@inproceedings{liu2021advisor,
  title={Advisor: Automatic visualization answer for natural-language question on tabular data},
  author={Liu, Can and Han, Yun and Jiang, Ruike and Yuan, Xiaoru},
  booktitle={2021 IEEE 14th Pacific Visualization Symposium (PacificVis)},
  pages={11--20},
  year={2021},
  organization={IEEE}
}

@article{luo2021natural,
  title={Natural language to visualization by neural machine translation},
  author={Luo, Yuyu and Tang, Nan and Li, Guoliang and Tang, Jiawei and Chai, Chengliang and Qin, Xuedi},
  journal={IEEE Transactions on Visualization and Computer Graphics},
  volume={28},
  number={1},
  pages={217--226},
  year={2021},
  publisher={IEEE}
}

@article{chen2024viseval,
  title={Viseval: A benchmark for data visualization in the era of large language models},
  author={Chen, Nan and Zhang, Yuge and Xu, Jiahang and Ren, Kan and Yang, Yuqing},
  journal={IEEE Transactions on Visualization and Computer Graphics},
  year={2024},
  publisher={IEEE}
}


@article{achiam2023gpt,
  title={Gpt-4 technical report},
  author={Achiam, Josh and Adler, Steven and Agarwal, Sandhini and Ahmad, Lama and Akkaya, Ilge and Aleman, Florencia Leoni and Almeida, Diogo and Altenschmidt, Janko and Altman, Sam and Anadkat, Shyamal and others},
  journal={arXiv preprint arXiv:2303.08774},
  year={2023}
}

@article{liu2024deepseek,
  title={Deepseek-v3 technical report},
  author={Liu, Aixin and Feng, Bei and Xue, Bing and Wang, Bingxuan and Wu, Bochao and Lu, Chengda and Zhao, Chenggang and Deng, Chengqi and Zhang, Chenyu and Ruan, Chong and others},
  journal={arXiv preprint arXiv:2412.19437},
  year={2024}
}

@article{chen2025janus,
  title={Janus-Pro: Unified Multimodal Understanding and Generation with Data and Model Scaling},
  author={Chen, Xiaokang and Wu, Zhiyu and Liu, Xingchao and Pan, Zizheng and Liu, Wen and Xie, Zhenda and Yu, Xingkai and Ruan, Chong},
  journal={arXiv preprint arXiv:2501.17811},
  year={2025}
}

@misc{liPrompt4VisPromptingLarge2024,
  title = {{{Prompt4Vis}}: {{Prompting Large Language Models}} with {{Example Mining}} and {{Schema Filtering}} for {{Tabular Data Visualization}}},
  author = {Li, Shuaimin and Chen, Xuanang and Song, Yuanfeng and Song, Yunze and Zhang, Chen},
  year = {2024},
  month = jan,
  number = {arXiv:2402.07909},
  eprint = {2402.07909},
  primaryclass = {cs},
  publisher = {arXiv},
  doi = {10.48550/arXiv.2402.07909},
  archiveprefix = {arXiv},
  annotation = {TLDR: This work introduces a novel framework, Prompt4Vis, leveraging LLMs and in-context learning to enhance the performance of generating data visualization from natural language, and is the first work that introduces in-context learning into the text-to-vis for generating data visualization queries.}
}

@misc{goswamiPlotGenMultiAgentLLMbased2025,
  title = {{{PlotGen}}: {{Multi-Agent LLM-based Scientific Data Visualization}} via {{Multimodal Feedback}}},
  author = {Goswami, Kanika and Mathur, Puneet and Rossi, Ryan and Dernoncourt, Franck},
  year = {2025},
  month = feb,
  number = {arXiv:2502.00988},
  eprint = {2502.00988},
  primaryclass = {cs},
  publisher = {arXiv},
  doi = {10.48550/arXiv.2502.00988},
  archiveprefix = {arXiv}
}


@article{team2024gemini,
  title={Gemini 1.5: Unlocking multimodal understanding across millions of tokens of context},
  author={Team, Gemini and Georgiev, Petko and Lei, Ving Ian and Burnell, Ryan and Bai, Libin and Gulati, Anmol and Tanzer, Garrett and Vincent, Damien and Pan, Zhufeng and Wang, Shibo and others},
  journal={arXiv preprint arXiv:2403.05530},
  year={2024}
}

@article{wei2022chain,
  title={Chain-of-thought prompting elicits reasoning in large language models},
  author={Wei, Jason and Wang, Xuezhi and Schuurmans, Dale and Bosma, Maarten and Xia, Fei and Chi, Ed and Le, Quoc V and Zhou, Denny and others},
  journal={Advances in neural information processing systems},
  volume={35},
  pages={24824--24837},
  year={2022}
}
	
