@article{chen2022nl2interface,
  title={Nl2interface: Interactive visualization interface generation from natural language queries},
  author={Chen, Yiru and Li, Ryan and Mac, Austin and Xie, Tianbao and Yu, Tao and Wu, Eugene},
  journal={arXiv preprint arXiv:2209.08834},
  year={2022}
}

@article{chen2022type,
  title={Type-directed synthesis of visualizations from natural language queries},
  author={Chen, Qiaochu and Pailoor, Shankara and Barnaby, Celeste and Criswell, Abby and Wang, Chenglong and Durrett, Greg and Dillig, I{\c{s}}il},
  journal={Proceedings of the ACM on Programming Languages},
  volume={6},
  number={OOPSLA2},
  pages={532--559},
  year={2022},
  publisher={ACM New York, NY, USA}
}

@article{cui2019text,
  title={Text-to-viz: Automatic generation of infographics from proportion-related natural language statements},
  author={Cui, Weiwei and Zhang, Xiaoyu and Wang, Yun and Huang, He and Chen, Bei and Fang, Lei and Zhang, Haidong and Lou, Jian-Guan and Zhang, Dongmei},
  journal={IEEE transactions on visualization and computer graphics},
  volume={26},
  number={1},
  pages={906--916},
  year={2019},
  publisher={IEEE}
}

@article{de2020vismaker,
  title={Vismaker: a question-oriented visualization recommender system for data exploration},
  author={de Ara{\'u}jo Lima, Raul and Diniz Junqueira Barbosa, Simone},
  journal={arXiv e-prints},
  pages={arXiv--2002},
  year={2020}
}

@article{dibia2019data2vis,
  title={Data2vis: Automatic generation of data visualizations using sequence-to-sequence recurrent neural networks},
  author={Dibia, Victor and Demiralp, {\c{C}}a{\u{g}}atay},
  journal={IEEE computer graphics and applications},
  volume={39},
  number={5},
  pages={33--46},
  year={2019},
  publisher={IEEE}
}

@misc{goswamiPlotGenMultiAgentLLMbased2025,
  title = {{{PlotGen}}: {{Multi-Agent LLM-based Scientific Data Visualization}} via {{Multimodal Feedback}}},
  author = {Goswami, Kanika and Mathur, Puneet and Rossi, Ryan and Dernoncourt, Franck},
  year = {2025},
  month = feb,
  number = {arXiv:2502.00988},
  eprint = {2502.00988},
  primaryclass = {cs},
  publisher = {arXiv},
  doi = {10.48550/arXiv.2502.00988},
  archiveprefix = {arXiv}
}

@article{li2021kg4vis,
  title={KG4Vis: A knowledge graph-based approach for visualization recommendation},
  author={Li, Haotian and Wang, Yong and Zhang, Songheng and Song, Yangqiu and Qu, Huamin},
  journal={IEEE Transactions on Visualization and Computer Graphics},
  volume={28},
  number={1},
  pages={195--205},
  year={2021},
  publisher={IEEE}
}

@misc{liPrompt4VisPromptingLarge2024,
  title = {{{Prompt4Vis}}: {{Prompting Large Language Models}} with {{Example Mining}} and {{Schema Filtering}} for {{Tabular Data Visualization}}},
  author = {Li, Shuaimin and Chen, Xuanang and Song, Yuanfeng and Song, Yunze and Zhang, Chen},
  year = {2024},
  month = jan,
  number = {arXiv:2402.07909},
  eprint = {2402.07909},
  primaryclass = {cs},
  publisher = {arXiv},
  doi = {10.48550/arXiv.2402.07909},
  archiveprefix = {arXiv},
  annotation = {TLDR: This work introduces a novel framework, Prompt4Vis, leveraging LLMs and in-context learning to enhance the performance of generating data visualization from natural language, and is the first work that introduces in-context learning into the text-to-vis for generating data visualization queries.}
}

@inproceedings{liu2021advisor,
  title={Advisor: Automatic visualization answer for natural-language question on tabular data},
  author={Liu, Can and Han, Yun and Jiang, Ruike and Yuan, Xiaoru},
  booktitle={2021 IEEE 14th Pacific Visualization Symposium (PacificVis)},
  pages={11--20},
  year={2021},
  organization={IEEE}
}

@article{luo2021natural,
  title={Natural language to visualization by neural machine translation},
  author={Luo, Yuyu and Tang, Nan and Li, Guoliang and Tang, Jiawei and Chai, Chengliang and Qin, Xuedi},
  journal={IEEE Transactions on Visualization and Computer Graphics},
  volume={28},
  number={1},
  pages={217--226},
  year={2021},
  publisher={IEEE}
}

@article{moritz2018formalizing,
  title={Formalizing visualization design knowledge as constraints: Actionable and extensible models in draco},
  author={Moritz, Dominik and Wang, Chenglong and Nelson, Greg L and Lin, Halden and Smith, Adam M and Howe, Bill and Heer, Jeffrey},
  journal={IEEE transactions on visualization and computer graphics},
  volume={25},
  number={1},
  pages={438--448},
  year={2018},
  publisher={IEEE}
}

@inproceedings{rashid2022text2chart,
  title={Text2chart: A multi-staged chart generator from natural language text},
  author={Rashid, Md Mahinur and Jahan, Hasin Kawsar and Huzzat, Annysha and Rahul, Riyasaat Ahmed and Zakir, Tamim Bin and Meem, Farhana and Mukta, Md Saddam Hossain and Shatabda, Swakkhar},
  booktitle={Pacific-Asia Conference on Knowledge Discovery and Data Mining},
  pages={3--16},
  year={2022},
  organization={Springer}
}

@inproceedings{setlur2016eviza,
  title={Eviza: A natural language interface for visual analysis},
  author={Setlur, Vidya and Battersby, Sarah E and Tory, Melanie and Gossweiler, Rich and Chang, Angel X},
  booktitle={Proceedings of the 29th annual symposium on user interface software and technology},
  pages={365--377},
  year={2016}
}

@article{wang2023llm4vis,
  title={LLM4Vis: Explainable visualization recommendation using ChatGPT},
  author={Wang, Lei and Zhang, Songheng and Wang, Yun and Lim, Ee-Peng and Wang, Yong},
  journal={arXiv preprint arXiv:2310.07652},
  year={2023}
}

@article{wongsuphasawat2015voyager,
  title={Voyager: Exploratory analysis via faceted browsing of visualization recommendations},
  author={Wongsuphasawat, Kanit and Moritz, Dominik and Anand, Anushka and Mackinlay, Jock and Howe, Bill and Heer, Jeffrey},
  journal={IEEE transactions on visualization and computer graphics},
  volume={22},
  number={1},
  pages={649--658},
  year={2015},
  publisher={IEEE}
}

@inproceedings{wu2022nuwa,
  title={N{\"u}wa: Visual synthesis pre-training for neural visual world creation},
  author={Wu, Chenfei and Liang, Jian and Ji, Lei and Yang, Fan and Fang, Yuejian and Jiang, Daxin and Duan, Nan},
  booktitle={European conference on computer vision},
  pages={720--736},
  year={2022},
  organization={Springer}
}

@article{yang2024matplotagent,
  title={Matplotagent: Method and evaluation for llm-based agentic scientific data visualization},
  author={Yang, Zhiyu and Zhou, Zihan and Wang, Shuo and Cong, Xin and Han, Xu and Yan, Yukun and Liu, Zhenghao and Tan, Zhixing and Liu, Pengyuan and Yu, Dong and others},
  journal={arXiv preprint arXiv:2402.11453},
  year={2024}
}

@article{zhang2024chartifytext,
  title={ChartifyText: Automated Chart Generation from Data-Involved Texts via LLM},
  author={Zhang, Songheng and Wang, Lei and Li, Toby Jia-Jun and Shen, Qiaomu and Cao, Yixin and Wang, Yong},
  journal={arXiv preprint arXiv:2410.14331},
  year={2024}
}

