@article{Aaronson06,
  author    = {Scott Aaronson},
  title     = {Lower Bounds for Local Search by Quantum Arguments},
  journal   = {{SIAM} J. Comput.},
  volume    = {35},
  number    = {4},
  pages     = {804--824},
  year      = {2006},
  url       = {https://doi.org/10.1137/S0097539704447237},
  doi       = {10.1137/S0097539704447237},
  timestamp = {Sat, 27 May 2017 14:22:58 +0200},
  biburl    = {https://dblp.org/rec/journals/siamcomp/Aaronson06.bib},
  bibsource = {dblp computer science bibliography, https://dblp.org}
}

@inproceedings{CLY23,
  author       = {Xi Chen and
                  Yuhao Li and
                  Mihalis Yannakakis},
  editor       = {Amnon Ta{-}Shma},
  title        = {Reducing Tarski to Unique Tarski (In the Black-Box Model)},
  booktitle    = {Computational Complexity Conference (CCC)},
  volume       = {264},
  pages        = {21:1--21:23},
  year         = {2023}
}

@article{aldous1983minimization,
  title={Minimization Algorithms and Random Walk on the $ d $-Cube},
  author={Aldous, David},
  journal={The Annals of Probability},
  volume={11},
  number={2},
  pages={403--413},
  year={1983},
  publisher={Institute of Mathematical Statistics}
}

@inproceedings{chen2005algorithms,
  title={On algorithms for discrete and approximate Brouwer fixed points},
  author={Chen, Xi and Deng, Xiaotie},
  booktitle={Proceedings of the thirty-seventh annual ACM symposium on Theory of computing},
  pages={323--330},
  year={2005}
}

@inproceedings{chen2007paths,
  title={Paths beyond local search: A tight bound for randomized fixed-point computation},
  author={Chen, Xi and Teng, Shang-Hua},
  booktitle={48th Annual IEEE Symposium on Foundations of Computer Science (FOCS'07)},
  pages={124--134},
  year={2007},
  organization={IEEE}
}

@inproceedings{chen2022improved,
  title={Improved Upper Bounds for Finding Tarski Fixed Points},
  author={Chen, Xi and Li, Yuhao},
  booktitle={Proceedings of the 23rd ACM Conference on Economics and Computation},
  pages={1108--1118},
  year={2022}
}

@misc{dang2020tarskialgorithm,
      title={Computations and Complexities of Tarski's Fixed Points and Supermodular Games}, 
      author={Chuangyin Dang and Qi Qi and Yinyu Ye},
      year={2020},
      eprint={2005.09836},
      archivePrefix={arXiv},
      primaryClass={cs.GT},
      url={https://arxiv.org/abs/2005.09836}, 
}

@article{dinh2010quantum,
  title={Quantum and randomized lower bounds for local search on vertex-transitive graphs},
  author={Dinh, Hang and Russell, Alexander},
  journal={Quantum Information \& Computation},
  volume={10},
  number={7},
  pages={636--652},
  year={2010},
  publisher={Rinton Press, Incorporated Paramus, NJ}
}

@inproceedings{etessami2019tarski,
  title={Tarski's theorem, supermodular games, and the complexity of equilibria},
  author={Etessami, Kousha and Papadimitriou, Christos and Rubinstein, Aviad and Yannakakis, Mihalis},
  booktitle    = {Innovations in Theoretical Computer Science Conference (ITCS)},
  volume       = {151},
  pages        = {18:1--18:19},
  year = {2019}
}

@article{fearnley2022cls,
    title={The Complexity of Gradient Descent: $\text{CLS} = \text{PPAD} \cap \text{PLS}$},
    author={Fearnley, John and Goldberg, Paul and Hollender, Alexandros and Savani, Rahul},
    year={2022},
    journal={Journal of the ACM},
    volume={70},
    issue={1},
    pages={1-74},
    doi={https://doi.org/10.1145/3568163}
}

@article{fearnley2022faster,
  title={A faster algorithm for finding Tarski fixed points},
  author={Fearnley, John and P{\'a}lv{\"o}lgyi, D{\"o}m{\"o}t{\"o}r and Savani, Rahul},
  journal={ACM Transactions on Algorithms (TALG)},
  volume={18},
  number={3},
  pages={1--23},
  year={2022},
  publisher={ACM New York, NY}
}

@article{hirsch1989exponential,
  title={Exponential lower bounds for finding brouwer fix points},
  author={Hirsch, Michael D and Papadimitriou, Christos H and Vavasis, Stephen A},
  journal={Journal of Complexity},
  volume={5},
  number={4},
  pages={379--416},
  year={1989},
  publisher={Elsevier}
}

@article{llewellyn1989local,
  title={Local optimization on graphs},
  author={Llewellyn, Donna Crystal and Tovey, Craig and Trick, Michael},
  journal={Discrete Applied Mathematics},
  volume={23},
  number={2},
  pages={157--178},
  year={1989},
  publisher={Elsevier}
}

@inproceedings{santha2004quantum,
  title={Quantum and classical query complexities of local search are polynomially related},
  author={Santha, Miklos and Szegedy, Mario},
  booktitle={Proceedings of the thirty-sixth annual ACM symposium on Theory of computing},
  pages={494--501},
  year={2004}
}

@article{sun2009quantum,
  title={On the quantum query complexity of local search in two and three dimensions},
  author={Sun, Xiaoming and Yao, Andrew Chi-Chih},
  journal={Algorithmica},
  volume={55},
  number={3},
  pages={576--600},
  year={2009},
  publisher={Springer}
}

@article{zhang2009tight,
  title={Tight bounds for randomized and quantum local search},
  author={Zhang, Shengyu},
  journal={SIAM Journal on Computing},
  volume={39},
  number={3},
  pages={948--977},
  year={2009},
  publisher={SIAM}
}

