@inproceedings{R1,
  title={Communication-Efficient Learning of Deep Networks from Decentralized Data},
  author={McMahan, Brendan and Moore, Eider and Ramage, Daniel and Hampson, Seth and y Arcas, Blaise Aguera},
  booktitle={Proceedings of the 20th International Conference on Artificial Intelligence and Statistics},
  pages={1273--1282},
  volume={54},
  year={2017}
}

@article{R11,
  title={Can you really backdoor federated learning?},
  author={Sun, Ziteng and Kairouz, Peter and Suresh, Ananda Theertha and McMahan, H Brendan},
  journal={arXiv preprint arXiv:1911.07963},
  year={2019}
}

@article{R16,
  title={Backdoor attacks and defenses in federated learning: Survey, challenges and future research directions},
  author={Nguyen, Thuy Dung and Nguyen, Tuan and Le Nguyen, Phi and Pham, Hieu H and Doan, Khoa D and Wong, Kok-Seng},
  journal={Engineering Applications of Artificial Intelligence},
  volume={127},
  pages={107166},
  year={2024}
}

@inproceedings{R17,
  title={Auror: Defending against poisoning attacks in collaborative deep learning systems},
  author={Shen, Shiqi and Tople, Shruti and Saxena, Prateek},
  booktitle={Proceedings of the 32nd Annual Conference on Computer Security Applications},
  pages={508--519},
  year={2016}
}

@inproceedings{R18,
  title={Machine learning with adversaries: Byzantine tolerant gradient descent},
  author={Blanchard, Peva and El Mhamdi, El Mahdi and Guerraoui, Rachid and Stainer, Julien},
  booktitle={Advances in Neural Information Processing Systems},
  volume={30},
  year={2017}
}

@article{R19,
  title={Mitigating sybils in federated learning poisoning},
  author={Fung, Clement and Yoon, Chris JM and Beschastnikh, Ivan},
  journal={arXiv preprint arXiv:1808.04866},
  year={2018}
}

@article{R20,
  title={Byzantine-robust federated machine learning through adaptive model averaging},
  author={Mu{\~n}oz-Gonz{\'a}lez, Luis and Co, Kenneth T and Lupu, Emil C},
  journal={arXiv preprint arXiv:1909.05125},
  year={2019}
}

@inproceedings{R23,
  title={Learning Differentially Private Recurrent Language Models},
  author={H. Brendan McMahan and Daniel Ramage and Kunal Talwar and Li Zhang},
  booktitle={International Conference on Learning Representations},
  year={2018}
}

@inproceedings{R25,
  title = {{FLAME}: Taming Backdoors in Federated Learning},
  author = {Thien Duc Nguyen and Phillip Rieger and Huili Chen and Hossein Yalame and Helen M{\"o}llering and Hossein Fereidooni and Samuel Marchal and Markus Miettinen and Azalia Mirhoseini and Shaza Zeitouni and Farinaz Koushanfar and Ahmad-Reza Sadeghi and Thomas Schneider},
  booktitle={31st USENIX Security Symposium (USENIX Security 22)},
  pages={1415--1432},
  year={2022}
}

@article{R26,
  title={Defending against Backdoors in Federated Learning with Robust Learning Rate},
  author={Ozdayi, Mustafa Safa and Kantarcioglu, Murat and Gel, Yulia R.},
  journal={Proceedings of the AAAI Conference on Artificial Intelligence},
  volume={35},
  number={10},
  year={2021},
  pages={9268-9276}
}

@inproceedings{R27,
  title={{B}yzantine-Robust Distributed Learning: Towards Optimal Statistical Rates},
  author={Yin, Dong and Chen, Yudong and Kannan, Ramchandran and Bartlett, Peter},
  booktitle={Proceedings of the 35th International Conference on Machine Learning},
  pages={5650--5659},
  year={2018},
  volume={80}
}

@article{R28,
  title={Mitigating backdoor attacks in federated learning},
  author={Wu, Chen and Yang, Xian and Zhu, Sencun and Mitra, Prasenjit},
  journal={arXiv preprint arXiv:2011.01767},
  year={2020}
}

@inproceedings{R38,
  title={Neurotoxin: Durable backdoors in federated learning},
  author={Zhang, Zhengming and Panda, Ashwinee and Song, Linyue and Yang, Yaoqing and Mahoney, Michael and Mittal, Prateek and Kannan, Ramchandran and Gonzalez, Joseph},
  booktitle={Proceedings of the 39th International Conference on Machine Learning},
  pages={26429--26446},
  volume={162},
  year={2022}
}

@inproceedings{R4,
  title={Data poisoning attacks against federated learning systems},
  author={Tolpegin, Vale and Truex, Stacey and Gursoy, Mehmet Emre and Liu, Ling},
  booktitle={25th European Symposium on Research in Computer Security},
  pages={480--501},
  year={2020}
}

@ARTICLE{R41,
  author={Li, Yiming and Jiang, Yong and Li, Zhifeng and Xia, Shu-Tao},
  journal={IEEE Transactions on Neural Networks and Learning Systems},
  title={Backdoor Learning: A Survey},
  year={2024},
  volume={35},
  number={1},
  pages={5-22}
}

@ARTICLE{R42,
  title={FedRecovery: Differentially Private Machine Unlearning for Federated Learning Frameworks},
  author={Zhang, Lefeng and Zhu, Tianqing and Zhang, Haibin and Xiong, Ping and Zhou, Wanlei},
  journal={IEEE Transactions on Information Forensics and Security},
  volume={18},
  number={},
  pages={4732-4746},
  year={2023}
}

@ARTICLE{R52,
  title={AP2FL: Auditable Privacy-Preserving Federated Learning Framework for Electronics in Healthcare},
  author={Yazdinejad, Abbas and Dehghantanha, Ali and Srivastava, Gautam},
  journal={IEEE Transactions on Consumer Electronics},
  volume={70},
  number={1},
  pages={2527-2535},
  year={2024},

  }

@inproceedings{R6,
  title={Attack of the Tails: Yes, You Really Can Backdoor Federated Learning},
  author={Wang, Hongyi and Sreenivasan, Kartik and Rajput, Shashank and Vishwakarma, Harit and Agarwal, Saurabh and Sohn, Jy-yong and Lee, Kangwook and Papailiopoulos, Dimitris},
  booktitle={Advances in Neural Information Processing Systems},
  volume={33},
  pages={16070--16084},
  year={2020}
}

@inproceedings{R7,
  title={Dba: Distributed backdoor attacks against federated learning},
  author={Xie, Chulin and Huang, Keli and Chen, Pin Yu and Li, Bo},
  booktitle={International Conference on Learning Representations},
  year={2020}
}

@inproceedings{R8,
  title={How to backdoor federated learning},
  author={Bagdasaryan, Eugene and Veit, Andreas and Hua, Yiqing and Estrin, Deborah and Shmatikov, Vitaly},
  booktitle={Proceedings of the Twenty Third International Conference on Artificial Intelligence and Statistics},
  pages={2938--2948},
  volume={108},
  year={2020}
}

@article{R9,
  title={Coordinated Backdoor Attacks against Federated Learning with Model-Dependent Triggers},
  author={Gong, Xueluan and Chen, Yanjiao and Huang, Huayang and Liao, Yuqing and Wang, Shuai and Wang, Qian},
  journal={IEEE Network},
  volume={36},
  number={1},
  pages={84--90},
  year={2022}
}

