@inproceedings{R1,
  title={Communication-Efficient Learning of Deep Networks from Decentralized Data},
  author={McMahan, Brendan and Moore, Eider and Ramage, Daniel and Hampson, Seth and y Arcas, Blaise Aguera},
  booktitle={Proceedings of the 20th International Conference on Artificial Intelligence and Statistics},
  pages={1273--1282},
  volume={54},
  year={2017}
}

@article{R2,
  title={End-to-end privacy preserving deep learning on multi-institutional medical imaging},
  author={Kaissis, Georgios and Ziller, Alexander and Passerat-Palmbach, Jonathan and Ryffel, Th{\'e}o and Usynin, Dmitrii and Trask, Andrew and Lima Jr, Ion{\'e}sio and Mancuso, Jason and Jungmann, Friederike and Steinborn, Marc-Matthias and others},
  journal={Nature Machine Intelligence},
  volume={3},
  number={6},
  pages={473--484},
  year={2021}
}


@article{R3,
title = {Federated learning for medical image analysis: A survey},
journal = {Pattern Recognition},
volume = {151},
pages = {110424},
year = {2024},
issn = {0031-3203},
author = {Hao Guan and Pew-Thian Yap and Andrea Bozoki and Mingxia Liu},
}

@inproceedings{R4,
  title={Data poisoning attacks against federated learning systems},
  author={Tolpegin, Vale and Truex, Stacey and Gursoy, Mehmet Emre and Liu, Ling},
  booktitle={25th European Symposium on Research in Computer Security},
  pages={480--501},
  year={2020}
}

@inproceedings{R5,
  title={Local Model Poisoning Attacks to {Byzantine-Robust} Federated Learning},
  author={Fang, Minghong and Cao, Xiaoyu and Jia, Jinyuan and Gong, Neil},
  booktitle={29th USENIX Security Symposium (USENIX Security 20)},
  pages={1605--1622},
  year={2020}
}

@inproceedings{R6,
  title={Attack of the Tails: Yes, You Really Can Backdoor Federated Learning},
  author={Wang, Hongyi and Sreenivasan, Kartik and Rajput, Shashank and Vishwakarma, Harit and Agarwal, Saurabh and Sohn, Jy-yong and Lee, Kangwook and Papailiopoulos, Dimitris},
  booktitle={Advances in Neural Information Processing Systems},
  volume={33},
  pages={16070--16084},
  year={2020}
}

@inproceedings{R7,
  title={Dba: Distributed backdoor attacks against federated learning},
  author={Xie, Chulin and Huang, Keli and Chen, Pin Yu and Li, Bo},
  booktitle={International Conference on Learning Representations},
  year={2020}
}

@inproceedings{R8,
  title={How to backdoor federated learning},
  author={Bagdasaryan, Eugene and Veit, Andreas and Hua, Yiqing and Estrin, Deborah and Shmatikov, Vitaly},
  booktitle={Proceedings of the Twenty Third International Conference on Artificial Intelligence and Statistics},
  pages={2938--2948},
  volume={108},
  year={2020}
}

@article{R9,
  title={Coordinated Backdoor Attacks against Federated Learning with Model-Dependent Triggers},
  author={Gong, Xueluan and Chen, Yanjiao and Huang, Huayang and Liao, Yuqing and Wang, Shuai and Wang, Qian},
  journal={IEEE Network},
  volume={36},
  number={1},
  pages={84--90},
  year={2022}
}

@inproceedings{R10,
  title = {Narcissus: A Practical Clean-Label Backdoor Attack with Limited Information},
  author = {Zeng, Yi and Pan, Minzhou and Just, Hoang Anh and Lyu, Lingjuan and Qiu, Meikang and Jia, Ruoxi},
  booktitle = {Proceedings of the 2023 ACM SIGSAC Conference on Computer and Communications Security},
  pages = {771–785},
  year = {2023},
}

@article{R11,
  title={Can you really backdoor federated learning?},
  author={Sun, Ziteng and Kairouz, Peter and Suresh, Ananda Theertha and McMahan, H Brendan},
  journal={arXiv preprint arXiv:1911.07963},
  year={2019}
}

@inproceedings{R12,
  title = {Boosting Adversarial Attacks With Momentum},
  author = {Dong, Yinpeng and Liao, Fangzhou and Pang, Tianyu and Su, Hang and Zhu, Jun and Hu, Xiaolin and Li, Jianguo},
  booktitle = {Proceedings of the IEEE Conference on Computer Vision and Pattern Recognition},
  month = {June},
  year = {2018}
}

@inproceedings{R13,
  title = {Deep Residual Learning for Image Recognition},
  author = {He, Kaiming and Zhang, Xiangyu and Ren, Shaoqing and Sun, Jian},
  booktitle = {Proceedings of the IEEE Conference on Computer Vision and Pattern Recognition},
  month = {June},
  year = {2016}
}

@article{R14,
  title={Adam: A method for stochastic optimization},
  author={Kingma, Diederik P and Ba, Jimmy},
  journal={arXiv preprint arXiv:1412.6980},
  year={2014}
}

@article{R15,
  title={Layercam: Exploring hierarchical class activation maps for localization},
  author={Jiang, Peng-Tao and Zhang, Chang-Bin and Hou, Qibin and Cheng, Ming-Ming and Wei, Yunchao},
  journal={IEEE Transactions on Image Processing},
  volume={30},
  pages={5875--5888},
  year={2021}
}

@article{R16,
  title={Backdoor attacks and defenses in federated learning: Survey, challenges and future research directions},
  author={Nguyen, Thuy Dung and Nguyen, Tuan and Le Nguyen, Phi and Pham, Hieu H and Doan, Khoa D and Wong, Kok-Seng},
  journal={Engineering Applications of Artificial Intelligence},
  volume={127},
  pages={107166},
  year={2024}
}

@inproceedings{R17,
  title={Auror: Defending against poisoning attacks in collaborative deep learning systems},
  author={Shen, Shiqi and Tople, Shruti and Saxena, Prateek},
  booktitle={Proceedings of the 32nd Annual Conference on Computer Security Applications},
  pages={508--519},
  year={2016}
}

@inproceedings{R18,
  title={Machine learning with adversaries: Byzantine tolerant gradient descent},
  author={Blanchard, Peva and El Mhamdi, El Mahdi and Guerraoui, Rachid and Stainer, Julien},
  booktitle={Advances in Neural Information Processing Systems},
  volume={30},
  year={2017}
}

@article{R19,
  title={Mitigating sybils in federated learning poisoning},
  author={Fung, Clement and Yoon, Chris JM and Beschastnikh, Ivan},
  journal={arXiv preprint arXiv:1808.04866},
  year={2018}
}

@article{R20,
  title={Byzantine-robust federated machine learning through adaptive model averaging},
  author={Mu{\~n}oz-Gonz{\'a}lez, Luis and Co, Kenneth T and Lupu, Emil C},
  journal={arXiv preprint arXiv:1909.05125},
  year={2019}
}

@article{R21,
  title={Robust aggregation for federated learning},
  author={Pillutla, Krishna and Kakade, Sham M and Harchaoui, Zaid},
  journal={IEEE Transactions on Signal Processing},
  volume={70},
  number={},
  pages={1142-1154},
  year={2022}
}

@inproceedings{R22,
  title={FLDetector: Defending federated learning against model poisoning attacks via detecting malicious clients},
  author={Zhang, Zaixi and Cao, Xiaoyu and Jia, Jinyuan and Gong, Neil Zhenqiang},
  booktitle={Proceedings of the 28th ACM SIGKDD Conference on Knowledge Discovery and Data Mining},
  pages={2545--2555},
  year={2022}
}

@inproceedings{R23,
  title={Learning Differentially Private Recurrent Language Models},
  author={H. Brendan McMahan and Daniel Ramage and Kunal Talwar and Li Zhang},
  booktitle={International Conference on Learning Representations},
  year={2018}
}

@inproceedings{R24,
  title={CRFL: Certifiably Robust Federated Learning against Backdoor Attacks},
  author={Xie, Chulin and Chen, Minghao and Chen, Pin-Yu and Li, Bo},
  booktitle={Proceedings of the 38th International Conference on Machine Learning},
  pages={11372--11382},
  year={2021},
  volume={139},
}

@inproceedings{R25,
  title = {{FLAME}: Taming Backdoors in Federated Learning},
  author = {Thien Duc Nguyen and Phillip Rieger and Huili Chen and Hossein Yalame and Helen M{\"o}llering and Hossein Fereidooni and Samuel Marchal and Markus Miettinen and Azalia Mirhoseini and Shaza Zeitouni and Farinaz Koushanfar and Ahmad-Reza Sadeghi and Thomas Schneider},
  booktitle={31st USENIX Security Symposium (USENIX Security 22)},
  pages={1415--1432},
  year={2022}
}

@article{R26,
  title={Defending against Backdoors in Federated Learning with Robust Learning Rate},
  author={Ozdayi, Mustafa Safa and Kantarcioglu, Murat and Gel, Yulia R.},
  journal={Proceedings of the AAAI Conference on Artificial Intelligence},
  volume={35},
  number={10},
  year={2021},
  pages={9268-9276}
}

@inproceedings{R27,
  title={{B}yzantine-Robust Distributed Learning: Towards Optimal Statistical Rates},
  author={Yin, Dong and Chen, Yudong and Kannan, Ramchandran and Bartlett, Peter},
  booktitle={Proceedings of the 35th International Conference on Machine Learning},
  pages={5650--5659},
  year={2018},
  volume={80}
}

@article{R28,
  title={Mitigating backdoor attacks in federated learning},
  author={Wu, Chen and Yang, Xian and Zhu, Sencun and Mitra, Prasenjit},
  journal={arXiv preprint arXiv:2011.01767},
  year={2020}
}

@article{R29,
  title={Federated unlearning with knowledge distillation},
  author={Wu, Chen and Zhu, Sencun and Mitra, Prasenjit},
  journal={arXiv preprint arXiv:2201.09441},
  year={2022}
}

@article{R30,
  title={FATE: An Industrial Grade Platform for Collaborative Learning with Data Protection},
  author={Liu, Yang and Fan, Tao and Chen, Tianjian and Xu, Qian and Yang, Qiang},
  journal={The Journal of Machine Learning Research},
  volume={22},
  number={1},
  issn = {1532-4435},
  year={2021},
}

@inproceedings{R31,
title={Towards Understanding and Mitigating Dimensional Collapse in Heterogeneous Federated Learning},
author={Yujun Shi and Jian Liang and Wenqing Zhang and Vincent Tan and Song Bai},
booktitle={The Eleventh International Conference on Learning Representations },
year={2023}
}

@article{R32,
  title={Towards Personalized Federated Learning},
  author={Tan, Alysa Ziying and Yu, Han and Cui, Lizhen and Yang, Qiang},
  journal={IEEE Transactions on Neural Networks and Learning Systems},
  year={2023},
  volume={34},
  number={12},
  pages={9587-9603},
}

@inproceedings{R33,
  title={Towards federated learning at scale: System design},
  author={Bonawitz, Keith and Eichner, Hubert and Grieskamp, Wolfgang and Huba, Dzmitry and Ingerman, Alex and Ivanov, Vladimir and Kiddon, Chloe and Kone{\v{c}}n{\`y}, Jakub and Mazzocchi, Stefano and McMahan, Brendan and others},
  booktitle={Proceedings of Machine Learning and Systems},
  volume={1},
  pages={374--388},
  year={2019}
}

@article{R34,
  title={An Efficient and Dynamic Privacy-Preserving Federated Learning System for Edge Computing},
  author={Tang, Xinyu and Guo, Cheng and Choo, Kim-Kwang Raymond and Liu, Yining},
  journal={IEEE Transactions on Information Forensics and Security},
  year={2024},
  volume={19},
  number={},
  pages={207-220}
}

@article{R35,
  title={An Efficient Privacy-Enhancing Cross-Silo Federated Learning and Applications for False Data Injection Attack Detection in Smart Grids},
  author={Tran, Hong-Yen and Hu, Jiankun and Yin, Xuefei and Pota, Hemanshu R.},
  journal={IEEE Transactions on Information Forensics and Security},
  volume={18},
  number={},
  pages={2538-2552},
  year={2023}
}

@inproceedings{R36,
  title={Practical secure aggregation for privacy-preserving machine learning},
  author={Bonawitz, Keith and Ivanov, Vladimir and Kreuter, Ben and Marcedone, Antonio and McMahan, H Brendan and Patel, Sarvar and Ramage, Daniel and Segal, Aaron and Seth, Karn},
  booktitle={Proceedings of the 2017 ACM SIGSAC Conference on Computer and Communications Security},
  pages={1175--1191},
  year={2017}
}

@article{R37,
  title={Backdoor attacks and defenses in federated learning: Survey, challenges and future research directions},
  author={Nguyen, Thuy Dung and Nguyen, Tuan and Le Nguyen, Phi and Pham, Hieu H and Doan, Khoa D and Wong, Kok-Seng},
  journal={Engineering Applications of Artificial Intelligence},
  volume={127},
  pages={107166},
  year={2024}
}

@inproceedings{R38,
  title={Neurotoxin: Durable backdoors in federated learning},
  author={Zhang, Zhengming and Panda, Ashwinee and Song, Linyue and Yang, Yaoqing and Mahoney, Michael and Mittal, Prateek and Kannan, Ramchandran and Gonzalez, Joseph},
  booktitle={Proceedings of the 39th International Conference on Machine Learning},
  pages={26429--26446},
  volume={162},
  year={2022}
}

@article{R39,
  title={PoisonGAN: Generative poisoning attacks against federated learning in edge computing systems},
  author={Zhang, Jiale and Chen, Bing and Cheng, Xiang and Binh, Huynh Thi Thanh and Yu, Shui},
  journal={IEEE Internet of Things Journal},
  volume={8},
  number={5},
  pages={3310--3322},
  year={2020}
}

@inproceedings{R40,
  title={Backdoor Attacks in Federated Learning by Rare Embeddings and Gradient Ensembling},
  author={Yoo, Ki Yoon and Kwak, Nojun},
  booktitle={Proceedings of the 2022 Conference on Empirical Methods in Natural Language Processing},
  pages={72--88},
  year={2022}
}

@ARTICLE{R41,
  author={Li, Yiming and Jiang, Yong and Li, Zhifeng and Xia, Shu-Tao},
  journal={IEEE Transactions on Neural Networks and Learning Systems},
  title={Backdoor Learning: A Survey},
  year={2024},
  volume={35},
  number={1},
  pages={5-22}
}

@ARTICLE{R42,
  title={FedRecovery: Differentially Private Machine Unlearning for Federated Learning Frameworks},
  author={Zhang, Lefeng and Zhu, Tianqing and Zhang, Haibin and Xiong, Ping and Zhou, Wanlei},
  journal={IEEE Transactions on Information Forensics and Security},
  volume={18},
  number={},
  pages={4732-4746},
  year={2023}
}

@ARTICLE{R43,
  title={Personalized Federated Learning With Differential Privacy and Convergence Guarantee},
  author={Wei, Kang and Li, Jun and Ma, Chuan and Ding, Ming and Chen, Wen and Wu, Jun and Tao, Meixia and Poor, H. Vincent},
  journal={IEEE Transactions on Information Forensics and Security},
  volume={18},
  number={},
  pages={4488-4503},
  year={2023}
}

@ARTICLE{R44,
  title={Backdoor Attack Against Split Neural Network-Based Vertical Federated Learning},
  author={He, Ying and Shen, Zhili and Hua, Jingyu and Dong, Qixuan and Niu, Jiacheng and Tong, Wei and Huang, Xu and Li, Chen and Zhong, Sheng},
  journal={IEEE Transactions on Information Forensics and Security},
  volume={19},
  number={},
  pages={748-763},
  year={2024}
}

@inproceedings{R45,
  title={The unreasonable effectiveness of deep features as a perceptual metric},
  author={Zhang, Richard and Isola, Phillip and Efros, Alexei A and Shechtman, Eli and Wang, Oliver},
  booktitle={Proceedings of the IEEE Conference on Computer Vision and Pattern Recognition},
  pages={586--595},
  year={2018}
}

@article{R46,
  title={Toward understanding and boosting adversarial transferability from a distribution perspective},
  author={Zhu, Yao and Chen, Yuefeng and Li, Xiaodan and Chen, Kejiang and He, Yuan and Tian, Xiang and Zheng, Bolun and Chen, Yaowu and Huang, Qingming},
  journal={IEEE Transactions on Image Processing},
  volume={31},
  pages={6487--6501},
  year={2022},
  publisher={IEEE}
}

@article{R47,
  title={Adversarial examples are not bugs, they are features},
  author={Ilyas, Andrew and Santurkar, Shibani and Tsipras, Dimitris and Engstrom, Logan and Tran, Brandon and Madry, Aleksander},
  journal={Advances in Neural Information Processing Systems},
  volume={32},
  year={2019}
}

@inproceedings{R48,
  title={Rethinking the inception architecture for computer vision},
  author={Szegedy, Christian and Vanhoucke, Vincent and Ioffe, Sergey and Shlens, Jon and Wojna, Zbigniew},
  booktitle={Proceedings of the IEEE Conference on Computer Vision and Pattern Recognition},
  pages={2818--2826},
  year={2016}
}

@inproceedings{R49,
  title={Inception-v4, inception-resnet and the impact of residual connections on learning},
  author={Szegedy, Christian and Ioffe, Sergey and Vanhoucke, Vincent and Alemi, Alexander},
  booktitle={Proceedings of the AAAI Conference on Artificial Intelligence},
  volume={31},
  number={1},
  year={2017}
}

@inproceedings{R50,
  title={Local SGD Converges Fast and Communicates Little},
  author={Stich, Sebastian Urban},
  booktitle={International Conference on Learning  Representations},
  year={2019},
}


@inproceedings{R51,
  title={On the Convergence of FedAvg on Non-IID Data},
  author={Li, Xiang and Huang, Kaixuan and Yang, Wenhao and Wang, Shusen and Zhang, Zhihua},
  booktitle={International Conference on Learning Representations},
  year={2020}
}

@ARTICLE{R52,
  title={AP2FL: Auditable Privacy-Preserving Federated Learning Framework for Electronics in Healthcare},
  author={Yazdinejad, Abbas and Dehghantanha, Ali and Srivastava, Gautam},
  journal={IEEE Transactions on Consumer Electronics},
  volume={70},
  number={1},
  pages={2527-2535},
  year={2024},

  }

@article{R53,
title = {Hybrid Privacy Preserving Federated Learning Against Irregular Users in Next-Generation Internet of Things},
author = {Abbas Yazdinejad and Ali Dehghantanha and Gautam Srivastava and Hadis Karimipour and Reza M. Parizi},
journal = {Journal of Systems Architecture},
volume = {148},
pages = {103088},
}

@InProceedings{R54,
title = {A Self-supervised Approach for Adversarial Robustness},
author = {Naseer, Muzammal and Khan, Salman and Hayat, Munawar and Khan, Fahad Shahbaz and Porikli, Fatih},
booktitle = {Proceedings of the IEEE/CVF Conference on Computer Vision and Pattern Recognition (CVPR)},
month = {June},
year = {2020}
}

@INPROCEEDINGS{R55,
  title={Feature Distillation: DNN-Oriented JPEG Compression Against Adversarial Examples},
  author={Liu, Zihao and Liu, Qi and Liu, Tao and Xu, Nuo and Lin, Xue and Wang, Yanzhi and Wen, Wujie},
  booktitle={2019 IEEE/CVF Conference on Computer Vision and Pattern Recognition (CVPR)},
  volume={},
  number={},
  pages={860-868},
  year={2019}
}

@article{R56,
  title={Feature squeezing: Detecting adversarial examples in deep neural networks},
  author={Xu, Weilin and Evans, David and Qi, Yanjun},
  journal={arXiv preprint arXiv:1704.01155},
  year={2017}
}

@inproceedings{R57,
  title={Deep learning with differential privacy},
  author={Abadi, Martin and Chu, Andy and Goodfellow, Ian and McMahan, H Brendan and Mironov, Ilya and Talwar, Kunal and Zhang, Li},
  booktitle={Proceedings of the 2016 ACM SIGSAC conference on computer and communications security},
  pages={308--318},
  year={2016}
}

@article{R58,
  title={Gradient-based learning applied to document recognition},
  author={LeCun, Yann and Bottou, L{\'e}on and Bengio, Yoshua and Haffner, Patrick},
  journal={Proceedings of the IEEE},
  volume={86},
  number={11},
  pages={2278--2324},
  year={1998}
}

@article{R59,
  title={Learning multiple layers of features from tiny images},
  author={Krizhevsky, Alex and Hinton, Geoffrey and others},
  year={2009},
  publisher={Toronto, ON, Canada}
}

@inproceedings{R60,
 title = {Matching Networks for One Shot Learning},
 author = {Vinyals, Oriol and Blundell, Charles and Lillicrap, Timothy and kavukcuoglu, koray and Wierstra, Daan},
 booktitle = {Advances in Neural Information Processing Systems},
 pages = {},
 volume = {29},
 year = {2016}
}

@article{R61,
  title={A robust privacy-preserving federated learning model against model poisoning attacks},
  author={Yazdinejad, Abbas and Dehghantanha, Ali and Karimipour, Hadis and Srivastava, Gautam and Parizi, Reza M},
  journal={IEEE Transactions on Information Forensics and Security},
  year={2024},
  publisher={IEEE}
}

@article{R62,
title = {FedKT: Federated learning with knowledge transfer for non-IID data},
journal = {Pattern Recognition},
volume = {159},
pages = {111143},
year = {2025},
issn = {0031-3203},
author = {Wenjie Mao and Bin Yu and Chen Zhang and A.K. Qin and Yu Xie},
}

@article{R63,
title = {Multi-target label backdoor attacks on graph neural networks},
journal = {Pattern Recognition},
volume = {152},
pages = {110449},
year = {2024},
issn = {0031-3203},
author = {Kaiyang Wang and Huaxin Deng and Yijia Xu and Zhonglin Liu and Yong Fang},
}

@article{R64,
title = {FedCL: Federated contrastive learning for multi-center medical image classification},
journal = {Pattern Recognition},
volume = {143},
pages = {109739},
year = {2023},
issn = {0031-3203},
author = {Zhenbing Liu and Fengfeng Wu and Yumeng Wang and Mengyu Yang and Xipeng Pan},
}

