@inproceedings{CPSPAN,
  title={Deep incomplete multi-view clustering with cross-view partial sample and prototype alignment},
  author={Jin, Jiaqi and Wang, Siwei and Dong, Zhibin and Liu, Xinwang and Zhu, En},
  booktitle={Proceedings of the IEEE/CVF conference on computer vision and pattern recognition},
  pages={11600--11609},
  year={2023}
}

@inproceedings{DCCA,
  title={Deep canonical correlation analysis},
  author={Andrew, Galen and Arora, Raman and Bilmes, Jeff and Livescu, Karen},
  booktitle={International conference on machine learning},
  pages={1247--1255},
  year={2013},
  organization={PMLR}
}

@inproceedings{DCCAE,
  title={On deep multi-view representation learning},
  author={Wang, Weiran and Arora, Raman and Livescu, Karen and Bilmes, Jeff},
  booktitle={International conference on machine learning},
  pages={1083--1092},
  year={2015},
  organization={PMLR}
}

@inproceedings{DIMVC,
  title={Deep incomplete multi-view clustering via mining cluster complementarity},
  author={Xu, Jie and Li, Chao and Ren, Yazhou and Peng, Liang and Mo, Yujie and Shi, Xiaoshuang and Zhu, Xiaofeng},
  booktitle={Proceedings of the AAAI conference on artificial intelligence},
  volume={36},
  number={8},
  pages={8761--8769},
  year={2022}
}

@inproceedings{DSIMVC,
  title={Deep safe incomplete multi-view clustering: Theorem and algorithm},
  author={Tang, Huayi and Liu, Yong},
  booktitle={International Conference on Machine Learning},
  pages={21090--21110},
  year={2022},
  organization={PMLR}
}

@inproceedings{DVIMVC,
  title={Deep Variational Incomplete Multi-View Clustering: Exploring Shared Clustering Structures},
  author={Xu, Gehui and Wen, Jie and Liu, Chengliang and Hu, Bing and Liu, Yicheng and Fei, Lunke and Wang, Wei},
  booktitle={Proceedings of the AAAI Conference on Artificial Intelligence},
  volume={38},
  number={14},
  pages={16147--16155},
  year={2024}
}

@inproceedings{ICMVC,
  title={Incomplete contrastive multi-view clustering with high-confidence guiding},
  author={Chao, Guoqing and Jiang, Yi and Chu, Dianhui},
  booktitle={Proceedings of the AAAI Conference on Artificial Intelligence},
  volume={38},
  number={10},
  pages={11221--11229},
  year={2024}
}

@article{MVTCAE,
  title={Multi-view representation learning via total correlation objective},
  author={Hwang, HyeongJoo and Kim, Geon-Hyeong and Hong, Seunghoon and Kim, Kee-Eung},
  journal={Advances in Neural Information Processing Systems},
  volume={34},
  pages={12194--12207},
  year={2021}
}

@inproceedings{completer1,
  title={Completer: Incomplete multi-view clustering via contrastive prediction},
  author={Lin, Yijie and Gou, Yuanbiao and Liu, Zitao and Li, Boyun and Lv, Jiancheng and Peng, Xi},
  booktitle={Proceedings of the IEEE/CVF conference on computer vision and pattern recognition},
  pages={11174--11183},
  year={2021}
}

@article{completer2,
  title={Dual contrastive prediction for incomplete multi-view representation learning},
  author={Lin, Yijie and Gou, Yuanbiao and Liu, Xiaotian and Bai, Jinfeng and Lv, Jiancheng and Peng, Xi},
  journal={IEEE Transactions on Pattern Analysis and Machine Intelligence},
  volume={45},
  number={4},
  pages={4447--4461},
  year={2023},
  publisher={IEEE}
}

@article{hinton2002training,
  title={Training products of experts by minimizing contrastive divergence},
  author={Hinton, Geoffrey E},
  journal={Neural computation},
  volume={14},
  number={8},
  pages={1771--1800},
  year={2002},
  publisher={MIT Press}
}

@incollection{hotelling1992relations,
  title={Relations between two sets of variates},
  author={Hotelling, Harold},
  booktitle={Breakthroughs in statistics: methodology and distribution},
  pages={162--190},
  year={1992},
  publisher={Springer}
}

@article{mmJSD,
  title={Multimodal generative learning utilizing jensen-shannon-divergence},
  author={Sutter, Thomas and Daunhawer, Imant and Vogt, Julia},
  journal={Advances in neural information processing systems},
  volume={33},
  pages={6100--6110},
  year={2020}
}

@inproceedings{palumbo2023mmvae+,
  title={MMVAE+: Enhancing the generative quality of multimodal VAEs without compromises},
  author={Palumbo, Emanuele and Daunhawer, Imant and Vogt, Julia E},
  booktitle={The Eleventh International Conference on Learning Representations},
  year={2023},
  organization={OpenReview}
}

@article{shi2019variational,
  title={Variational mixture-of-experts autoencoders for multi-modal deep generative models},
  author={Shi, Yuge and Paige, Brooks and Torr, Philip and others},
  journal={Advances in neural information processing systems},
  volume={32},
  year={2019}
}

@article{sutter2024unity,
  title={Unity by Diversity: Improved Representation Learning in Multimodal VAEs},
  author={Sutter, Thomas M and Meng, Yang and Fortin, Norbert and Vogt, Julia E and Mandt, Stephan},
  journal={arXiv preprint arXiv:2403.05300},
  year={2024}
}

@article{suttergeneralized,
  title={Generalized Multimodal ELBO},
  author={Sutter, Thomas M and Daunhawer, Imant and Vogt, Julia E},
  journal={International Conference on Learning Representations},
 year={2021}
}

@inproceedings{tomczak2018vae,
  title={VAE with a VampPrior},
  author={Tomczak, Jakub and Welling, Max},
  booktitle={International conference on artificial intelligence and statistics},
  pages={1214--1223},
  year={2018},
  organization={PMLR}
}

@article{wu2018multimodal,
  title={Multimodal generative models for scalable weakly-supervised learning},
  author={Wu, Mike and Goodman, Noah},
  journal={Advances in neural information processing systems},
  volume={31},
  year={2018}
}

