@inproceedings{yu2023mvimgnet,
  title={Mvimgnet: A large-scale dataset of multi-view images},
  author={Yu, Xianggang and Xu, Mutian and Zhang, Yidan and Liu, Haolin and Ye, Chongjie and Wu, Yushuang and Yan, Zizheng and Zhu, Chenming and Xiong, Zhangyang and Liang, Tianyou and others},
  booktitle={Proceedings of the IEEE/CVF conference on computer vision and pattern recognition},
  pages={9150--9161},
  year={2023}
}

@inproceedings{DCCA,
  title={Deep canonical correlation analysis},
  author={Andrew, Galen and Arora, Raman and Bilmes, Jeff and Livescu, Karen},
  booktitle={International conference on machine learning},
  pages={1247--1255},
  year={2013},
  organization={PMLR}
}

@inproceedings{DCCAE,
  title={On deep multi-view representation learning},
  author={Wang, Weiran and Arora, Raman and Livescu, Karen and Bilmes, Jeff},
  booktitle={International conference on machine learning},
  pages={1083--1092},
  year={2015},
  organization={PMLR}
}

@inproceedings{DIMVC,
  title={Deep incomplete multi-view clustering via mining cluster complementarity},
  author={Xu, Jie and Li, Chao and Ren, Yazhou and Peng, Liang and Mo, Yujie and Shi, Xiaoshuang and Zhu, Xiaofeng},
  booktitle={Proceedings of the AAAI conference on artificial intelligence},
  volume={36},
  number={8},
  pages={8761--8769},
  year={2022}
}

@inproceedings{DSIMVC,
  title={Deep safe incomplete multi-view clustering: Theorem and algorithm},
  author={Tang, Huayi and Liu, Yong},
  booktitle={International Conference on Machine Learning},
  pages={21090--21110},
  year={2022},
  organization={PMLR}
}

@inproceedings{completer1,
  title={Completer: Incomplete multi-view clustering via contrastive prediction},
  author={Lin, Yijie and Gou, Yuanbiao and Liu, Zitao and Li, Boyun and Lv, Jiancheng and Peng, Xi},
  booktitle={Proceedings of the IEEE/CVF conference on computer vision and pattern recognition},
  pages={11174--11183},
  year={2021}
}

@article{completer2,
  title={Dual contrastive prediction for incomplete multi-view representation learning},
  author={Lin, Yijie and Gou, Yuanbiao and Liu, Xiaotian and Bai, Jinfeng and Lv, Jiancheng and Peng, Xi},
  journal={IEEE Transactions on Pattern Analysis and Machine Intelligence},
  volume={45},
  number={4},
  pages={4447--4461},
  year={2023},
  publisher={IEEE}
}

@inproceedings{CPSPAN,
  title={Deep incomplete multi-view clustering with cross-view partial sample and prototype alignment},
  author={Jin, Jiaqi and Wang, Siwei and Dong, Zhibin and Liu, Xinwang and Zhu, En},
  booktitle={Proceedings of the IEEE/CVF conference on computer vision and pattern recognition},
  pages={11600--11609},
  year={2023}
}

@inproceedings{ICMVC,
  title={Incomplete contrastive multi-view clustering with high-confidence guiding},
  author={Chao, Guoqing and Jiang, Yi and Chu, Dianhui},
  booktitle={Proceedings of the AAAI Conference on Artificial Intelligence},
  volume={38},
  number={10},
  pages={11221--11229},
  year={2024}
}

@inproceedings{DVIMVC,
  title={Deep Variational Incomplete Multi-View Clustering: Exploring Shared Clustering Structures},
  author={Xu, Gehui and Wen, Jie and Liu, Chengliang and Hu, Bing and Liu, Yicheng and Fei, Lunke and Wang, Wei},
  booktitle={Proceedings of the AAAI Conference on Artificial Intelligence},
  volume={38},
  number={14},
  pages={16147--16155},
  year={2024}
}

@article{MVTCAE,
  title={Multi-view representation learning via total correlation objective},
  author={Hwang, HyeongJoo and Kim, Geon-Hyeong and Hong, Seunghoon and Kim, Kee-Eung},
  journal={Advances in Neural Information Processing Systems},
  volume={34},
  pages={12194--12207},
  year={2021}
}

@article{mmJSD,
  title={Multimodal generative learning utilizing jensen-shannon-divergence},
  author={Sutter, Thomas and Daunhawer, Imant and Vogt, Julia},
  journal={Advances in neural information processing systems},
  volume={33},
  pages={6100--6110},
  year={2020}
}

@article{li2018survey,
  title={A survey of multi-view representation learning},
  author={Li, Yingming and Yang, Ming and Zhang, Zhongfei},
  journal={IEEE transactions on knowledge and data engineering},
  volume={31},
  number={10},
  pages={1863--1883},
  year={2018},
  publisher={IEEE}
}

@article{tang2024incomplete,
  title={Incomplete multi-view learning: Review, analysis, and prospects},
  author={Tang, Jingjing and Yi, Qingqing and Fu, Saiji and Tian, Yingjie},
  journal={Applied Soft Computing},
  pages={111278},
  year={2024},
  publisher={Elsevier}
}

@article{huh2024platonic,
  title={The platonic representation hypothesis},
  author={Huh, Minyoung and Cheung, Brian and Wang, Tongzhou and Isola, Phillip},
  journal={International Conference on Machine Learning},
  year={2024}
}

@article{van2024representations,
  title={When Representations Align: Universality in Representation Learning Dynamics},
  author={van Rossem, Loek and Saxe, Andrew M},
  journal={International Conference on Machine Learning},
  year={2024}
}

@article{suttergeneralized,
  title={Generalized Multimodal ELBO},
  author={Sutter, Thomas M and Daunhawer, Imant and Vogt, Julia E},
  journal={International Conference on Learning Representations},
 year={2021}
}

@article{hwang2020variational,
  title={Variational interaction information maximization for cross-domain disentanglement},
  author={Hwang, HyeongJoo and Kim, Geon-Hyeong and Hong, Seunghoon and Kim, Kee-Eung},
  journal={Advances in Neural Information Processing Systems},
  volume={33},
  pages={22479--22491},
  year={2020}
}


@article{wu2018multimodal,
  title={Multimodal generative models for scalable weakly-supervised learning},
  author={Wu, Mike and Goodman, Noah},
  journal={Advances in neural information processing systems},
  volume={31},
  year={2018}
}

@article{hinton2002training,
  title={Training products of experts by minimizing contrastive divergence},
  author={Hinton, Geoffrey E},
  journal={Neural computation},
  volume={14},
  number={8},
  pages={1771--1800},
  year={2002},
  publisher={MIT Press}
}

@article{shi2019variational,
  title={Variational mixture-of-experts autoencoders for multi-modal deep generative models},
  author={Shi, Yuge and Paige, Brooks and Torr, Philip and others},
  journal={Advances in neural information processing systems},
  volume={32},
  year={2019}
}

@inproceedings{xie2023exploring,
  title={Exploring and exploiting uncertainty for incomplete multi-view classification},
  author={Xie, Mengyao and Han, Zongbo and Zhang, Changqing and Bai, Yichen and Hu, Qinghua},
  booktitle={Proceedings of the IEEE/CVF Conference on Computer Vision and Pattern Recognition},
  pages={19873--19882},
  year={2023}
}

@article{sgarro1981informational,
  title={Informational divergence and the dissimilarity of probability distributions},
  author={Sgarro, Andrea},
  journal={Calcolo},
  volume={18},
  number={3},
  pages={293--302},
  year={1981},
  publisher={Springer}
}

@inproceedings{wilson2005overview,
  title={Overview of sattoloâ€™s algorithm},
  author={Wilson, Mark C},
  booktitle={Algorithms Seminar, 2002--2004},
  pages={105},
  year={2005},
  organization={Citeseer}
}

@article{aguila2024tutorial,
  title={A tutorial on multi-view autoencoders using the multi-view-AE library},
  author={Aguila, Ana Lawry and Altmann, Andre},
  journal={arXiv preprint arXiv:2403.07456},
  year={2024}
}

@article{sutter2024unity,
  title={Unity by Diversity: Improved Representation Learning in Multimodal VAEs},
  author={Sutter, Thomas M and Meng, Yang and Fortin, Norbert and Vogt, Julia E and Mandt, Stephan},
  journal={arXiv preprint arXiv:2403.05300},
  year={2024}
}

@article{chang2015shapenet,
  title={Shapenet: An information-rich 3d model repository},
  author={Chang, Angel X and Funkhouser, Thomas and Guibas, Leonidas and Hanrahan, Pat and Huang, Qixing and Li, Zimo and Savarese, Silvio and Savva, Manolis and Song, Shuran and Su, Hao and others},
  journal={arXiv preprint arXiv:1512.03012},
  year={2015}
}

@inproceedings{shidanipoly,
  title={Poly-View Contrastive Learning},
  author={Shidani, Amitis and Hjelm, R Devon and Ramapuram, Jason and Webb, Russell and Dhekane, Eeshan Gunesh and Busbridge, Dan},
  booktitle={The Twelfth International Conference on Learning Representations},
  year={2024}
}

@article{cai2023realize,
  title={Realize Generative Yet Complete Latent Representation for Incomplete Multi-View Learning},
  author={Cai, Hongmin and Huang, Weitian and Yang, Sirui and Ding, Siqi and Zhang, Yue and Hu, Bin and Zhang, Fa and Cheung, Yiu-Ming},
  journal={IEEE Transactions on Pattern Analysis and Machine Intelligence},
  year={2024},
  publisher={IEEE}
}

@inproceedings{tran2017missing,
  title={Missing modalities imputation via cascaded residual autoencoder},
  author={Tran, Luan and Liu, Xiaoming and Zhou, Jiayu and Jin, Rong},
  booktitle={Proceedings of the IEEE conference on computer vision and pattern recognition},
  pages={1405--1414},
  year={2017}
}

@inproceedings{wen2019unified,
  title={Unified embedding alignment with missing views inferring for incomplete multi-view clustering},
  author={Wen, Jie and Zhang, Zheng and Xu, Yong and Zhang, Bob and Fei, Lunke and Liu, Hong},
  booktitle={Proceedings of the AAAI conference on artificial intelligence},
  volume={33},
  number={01},
  pages={5393--5400},
  year={2019}
}

@article{wang2020icmsc,
  title={iCmSC: Incomplete cross-modal subspace clustering},
  author={Wang, Qianqian and Lian, Huanhuan and Sun, Gan and Gao, Quanxue and Jiao, Licheng},
  journal={IEEE Transactions on Image Processing},
  volume={30},
  pages={305--317},
  year={2020},
  publisher={IEEE}
}

@article{li2022refining,
  title={Refining graph structure for incomplete multi-view clustering},
  author={Li, Xiang-Long and Chen, Man-Sheng and Wang, Chang-Dong and Lai, Jian-Huang},
  journal={IEEE transactions on neural networks and learning systems},
  volume={35},
  number={2},
  pages={2300--2313},
  year={2022},
  publisher={IEEE}
}

@article{zhang2020deep,
  title={Deep partial multi-view learning},
  author={Zhang, Changqing and Cui, Yajie and Han, Zongbo and Zhou, Joey Tianyi and Fu, Huazhu and Hu, Qinghua},
  journal={IEEE transactions on pattern analysis and machine intelligence},
  volume={44},
  number={5},
  pages={2402--2415},
  year={2020},
  publisher={IEEE}
}

@inproceedings{palumbo2023mmvae+,
  title={MMVAE+: Enhancing the generative quality of multimodal VAEs without compromises},
  author={Palumbo, Emanuele and Daunhawer, Imant and Vogt, Julia E},
  booktitle={The Eleventh International Conference on Learning Representations},
  year={2023},
  organization={OpenReview}
}

@inproceedings{tomczak2018vae,
  title={VAE with a VampPrior},
  author={Tomczak, Jakub and Welling, Max},
  booktitle={International conference on artificial intelligence and statistics},
  pages={1214--1223},
  year={2018},
  organization={PMLR}
}


@incollection{hotelling1992relations,
  title={Relations between two sets of variates},
  author={Hotelling, Harold},
  booktitle={Breakthroughs in statistics: methodology and distribution},
  pages={162--190},
  year={1992},
  publisher={Springer}
}

@book{gross2016combinatorial,
  title={Combinatorial methods with computer applications},
  author={Gross, Jonathan L},
  year={2016},
  publisher={CRC Press}
}

@book{brualdi2004introductory,
  title={Introductory combinatorics},
  author={Brualdi, Richard A},
  year={2004},
  publisher={Pearson Education India}
}

@article{bona2008combinatorics,
  title={Combinatorics of permutations},
  author={B{\'o}na, Mikl{\'o}s},
  journal={ACM SIGACT News},
  volume={39},
  number={4},
  pages={21--25},
  year={2008},
  publisher={ACM New York, NY, USA}
}

@book{kullback1997information,
  title={Information theory and statistics},
  author={Kullback, Solomon},
  year={1997},
  publisher={Courier Corporation}
}

@article{sibson1969information,
  title={Information radius},
  author={Sibson, Robin},
  journal={Zeitschrift f{\"u}r Wahrscheinlichkeitstheorie und verwandte Gebiete},
  volume={14},
  number={2},
  pages={149--160},
  year={1969},
  publisher={Springer}
}

@book{jardine1971mathematical,
  title={Mathematical taxonomy},
  author={Jardine, Nicholas and Sibson, Robin},
  year={1971},
  publisher={Wiley}
}

@article{cochran1954combination,
  title={The combination of estimates from different experiments},
  author={Cochran, William G},
  journal={Biometrics},
  volume={10},
  number={1},
  pages={101--129},
  year={1954},
  publisher={JSTOR}
}

@misc{kullback1959information,
  title={Information Theory and Statistics},
  author={Kullback, Solomon},
  year={1959},
  publisher={John Wiley \& Sons}
}

@article{higgins2017beta,
  title={beta-vae: Learning basic visual concepts with a constrained variational framework.},
  author={Higgins, Irina and Matthey, Loic and Pal, Arka and Burgess, Christopher P and Glorot, Xavier and Botvinick, Matthew M and Mohamed, Shakir and Lerchner, Alexander},
  journal={ICLR (Poster)},
  volume={3},
  year={2017}
}


@article{huang2020partially,
  title={Partially view-aligned clustering},
  author={Huang, Zhenyu and Hu, Peng and Zhou, Joey Tianyi and Lv, Jiancheng and Peng, Xi},
  journal={Advances in Neural Information Processing Systems},
  volume={33},
  pages={2892--2902},
  year={2020}
}

@inproceedings{netzer2011reading,
  title={Reading digits in natural images with unsupervised feature learning},
  author={Netzer, Yuval and Wang, Tao and Coates, Adam and Bissacco, Alessandro and Wu, Baolin and Ng, Andrew Y and others},
  booktitle={NIPS workshop on deep learning and unsupervised feature learning},
  volume={2011},
  number={2},
  pages={4},
  year={2011},
  organization={Granada}
}

@inproceedings{palumbo2024deep,
  title={Deep Generative Clustering with Multimodal Diffusion Variational Autoencoders},
  author={Palumbo, Emanuele and Manduchi, Laura and Laguna, Sonia and Chopard, Daphn{\'e} and Vogt, Julia E},
  booktitle={The Twelfth International Conference on Learning Representations},
  year={2024}
}

@inproceedings{lin2025evaluating,
  title={Evaluating text-to-visual generation with image-to-text generation},
  author={Lin, Zhiqiu and Pathak, Deepak and Li, Baiqi and Li, Jiayao and Xia, Xide and Neubig, Graham and Zhang, Pengchuan and Ramanan, Deva},
  booktitle={European Conference on Computer Vision},
  pages={366--384},
  year={2025},
  organization={Springer}
}











