@article{cybenko1989approximation,
  title={Approximation by superpositions of a sigmoidal function},
  author={Cybenko, George},
  journal={Mathematics of control, signals and systems},
  volume={2},
  number={4},
  pages={303--314},
  year={1989},
  publisher={Springer}
}

@article{hornik1990universal,
  title={Universal approximation of an unknown mapping and its derivatives using multilayer feedforward networks},
  author={Hornik, Kurt and Stinchcombe, Maxwell and White, Halbert},
  journal={Neural networks},
  volume={3},
  number={5},
  pages={551--560},
  year={1990},
  publisher={Elsevier}
}

@inproceedings{kidger2020universal,
  title={Universal approximation with deep narrow networks},
  author={Kidger, Patrick and Lyons, Terry},
  booktitle={Conference on learning theory},
  pages={2306--2327},
  year={2020},
  organization={PMLR}
}

@article{kileel2019expressive,
  title={On the expressive power of deep polynomial neural networks},
  author={Kileel, Joe and Trager, Matthew and Bruna, Joan},
  journal={Advances in neural information processing systems},
  volume={32},
  year={2019}
}

@inproceedings{kolmogorov1957representation,
  title={On the representation of continuous functions of many variables by superposition of continuous functions of one variable and addition},
  author={Kolmogorov, Andrei Nikolaevich},
  booktitle={Doklady Akademii Nauk},
  volume={114},
  pages={953--956},
  year={1957},
  organization={Russian Academy of Sciences}
}

@article{kubjas2024geometry,
  title={Geometry of Polynomial Neural Networks},
  author={Kubjas, Kaie and Li, Jiayi and Wiesmann, Maximilian},
  journal={arXiv preprint arXiv:2402.00949},
  year={2024}
}

@article{leshno1993multilayer,
  title={Multilayer feedforward networks with a nonpolynomial activation function can approximate any function},
  author={Leshno, Moshe and Lin, Vladimir Ya and Pinkus, Allan and Schocken, Shimon},
  journal={Neural networks},
  volume={6},
  number={6},
  pages={861--867},
  year={1993},
  publisher={Elsevier}
}

@article{liu2024kan,
  title={Kan: Kolmogorov-arnold networks},
  author={Liu, Ziming and Wang, Yixuan and Vaidya, Sachin and Ruehle, Fabian and Halverson, James and Solja{\v{c}}i{\'c}, Marin and Hou, Thomas Y and Tegmark, Max},
  journal={arXiv preprint arXiv:2404.19756},
  year={2024}
}

@inproceedings{lokhande2020generating,
  title={Generating accurate pseudo-labels in semi-supervised learning and avoiding overconfident predictions via hermite polynomial activations},
  author={Lokhande, Vishnu Suresh and Tasneeyapant, Songwong and Venkatesh, Abhay and Ravi, Sathya N and Singh, Vikas},
  booktitle={Proceedings of the IEEE/CVF Conference on Computer Vision and Pattern Recognition},
  pages={11435--11443},
  year={2020}
}

@article{pinkus1999approximation,
  title={Approximation theory of the MLP model in neural networks},
  author={Pinkus, Allan},
  journal={Acta numerica},
  volume={8},
  pages={143--195},
  year={1999},
  publisher={Cambridge University Press}
}

@inproceedings{turian2009quadratic,
  title={Quadratic features and deep architectures for chunking},
  author={Turian, Joseph and Bergstra, James and Bengio, Yoshua},
  booktitle={Proceedings of Human Language Technologies: The 2009 Annual Conference of the North American Chapter of the Association for Computational Linguistics, Companion Volume: Short Papers},
  pages={245--248},
  year={2009}
}

@article{zhuo2024polynomial,
  title={Polynomial Composition Activations: Unleashing the Dynamics of Large Language Models},
  author={Zhuo, Zhijian and Wang, Ya and Zeng, Yutao and Li, Xiaoqing and Zhou, Xun and Ma, Jinwen},
  journal={arXiv preprint arXiv:2411.03884},
  year={2024}
}

