@String(PAMI = {IEEE Trans. Pattern Anal. Mach. Intell.})
@String(IJCV = {Int. J. Comput. Vis.})
@String(CVPR= {IEEE Conf. Comput. Vis. Pattern Recog.})
@String(ICCV= {Int. Conf. Comput. Vis.})
@String(ECCV= {Eur. Conf. Comput. Vis.})
@String(NIPS= {Adv. Neural Inform. Process. Syst.})
@String(ICPR = {Int. Conf. Pattern Recog.})
@String(BMVC= {Brit. Mach. Vis. Conf.})
@String(TOG= {ACM Trans. Graph.})
@String(TIP  = {IEEE Trans. Image Process.})
@String(TVCG  = {IEEE Trans. Vis. Comput. Graph.})
@String(TMM  = {IEEE Trans. Multimedia})
@String(ACMMM= {ACM Int. Conf. Multimedia})
@String(ICME = {Int. Conf. Multimedia and Expo})
@String(ICASSP=	{ICASSP})
@String(ICIP = {IEEE Int. Conf. Image Process.})
@String(ACCV  = {ACCV})
@String(ICLR = {Int. Conf. Learn. Represent.})
@String(IJCAI = {IJCAI})
@String(PR   = {Pattern Recognition})
@String(AAAI = {AAAI})
@String(CVPRW= {IEEE Conf. Comput. Vis. Pattern Recog. Worksh.})
@String(CSVT = {IEEE Trans. Circuit Syst. Video Technol.})

@String(SPL	= {IEEE Sign. Process. Letters})
@String(VR   = {Vis. Res.})
@String(JOV	 = {J. Vis.})
@String(TVC  = {The Vis. Comput.})
@String(JCST  = {J. Comput. Sci. Tech.})
@String(CGF  = {Comput. Graph. Forum})
@String(CVM = {Computational Visual Media})


@String(PAMI  = {IEEE TPAMI})
@String(IJCV  = {IJCV})
@String(CVPR  = {CVPR})
@String(ICCV  = {ICCV})
@String(ECCV  = {ECCV})
@String(NIPS  = {NeurIPS})
@String(ICPR  = {ICPR})
@String(BMVC  =	{BMVC})
@String(TOG   = {ACM TOG})
@String(TIP   = {IEEE TIP})
@String(TVCG  = {IEEE TVCG})
@String(TCSVT = {IEEE TCSVT})
@String(TMM   =	{IEEE TMM})
@String(ACMMM = {ACM MM})
@String(ICME  =	{ICME})
@String(ICASSP=	{ICASSP})
@String(ICIP  = {ICIP})
@String(ACCV  = {ACCV})
@String(ICLR  = {ICLR})
@String(IJCAI = {IJCAI})
@String(PR    = {PR})
@String(AAAI  = {AAAI})
@String(CVPRW = {CVPRW})
@String(ICCVW = {ICCVW})
@String(CSVT  = {IEEE TCSVT})
@String(IROS  = {IROS})
@String(WACV  = {WACV})
@String(ICML  = {ICML})
@String(ACMFAccT  = {ACM FAccT})
@String(FP  = {Frontiers in Psychology})
@String(BP  = {British Journal of Psychology})
@String(Perception  = {Perception})
@String(JPR  = {Japanese Psychological Review})

@String(arXiv = {arXiv})

@misc{Authors14,
 author = {FirstName LastName},
 title = {The frobnicatable foo filter},
 note = {Face and Gesture submission ID 324. Supplied as supplemental material {\tt fg324.pdf}},
 year = 2014
}

@misc{Authors14b,
 author = {FirstName LastName},
 title = {Frobnication tutorial},
 note = {Supplied as supplemental material {\tt tr.pdf}},
 year = 2014
}

@article{Alpher02,
author = {FirstName Alpher},
title = {Frobnication},
journal = PAMI,
volume = 12,
number = 1,
pages = {234--778},
year = 2002
}

@article{Alpher03,
author = {FirstName Alpher and  FirstName Fotheringham-Smythe},
title = {Frobnication revisited},
journal = {Journal of Foo},
volume = 13,
number = 1,
pages = {234--778},
year = 2003
}

@article{Alpher04,
author = {FirstName Alpher and FirstName Fotheringham-Smythe and FirstName Gamow},
title = {Can a machine frobnicate?},
journal = {Journal of Foo},
volume = 14,
number = 1,
pages = {234--778},
year = 2004
}

@inproceedings{Alpher05,
author = {FirstName Alpher and FirstName Gamow},
title = {Can a computer frobnicate?},
booktitle = CVPR,
pages = {234--778},
year = 2005
}



@inproceedings{ImageNet-C,
author = {Dan Hendrycks and Thomas Dietterich},
title = {Benchmarking Neural Network Robustness to Common Corruptions and Perturbations},
booktitle = ICLR,
year = 2019
}

@article{ImRobust,
author = {Raphael Gontijo Lopes and Dong YinandBen Poole and Justin Gilmer and Ekin Dogus Cubuk},
title = {Improving Robustness Without Sacrificing Accuracy with Patch Gaussian Augmentation},
journal={arXiv preprint arXiv:1906.02611},
year = 2019
}

@inproceedings{Mixup,
author = {Hongyi Zhang and Moustapha Cisse and Yann Dauphin and David Lopez-Paz},
title = {Mixup: Beyond Empirical Risk Minimization},
booktitle = ICLR,
year = 2017
}

@inproceedings{CutMix,
author = {Sangdoo Yun and Dongyoon Han and Seong Joon Oh and Sanghyuk Chun and Junsuk Choe and Youngjoon Yoo},
title = {Cutmix: Regularization Strategy to Train Strong Classifiers with Localizable Features},
booktitle = ICCV,
year = 2019
}

@inproceedings{PIXMIX,
author = {Dan Hendrycks and Andy Zou and Mantas Mazeika and Leonard Tang and Bo Li and Dawn Song and Jacob Steinhardt},
title = {PixMix: Dreamlike Pictures Comprehensively Improve Safety Measures},
booktitle = CVPR,
year = 2022
}

@inproceedings{alexnet,
author = {Alex Krizhevsky and Ilya Sutskever and Geoffrey E. Hinton},
title = {Imagenet classification with deep convolutional neural networks},
booktitle = NIPS,
year = 2012
}

@inproceedings{vggnet,
author = {Karen Simonyan and Andrew Zisserman},
title = {Very deep convolutional networks for large-scale image recognition},
booktitle = NIPS,
year = 2014
}

@inproceedings{resnet,
author = {Kaiming He and Xiangyu Zhang and Shaoqing Ren and Jian Sun},
title = {Deep residual learning for image recognition},
booktitle = CVPR,
year = 2016
}

@misc{distill,
author = {Chris Olah and Alexander Mordvintsev and Ludwig Schubert},
title = {Feature visualization},
note = {\textit{Distill}, https://distill.pub/2017/feature-visualization},
year = 2017
}

@inproceedings{FVis,
author = {Roland S. Zimmermann and Judy Borowski and Robert Geirhos and Matthias Bethge and Thomas S. A. Wallis and Wieland Brendel},
title = {How Well do Feature Visualizations Support Causal Understanding of CNN Activations?},
booktitle = NIPS,
year = 2021
}

@inproceedings{color2,
author = {Alexander Gomez-Villa and Adrian Martin and Javier Vazquez-Corral and Marcelo Bertalmio},
title = {Convolutional Neural Networks Can Be Deceived by Visual Illusions},
booktitle = CVPR,
year = 2019
}

@article{abu,
author = {Jinyu Fan and Yi Zeng},
title = {Abutting Grating Illusion: Cognitive Challenge to Neural Network Models},
journal={arXiv preprint arXiv:2208.03958},
year = 2022
}

@article{color1,
author = {Alex Gomez-Villa and Adrián Martín Fernández and Javier Vazquez-Corral and Marcelo Bertalmío and Jesús Malo},
title = {Visual Illusions Also Deceive Convolutional Neural Networks: Analysis and Implications},
journal={arXiv preprint arXiv:1912.01643},
year = 2019
}

@article{illusion,
author = {Eiji Watanabe and Akiyoshi Kitaoka and Kiwako Sakamoto and Masaki Yasugi and Kenta Tanaka},
title = {Illusory Motion Reproduced by Deep Neural Networks Trained for Prediction},
journal={Frontiers in Psychology},
year = 2018
}

@article{Fraser,
author = {Fraser James},
title = {A New Visual Illusion of Direction},
journal = {British Journal of Psychology},
volume = 2,
number = 3,
pages = {307--320},
year = 1908
}

@inproceedings{FractalDB,
author = {Hirokatsu Kataoka and Kazushige Okayasu and Asato Matsumoto and Eisuke Yamagata and Ryosuke Yamada and Nakamasa Inoue and Akio Nakamura and Yutaka Satoh},
title = {Pre-training Without Natural Images},
booktitle = ACCV,
year = 2020
}

@inproceedings{TileDB,
author = {Hirokatsu Kataoka and Asato Matsumoto and Eisuke Yamagata and Ryosuke Yamada and Nakamasa Inoue and Yutaka Satoh},
title = {Formula-driven Supervised Learning with Recursive Tiling Patterns},
booktitle = ICCVW,
year = 2021
}

@inproceedings{RCDB,
author = {Hirokatsu Kataoka and Ryo Hayamizu and Ryosuke Yamada and Kodai Nakashima and Sora Takashima and Xinyu Zhang and Edgar Josafat Martinez-Noriega and Nakamasa Inoue and Rio Yokota},
title = {Replacing Labeled Real-Image Datasets with Auto-Generated Contours},
booktitle = CVPR,
year = 2022
}

@inproceedings{PerlinNoiseDB,
author = {Nakamasa Inoue and Eisuke Yamagata and Hirokatsu Kataoka},
title = {Initialization Using Perlin Noise for Training Networks with a Limited Amount of Data},
booktitle = ICPR,
year = 2020
}

@inproceedings{VideoPerlin,
author = {Hirokatsu Kataoka and Eisuke Yamagata and Kensho Hara and Ryusuke Hayashi and Nakamasa Inoue},
title = {Spatiotemporal Initialization for 3D CNNs with Generated Motion Patterns},
booktitle = WACV,
year = 2022
}

@inproceedings{MV-FractalDB,
author = {Ryosuke Yamada and Ryo Takahashi and Ryota Suzuki and Akio Nakamura and Yusuke Yoshiyasu and Ryusuke Sagawa and Hirokatsu Kataoka},
title = {MV-FractalDB: Formula-driven Supervised Learning for Multi-view Image Recognition},
booktitle = IROS,
year = 2021
}

@inproceedings{PC-FractalDB,
author = {Ryosuke Yamada and Hirokatsu Kataoka and Naoya Chiba and Yukiyasu Domae and Tetsuya Ogata},
title = {Point Cloud Pre-training with Natural 3D Structures},
booktitle = CVPR,
year = 2022
}

@inproceedings{SegRCDB,
author = {Risa Shinoda and Ryo Hayamizu and Kodai Nakashima and Nakamasa Inoue and Rio Yokota and Hirokatsu Kataoka},
title = {SegRCDB: Semantic Segmentation via Formula-driven Supervised Learning},
booktitle = ICCV,
year = 2023
}

@inproceedings{OFDB,
author = {Ryo Nakamura and Hirokatsu Kataoka and Sora Takashima and Edgar Josafat Martinez Noriega and Rio Yokota and Nakamasa Inoue},
title = {Pre-training Vision Transformers with Very Limited Synthesized Images},
booktitle = ICCV,
year = 2023
}

@inproceedings{1p-frac,
author = {Ryo Nakamura and Ryu Tadokoro and Ryosuke Yamada and Yuki M. Asano and Iro Laina and Christian Rupprecht and Nakamasa Inoue and Rio Yokota and Hirokatsu Kataoka},
title = {Scaling Backwards: Minimal Synthetic Pre-training?},
booktitle = ECCV,
year = 2024
}

@inproceedings{PrimGeoSeg,
author    = {Ryu Tadokoro and Ryosuke Yamada and Kodai Nakashima and Ryo Nakamura and Hirokatsu Kataoka},
title     = {Primitive Geometry Segment Pre-training for 3D Medical Image Segmentation},
booktitle = {34th British Machine Vision Conference 2023, {BMVC} 2023, Aberdeen, UK, November 20-24, 2023},
publisher = {BMVA},
year      = {2023},
url       = {https://papers.bmvc2023.org/0152.pdf}
}

@article{DeadLeaves,
author = {Manel Baradad and Jonas Wulff and Tongzhou Wang and Phillip Isola and Antonio Torralba},
title = {Learning to see by looking at noise},
journal={arXiv preprint arXiv:2106.05963},
year = 2021
}

@article{moire_illusion,
author = {Lothar Spillmann},
title = {The perception of movement and depth in moiré patterns},
journal = {Perception},
volume = 22,
pages = {287--308},
year = 1993
}

@inproceedings{VisualAtom,
author = {Sora Takashima and Ryo Hayamizu and Nakamasa Inoue and Hirokatsu Kataoka and Rio Yokota},
title = {Visual Atoms: Pre-training Vision Transformers with Sinusoidal Waves},
booktitle = CVPR,
year = 2023
}

@inproceedings{Moire,
author = {Bin He and Ce Wang and Boxin Shi and Ling-Yu Duan},
title = {Mop Moire Patterns Using MopNet},
booktitle = ICCV,
year = 2019
}

@article{MoireCNN,
author = {Cristina Vasconcelos and Hugo Larochelle and Vincent Dumoulin and Nicolas Le Roux and Ross Goroshin},
title = {An Effective Anti-Aliasing Approach for Residual Networks},
journal={arXiv preprint arXiv:2011.10675},
year = 2020
}

@article{DCI,
author = {Hitoshi Arai and Shinobu Arai},
title = {Mathematical Models of Vision and Structure Analysis of Visual Illusions},
journal = {Japanese Psychological Review},
volume = 55,
number = 3,
pages = {309--333},
year = 2012
}

@inproceedings{DeCAF,
author = {Jeff Donahue and Yangqing Jia and Oriol Vinyals and Judy Hoffman and Ning Zhang and Eric Tzeng and Trevor Darrell},
title = {DeCAF: A Deep Convolutional Activation Feature for Generic Visual Recognition},
booktitle = ICML,
year = 2014
}

@inproceedings{wmi,
author = {Minyoung Huh and Pulkit Agrawal and Alexei A. Efros},
title = {What Makes ImageNet Good for Transfer Learning?},
booktitle = CVPR,
year = 2019
}

@inproceedings{dbi,
author = {Simon Kornblith and Jonathon Shlens and Quoc V. Le},
title = {Do Better ImageNet Models Transfer Better?},
booktitle = ICCV,
year = 2017
}

@inproceedings{ImageNet,
author = {Jia Deng and Wei Dong and Richard Socher and Li-Jia Li and Kai Li and Li Fei-Fei},
title = {ImageNet: A Large-scale Hierarchical Image Database},
booktitle = CVPR,
year = 2009
}

@article{Gender,
author = {Joy Buolamwini and Timnit Gebru},
title = {Gender Shades: Intersectional Accuracy Disparities in Commercial Gender Classification},
journal = {ACM FAccT},
year = 2018
}

@article{Fairer,
author = {Kaiyu Yang and Klint Qinami and Li Fei-Fei and Jia Deng and Olga Russakovsky},
title = {Towards Fairer Datasets: Filtering and Balancing the Distribution of the People Subtree in the ImageNet Hierarchy},
journal = {ACM FAccT},
year = 2020
}

@inproceedings{WideResNet,
author = {Sergey Zagoruyko and Nikos Komodakis},
title = {Wide Residual Networks},
booktitle = BMVC,
year = 2016
}

@inproceedings{Adrobust,
author = {Aleksander Madry and Aleksandar Makelov and Ludwig Schmidt and Dimitris Tsipras and Adrian Vladu},
title = {Towards Deep Learning Models Resistant to Adversarial Attacks},
booktitle = ICLR,
year = 2018
}







