@inproceedings{1p-frac,
author = {Ryo Nakamura and Ryu Tadokoro and Ryosuke Yamada and Yuki M. Asano and Iro Laina and Christian Rupprecht and Nakamasa Inoue and Rio Yokota and Hirokatsu Kataoka},
title = {Scaling Backwards: Minimal Synthetic Pre-training?},
booktitle = ECCV,
year = 2024
}

@inproceedings{CutMix,
author = {Sangdoo Yun and Dongyoon Han and Seong Joon Oh and Sanghyuk Chun and Junsuk Choe and Youngjoon Yoo},
title = {Cutmix: Regularization Strategy to Train Strong Classifiers with Localizable Features},
booktitle = ICCV,
year = 2019
}

@inproceedings{DeCAF,
author = {Jeff Donahue and Yangqing Jia and Oriol Vinyals and Judy Hoffman and Ning Zhang and Eric Tzeng and Trevor Darrell},
title = {DeCAF: A Deep Convolutional Activation Feature for Generic Visual Recognition},
booktitle = ICML,
year = 2014
}

@article{DeadLeaves,
author = {Manel Baradad and Jonas Wulff and Tongzhou Wang and Phillip Isola and Antonio Torralba},
title = {Learning to see by looking at noise},
journal={arXiv preprint arXiv:2106.05963},
year = 2021
}

@article{Fairer,
author = {Kaiyu Yang and Klint Qinami and Li Fei-Fei and Jia Deng and Olga Russakovsky},
title = {Towards Fairer Datasets: Filtering and Balancing the Distribution of the People Subtree in the ImageNet Hierarchy},
journal = {ACM FAccT},
year = 2020
}

@inproceedings{FractalDB,
author = {Hirokatsu Kataoka and Kazushige Okayasu and Asato Matsumoto and Eisuke Yamagata and Ryosuke Yamada and Nakamasa Inoue and Akio Nakamura and Yutaka Satoh},
title = {Pre-training Without Natural Images},
booktitle = ACCV,
year = 2020
}

@article{Fraser,
author = {Fraser James},
title = {A New Visual Illusion of Direction},
journal = {British Journal of Psychology},
volume = 2,
number = 3,
pages = {307--320},
year = 1908
}

@article{Gender,
author = {Joy Buolamwini and Timnit Gebru},
title = {Gender Shades: Intersectional Accuracy Disparities in Commercial Gender Classification},
journal = {ACM FAccT},
year = 2018
}

@inproceedings{ImageNet,
author = {Jia Deng and Wei Dong and Richard Socher and Li-Jia Li and Kai Li and Li Fei-Fei},
title = {ImageNet: A Large-scale Hierarchical Image Database},
booktitle = CVPR,
year = 2009
}

@inproceedings{ImageNet-C,
author = {Dan Hendrycks and Thomas Dietterich},
title = {Benchmarking Neural Network Robustness to Common Corruptions and Perturbations},
booktitle = ICLR,
year = 2019
}

@inproceedings{MV-FractalDB,
author = {Ryosuke Yamada and Ryo Takahashi and Ryota Suzuki and Akio Nakamura and Yusuke Yoshiyasu and Ryusuke Sagawa and Hirokatsu Kataoka},
title = {MV-FractalDB: Formula-driven Supervised Learning for Multi-view Image Recognition},
booktitle = IROS,
year = 2021
}

@inproceedings{Mixup,
author = {Hongyi Zhang and Moustapha Cisse and Yann Dauphin and David Lopez-Paz},
title = {Mixup: Beyond Empirical Risk Minimization},
booktitle = ICLR,
year = 2017
}

@inproceedings{Moire,
author = {Bin He and Ce Wang and Boxin Shi and Ling-Yu Duan},
title = {Mop Moire Patterns Using MopNet},
booktitle = ICCV,
year = 2019
}

@article{MoireCNN,
author = {Cristina Vasconcelos and Hugo Larochelle and Vincent Dumoulin and Nicolas Le Roux and Ross Goroshin},
title = {An Effective Anti-Aliasing Approach for Residual Networks},
journal={arXiv preprint arXiv:2011.10675},
year = 2020
}

@inproceedings{OFDB,
author = {Ryo Nakamura and Hirokatsu Kataoka and Sora Takashima and Edgar Josafat Martinez Noriega and Rio Yokota and Nakamasa Inoue},
title = {Pre-training Vision Transformers with Very Limited Synthesized Images},
booktitle = ICCV,
year = 2023
}

@inproceedings{PC-FractalDB,
author = {Ryosuke Yamada and Hirokatsu Kataoka and Naoya Chiba and Yukiyasu Domae and Tetsuya Ogata},
title = {Point Cloud Pre-training with Natural 3D Structures},
booktitle = CVPR,
year = 2022
}

@inproceedings{PerlinNoiseDB,
author = {Nakamasa Inoue and Eisuke Yamagata and Hirokatsu Kataoka},
title = {Initialization Using Perlin Noise for Training Networks with a Limited Amount of Data},
booktitle = ICPR,
year = 2020
}

@inproceedings{PrimGeoSeg,
author    = {Ryu Tadokoro and Ryosuke Yamada and Kodai Nakashima and Ryo Nakamura and Hirokatsu Kataoka},
title     = {Primitive Geometry Segment Pre-training for 3D Medical Image Segmentation},
booktitle = {34th British Machine Vision Conference 2023, {BMVC} 2023, Aberdeen, UK, November 20-24, 2023},
publisher = {BMVA},
year      = {2023},
url       = {https://papers.bmvc2023.org/0152.pdf}
}

@inproceedings{RCDB,
author = {Hirokatsu Kataoka and Ryo Hayamizu and Ryosuke Yamada and Kodai Nakashima and Sora Takashima and Xinyu Zhang and Edgar Josafat Martinez-Noriega and Nakamasa Inoue and Rio Yokota},
title = {Replacing Labeled Real-Image Datasets with Auto-Generated Contours},
booktitle = CVPR,
year = 2022
}

@inproceedings{SegRCDB,
author = {Risa Shinoda and Ryo Hayamizu and Kodai Nakashima and Nakamasa Inoue and Rio Yokota and Hirokatsu Kataoka},
title = {SegRCDB: Semantic Segmentation via Formula-driven Supervised Learning},
booktitle = ICCV,
year = 2023
}

@inproceedings{TileDB,
author = {Hirokatsu Kataoka and Asato Matsumoto and Eisuke Yamagata and Ryosuke Yamada and Nakamasa Inoue and Yutaka Satoh},
title = {Formula-driven Supervised Learning with Recursive Tiling Patterns},
booktitle = ICCVW,
year = 2021
}

@inproceedings{VideoPerlin,
author = {Hirokatsu Kataoka and Eisuke Yamagata and Kensho Hara and Ryusuke Hayashi and Nakamasa Inoue},
title = {Spatiotemporal Initialization for 3D CNNs with Generated Motion Patterns},
booktitle = WACV,
year = 2022
}

@inproceedings{VisualAtom,
author = {Sora Takashima and Ryo Hayamizu and Nakamasa Inoue and Hirokatsu Kataoka and Rio Yokota},
title = {Visual Atoms: Pre-training Vision Transformers with Sinusoidal Waves},
booktitle = CVPR,
year = 2023
}

@article{abu,
author = {Jinyu Fan and Yi Zeng},
title = {Abutting Grating Illusion: Cognitive Challenge to Neural Network Models},
journal={arXiv preprint arXiv:2208.03958},
year = 2022
}

@article{color1,
author = {Alex Gomez-Villa and Adrián Martín Fernández and Javier Vazquez-Corral and Marcelo Bertalmío and Jesús Malo},
title = {Visual Illusions Also Deceive Convolutional Neural Networks: Analysis and Implications},
journal={arXiv preprint arXiv:1912.01643},
year = 2019
}

@inproceedings{color2,
author = {Alexander Gomez-Villa and Adrian Martin and Javier Vazquez-Corral and Marcelo Bertalmio},
title = {Convolutional Neural Networks Can Be Deceived by Visual Illusions},
booktitle = CVPR,
year = 2019
}

@inproceedings{dbi,
author = {Simon Kornblith and Jonathon Shlens and Quoc V. Le},
title = {Do Better ImageNet Models Transfer Better?},
booktitle = ICCV,
year = 2017
}

@article{illusion,
author = {Eiji Watanabe and Akiyoshi Kitaoka and Kiwako Sakamoto and Masaki Yasugi and Kenta Tanaka},
title = {Illusory Motion Reproduced by Deep Neural Networks Trained for Prediction},
journal={Frontiers in Psychology},
year = 2018
}

@article{moire_illusion,
author = {Lothar Spillmann},
title = {The perception of movement and depth in moiré patterns},
journal = {Perception},
volume = 22,
pages = {287--308},
year = 1993
}

@inproceedings{wmi,
author = {Minyoung Huh and Pulkit Agrawal and Alexei A. Efros},
title = {What Makes ImageNet Good for Transfer Learning?},
booktitle = CVPR,
year = 2019
}

