@inproceedings{chen2024mvip,
  title={MVIP-NeRF: Multi-view 3D Inpainting on NeRF Scenes via Diffusion Prior},
  author={Chen, Honghua and Loy, Chen Change and Pan, Xingang},
  booktitle=cvpr,
  year={2024}
}

@inproceedings{corneanu2024latentpaint,
  title={Latentpaint: Image inpainting in latent space with diffusion models},
  author={Corneanu, Ciprian and Gadde, Raghudeep and Martinez, Aleix M},
  booktitle=wacv,
  year={2024}
}

@inproceedings{deng2022depth,
  title={Depth-supervised nerf: Fewer views and faster training for free},
  author={Deng, Kangle and Liu, Andrew and Zhu, Jun-Yan and Ramanan, Deva},
  booktitle={Proceedings of the IEEE/CVF Conference on Computer Vision and Pattern Recognition},
  pages={12882--12891},
  year={2022}
}

@inproceedings{fridovich2022plenoxels,
  title={Plenoxels: Radiance fields without neural networks},
  author={Fridovich-Keil, Sara and Yu, Alex and Tancik, Matthew and Chen, Qinhong and Recht, Benjamin and Kanazawa, Angjoo},
  booktitle={Proceedings of the IEEE/CVF Conference on Computer Vision and Pattern Recognition},
  pages={5501--5510},
  year={2022}
}

@article{ho2020ddpm,
  title={Denoising diffusion probabilistic models},
  author={Ho, Jonathan and Jain, Ajay and Abbeel, Pieter},
  journal=nips,
  year={2020}
}

@article{hu2021lora,
  title={Lora: Low-rank adaptation of large language models},
  author={Hu, Edward J and Shen, Yelong and Wallis, Phillip and Allen-Zhu, Zeyuan and Li, Yuanzhi and Wang, Shean and Wang, Lu and Chen, Weizhu},
  journal={arXiv preprint arXiv:2106.09685},
  year={2021}
}

@article{kerbl202333dgs,
  title={3D Gaussian Splatting for Real-Time Radiance Field Rendering.},
  author={Kerbl, Bernhard and Kopanas, Georgios and Leimk{\"u}hler, Thomas and Drettakis, George},
  journal=tog,
  year={2023}
}

@inproceedings{kirillov2023sam,
  title={Segment anything},
  author={Kirillov, Alexander and Mintun, Eric and Ravi, Nikhila and Mao, Hanzi and Rolland, Chloe and Gustafson, Laura and Xiao, Tete and Whitehead, Spencer and Berg, Alexander C and Lo, Wan-Yen and others},
  booktitle=iccv,
  year={2023}
}

@inproceedings{lama,
  title={Resolution-robust large mask inpainting with fourier convolutions},
  author={Suvorov, Roman and Logacheva, Elizaveta and Mashikhin, Anton and Remizova, Anastasia and Ashukha, Arsenii and Silvestrov, Aleksei and Kong, Naejin and Goka, Harshith and Park, Kiwoong and Lempitsky, Victor},
  booktitle=wacv,
  year={2022}
}

@inproceedings{ldm,
  title={High-resolution image synthesis with latent diffusion models},
  author={Rombach, Robin and Blattmann, Andreas and Lorenz, Dominik and Esser, Patrick and Ommer, Bj{\"o}rn},
  booktitle=cvpr,
  year={2022}
}

@article{lin2024maldnerf,
  title={Taming Latent Diffusion Model for Neural Radiance Field Inpainting},
  author={Lin, Chieh Hubert and Kim, Changil and Huang, Jia-Bin and Li, Qinbo and Ma, Chih-Yao and Kopf, Johannes and Yang, Ming-Hsuan and Tseng, Hung-Yu},
  journal=eccv,
  year={2024}
}

@inproceedings{lugmayr2022repaint,
  title={Repaint: Inpainting using denoising diffusion probabilistic models},
  author={Lugmayr, Andreas and Danelljan, Martin and Romero, Andres and Yu, Fisher and Timofte, Radu and Van Gool, Luc},
  booktitle=cvpr,
  year={2022}
}

@article{mildenhall2021nerforiginal,
  title={Nerf: Representing scenes as neural radiance fields for view synthesis},
  author={Mildenhall, Ben and Srinivasan, Pratul P and Tancik, Matthew and Barron, Jonathan T and Ramamoorthi, Ravi and Ng, Ren},
  journal={Communications of the ACM},
  volume={65},
  number={1},
  pages={99--106},
  year={2021},
  publisher={ACM New York, NY, USA}
}

@inproceedings{mirzaei2023spin,
  title={SPIn-NeRF: Multiview segmentation and perceptual inpainting with neural radiance fields},
  author={Mirzaei, Ashkan and Aumentado-Armstrong, Tristan and Derpanis, Konstantinos G and Kelly, Jonathan and Brubaker, Marcus A and Gilitschenski, Igor and Levinshtein, Alex},
  booktitle=cvpr,
  year={2023}
}

@article{muller2022instant,
  title={Instant neural graphics primitives with a multiresolution hash encoding},
  author={M{\"u}ller, Thomas and Evans, Alex and Schied, Christoph and Keller, Alexander},
  journal={ACM Transactions on Graphics (ToG)},
  volume={41},
  number={4},
  pages={1--15},
  year={2022},
  publisher={ACM New York, NY, USA}
}

@article{podell2023sdxl,
  title={Sdxl: Improving latent diffusion models for high-resolution image synthesis},
  author={Podell, Dustin and English, Zion and Lacey, Kyle and Blattmann, Andreas and Dockhorn, Tim and M{\"u}ller, Jonas and Penna, Joe and Rombach, Robin},
  journal=iclr,
  year={2024}
}

@article{ren2024grounded,
  title={Grounded sam: Assembling open-world models for diverse visual tasks},
  author={Ren, Tianhe and Liu, Shilong and Zeng, Ailing and Lin, Jing and Li, Kunchang and Cao, He and Chen, Jiayu and Huang, Xinyu and Chen, Yukang and Yan, Feng and others},
  journal={arXiv preprint arXiv:2401.14159},
  year={2024}
}

@inproceedings{sun2022direct,
  title={Direct voxel grid optimization: Super-fast convergence for radiance fields reconstruction},
  author={Sun, Cheng and Sun, Min and Chen, Hwann-Tzong},
  booktitle={Proceedings of the IEEE/CVF Conference on Computer Vision and Pattern Recognition},
  pages={5459--5469},
  year={2022}
}

@article{wang2024gscream,
  title={GScream: Learning 3D Geometry and Feature Consistent Gaussian Splatting for Object Removal},
  author={Wang, Yuxin and Wu, Qianyi and Zhang, Guofeng and Xu, Dan},
  journal=eccv,
  year={2024}
}

@inproceedings{xie2023smartbrush,
  title={Smartbrush: Text and shape guided object inpainting with diffusion model},
  author={Xie, Shaoan and Zhang, Zhifei and Lin, Zhe and Hinz, Tobias and Zhang, Kun},
  booktitle=cvpr,
  year={2023}
}

@inproceedings{yang2023paintbyexample,
  title={Paint by example: Exemplar-based image editing with diffusion models},
  author={Yang, Binxin and Gu, Shuyang and Zhang, Bo and Zhang, Ting and Chen, Xuejin and Sun, Xiaoyan and Chen, Dong and Wen, Fang},
  booktitle=cvpr,
  year={2023}
}

@inproceedings{yang2023unipaint,
  title={Uni-paint: A unified framework for multimodal image inpainting with pretrained diffusion model},
  author={Yang, Shiyuan and Chen, Xiaodong and Liao, Jing},
  booktitle={Proceedings of the 31st ACM International Conference on Multimedia},
  year={2023}
}

@article{ye2023gaussiangrouping,
  title={Gaussian grouping: Segment and edit anything in 3d scenes},
  author={Ye, Mingqiao and Danelljan, Martin and Yu, Fisher and Ke, Lei},
  journal=eccv,
  year={2024}
}

@article{yin2023ornerf,
  title={Or-nerf: Object removing from 3d scenes guided by multiview segmentation with neural radiance fields},
  author={Yin, Youtan and Fu, Zhoujie and Yang, Fan and Lin, Guosheng},
  journal={arXiv preprint arXiv:2305.10503},
  year={2023}
}

@inproceedings{yu2021plenoctrees,
  title={Plenoctrees for real-time rendering of neural radiance fields},
  author={Yu, Alex and Li, Ruilong and Tancik, Matthew and Li, Hao and Ng, Ren and Kanazawa, Angjoo},
  booktitle={Proceedings of the IEEE/CVF International Conference on Computer Vision},
  pages={5752--5761},
  year={2021}
}

@inproceedings{zhang2018semanticgan2,
  title={Semantic image inpainting with progressive generative networks},
  author={Zhang, Haoran and Hu, Zhenzhen and Luo, Changzhi and Zuo, Wangmeng and Wang, Meng},
  booktitle={Proceedings of the 26th ACM international conference on Multimedia},
  year={2018}
}

@article{zhao2021largegan1,
  title={Large scale image completion via co-modulated generative adversarial networks},
  author={Zhao, Shengyu and Cui, Jonathan and Sheng, Yilun and Dong, Yue and Liang, Xiao and Chang, Eric I and Xu, Yan},
  journal=ICLR,
  year={2021}
}

