@String{tpami = "IEEE Transactions on Pattern Analysis and Machine Intelligence (TPAMI)"}
@String{tkde = "IEEE Transactions on Knowledge and Data Engineering (TKDE)"}
@String{tmm = "IEEE Transactions on Multimedia (TMM)"}
@String{tcsvt = "IEEE Transactions on Circuits and Systems for Video Technology (TCSVT)"}
@String{tip = "IEEE Transactions on Image Processing (TIP)"}
@String{tog = "ACM Transactions on Graphics (TOG)"}
@String{ijcv = "International Journal of Computer Vision (IJCV)"}
@String{cvpr = "Proceedings of the IEEE Conference on Computer Vision and Pattern Recognition (CVPR)"}
@String{acmmm = "Proceedings of the ACM Conference on Multimedia (MM)"}
@String{nips = "Advances in Neural Information Processing Systems (NeurIPS)"}
@String{aaai = "Proceedings of the AAAI Conference on Artificial Intelligence (AAAI)"}
@String{eccv = "Proceedings of the European Conference on Computer Vision (ECCV)"}
@String{iclr = "Proceedings of the International Conference on Learning Representations (ICLR)"}
@String{accv = "Proceedings of the Asian Conference on Computer Vision (ACCV)"}
@String{bmvc = "Proceedings of the British Machine Vision Conference (BMVC)"}
@String{iccv = "Proceedings of the IEEE International Conference on Computer Vision (ICCV)"}
@String{iccvw = "Proceedings of the IEEE International Conference on Computer Vision Workshops (ICCV Workshops)"}
@String{cvprw = "Proceedings of the IEEE Conference on Computer Vision and Pattern Recognition Workshops (CVPR Workshops)"}

@String{naacl = "Annual Conference of the North American Chapter of the Association for Computational Linguistics (NAACL)"}


@String{ijcnlp = "Proceedings of the International Joint Conference on Natural Language Processing (IJCNLP)"}
@String{ijcai = "Proceedings of the International Joint Conference on Artificial Intelligence (IJCAI)"}
@String{lrec = "Proceedings of the International Conference on Language Resources and Evaluation (LREC)"}
@String{icra = "Proceedings of the IEEE International Conference on Robotics and Automation (ICRA)"}
@String{iros = "Proceedings of the IEEE/RSJ International Conference on Intelligent Robots and Systems (IROS)"}
@String{icml = "Proceedings of the International Conference on Machine Learning (ICML)"}
@String{jmlr = "Journal of Machine Learning Research (JMLR)"} 
@String{icpr = "Proceedings of the International Conference on Pattern Recognition (ICPR)"}
@String{icip = "Proceedings of the IEEE International Conference on Image Processing (ICIP)"}
@String{i3dv = "International Conference on 3D Vision (3DV)"}
@String{wacv = "Proceedings of the IEEE Winter Conference on Applications of Computer Vision (WACV)"}
@String{cviu = "Computer Vision and Image Understanding (CVIU)"}
@String{gcpr = "German Conference on Pattern Recognition (GCPR)"}
@String{aistats = "Proceedings of the International Conference on Artificial Intelligence and Statistics (AISTATS)"}

@String{emnlp = "Proceedings of the Conference on Empirical Methods in Natural Language Processing (EMNLP)"}


%%% apllication
@article{macedo2021ar1,
  title={Occlusion handling in augmented reality: past, present and future},
  author={Macedo, M{\'a}rcio CF and Apolinario, Antonio L},
  journal={IEEE Transactions on Visualization and Computer Graphics},
  volume={29},
  number={2},
  pages={1590--1609},
  year={2021},
  publisher={IEEE}
}

@incollection{broll2022augmentedar2,
  title={Augmented reality},
  author={Broll, Wolfgang},
  booktitle={Virtual and Augmented Reality (VR/AR) Foundations and Methods of Extended Realities (XR)},
  pages={291--329},
  year={2022},
  publisher={Springer}
}



%%% 2d inpaintings

@inproceedings{lama,
  title={Resolution-robust large mask inpainting with fourier convolutions},
  author={Suvorov, Roman and Logacheva, Elizaveta and Mashikhin, Anton and Remizova, Anastasia and Ashukha, Arsenii and Silvestrov, Aleksei and Kong, Naejin and Goka, Harshith and Park, Kiwoong and Lempitsky, Victor},
  booktitle=wacv,
  year={2022}
}

@article{zhao2021largegan1,
  title={Large scale image completion via co-modulated generative adversarial networks},
  author={Zhao, Shengyu and Cui, Jonathan and Sheng, Yilun and Dong, Yue and Liang, Xiao and Chang, Eric I and Xu, Yan},
  journal=ICLR,
  year={2021}
}

@inproceedings{zhang2018semanticgan2,
  title={Semantic image inpainting with progressive generative networks},
  author={Zhang, Haoran and Hu, Zhenzhen and Luo, Changzhi and Zuo, Wangmeng and Wang, Meng},
  booktitle={Proceedings of the 26th ACM international conference on Multimedia},
  year={2018}
}

@inproceedings{corneanu2024latentpaint,
  title={Latentpaint: Image inpainting in latent space with diffusion models},
  author={Corneanu, Ciprian and Gadde, Raghudeep and Martinez, Aleix M},
  booktitle=wacv,
  year={2024}
}

@inproceedings{yang2023unipaint,
  title={Uni-paint: A unified framework for multimodal image inpainting with pretrained diffusion model},
  author={Yang, Shiyuan and Chen, Xiaodong and Liao, Jing},
  booktitle={Proceedings of the 31st ACM International Conference on Multimedia},
  year={2023}
}

@inproceedings{xie2023smartbrush,
  title={Smartbrush: Text and shape guided object inpainting with diffusion model},
  author={Xie, Shaoan and Zhang, Zhifei and Lin, Zhe and Hinz, Tobias and Zhang, Kun},
  booktitle=cvpr,
  year={2023}
}

@inproceedings{yang2023paintbyexample,
  title={Paint by example: Exemplar-based image editing with diffusion models},
  author={Yang, Binxin and Gu, Shuyang and Zhang, Bo and Zhang, Ting and Chen, Xuejin and Sun, Xiaoyan and Chen, Dong and Wen, Fang},
  booktitle=cvpr,
  year={2023}
}

@inproceedings{lugmayr2022repaint,
  title={Repaint: Inpainting using denoising diffusion probabilistic models},
  author={Lugmayr, Andreas and Danelljan, Martin and Romero, Andres and Yu, Fisher and Timofte, Radu and Van Gool, Luc},
  booktitle=cvpr,
  year={2022}
}

%%% 2d diffusion
@article{ho2020ddpm,
  title={Denoising diffusion probabilistic models},
  author={Ho, Jonathan and Jain, Ajay and Abbeel, Pieter},
  journal=nips,
  year={2020}
}

@inproceedings{ldm,
  title={High-resolution image synthesis with latent diffusion models},
  author={Rombach, Robin and Blattmann, Andreas and Lorenz, Dominik and Esser, Patrick and Ommer, Bj{\"o}rn},
  booktitle=cvpr,
  year={2022}
}

@article{podell2023sdxl,
  title={Sdxl: Improving latent diffusion models for high-resolution image synthesis},
  author={Podell, Dustin and English, Zion and Lacey, Kyle and Blattmann, Andreas and Dockhorn, Tim and M{\"u}ller, Jonas and Penna, Joe and Rombach, Robin},
  journal=iclr,
  year={2024}
}



%%% nerf and 3dgs
@inproceedings{liu2023semantic,
  title={Semantic Ray: Learning a Generalizable Semantic Field with Cross-Reprojection Attention},
  author={Liu, Fangfu and Zhang, Chubin and Zheng, Yu and Duan, Yueqi},
  booktitle=cvpr,
  pages={17386--17396},
  year={2023}
}

@inproceedings{chou2024gsnerf,
  title={GSNeRF: Generalizable Semantic Neural Radiance Fields with Enhanced 3D Scene Understanding},
  author={Chou, Zi-Ting and Huang, Sheng-Yu and Liu, I and Wang, Yu-Chiang Frank and others},
  booktitle=cvpr,
  year={2024}
}

@article{mildenhall2021nerforiginal,
  title={Nerf: Representing scenes as neural radiance fields for view synthesis},
  author={Mildenhall, Ben and Srinivasan, Pratul P and Tancik, Matthew and Barron, Jonathan T and Ramamoorthi, Ravi and Ng, Ren},
  journal={Communications of the ACM},
  volume={65},
  number={1},
  pages={99--106},
  year={2021},
  publisher={ACM New York, NY, USA}
}

@inproceedings{barron2021mip,
  title={Mip-nerf: A multiscale representation for anti-aliasing neural radiance fields},
  author={Barron, Jonathan T and Mildenhall, Ben and Tancik, Matthew and Hedman, Peter and Martin-Brualla, Ricardo and Srinivasan, Pratul P},
  booktitle={Proceedings of the IEEE/CVF International Conference on Computer Vision},
  pages={5855--5864},
  year={2021}
}

@inproceedings{zhi2021place,
  title={In-place scene labelling and understanding with implicit scene representation},
  author={Zhi, Shuaifeng and Laidlow, Tristan and Leutenegger, Stefan and Davison, Andrew J},
  booktitle={Proceedings of the IEEE/CVF International Conference on Computer Vision},
  pages={15838--15847},
  year={2021}
}

@article{vora2021nesf,
  title={Nesf: Neural semantic fields for generalizable semantic segmentation of 3d scenes},
  author={Vora, Suhani and Radwan, Noha and Greff, Klaus and Meyer, Henning and Genova, Kyle and Sajjadi, Mehdi SM and Pot, Etienne and Tagliasacchi, Andrea and Duckworth, Daniel},
  journal={arXiv preprint arXiv:2111.13260},
  year={2021}
}

@inproceedings{kundu2022panoptic,
  title={Panoptic neural fields: A semantic object-aware neural scene representation},
  author={Kundu, Abhijit and Genova, Kyle and Yin, Xiaoqi and Fathi, Alireza and Pantofaru, Caroline and Guibas, Leonidas J and Tagliasacchi, Andrea and Dellaert, Frank and Funkhouser, Thomas},
  booktitle={Proceedings of the IEEE/CVF Conference on Computer Vision and Pattern Recognition},
  pages={12871--12881},
  year={2022}
}

@inproceedings{fu2022panoptic,
  title={Panoptic nerf: 3d-to-2d label transfer for panoptic urban scene segmentation},
  author={Fu, Xiao and Zhang, Shangzhan and Chen, Tianrun and Lu, Yichong and Zhu, Lanyun and Zhou, Xiaowei and Geiger, Andreas and Liao, Yiyi},
  booktitle={2022 International Conference on 3D Vision (3DV)},
  pages={1--11},
  year={2022},
  organization={IEEE}
}

@article{wang2022dm,
  title={Dm-nerf: 3d scene geometry decomposition and manipulation from 2d images},
  author={Wang, Bing and Chen, Lu and Yang, Bo},
  journal={arXiv preprint arXiv:2208.07227},
  year={2022}
}

@inproceedings{siddiqui2023panoptic,
  title={Panoptic lifting for 3d scene understanding with neural fields},
  author={Siddiqui, Yawar and Porzi, Lorenzo and Bul{\`o}, Samuel Rota and M{\"u}ller, Norman and Nie{\ss}ner, Matthias and Dai, Angela and Kontschieder, Peter},
  booktitle={Proceedings of the IEEE/CVF Conference on Computer Vision and Pattern Recognition},
  pages={9043--9052},
  year={2023}
}

@article{muller2022instant,
  title={Instant neural graphics primitives with a multiresolution hash encoding},
  author={M{\"u}ller, Thomas and Evans, Alex and Schied, Christoph and Keller, Alexander},
  journal={ACM Transactions on Graphics (ToG)},
  volume={41},
  number={4},
  pages={1--15},
  year={2022},
  publisher={ACM New York, NY, USA}
}

@inproceedings{sun2022direct,
  title={Direct voxel grid optimization: Super-fast convergence for radiance fields reconstruction},
  author={Sun, Cheng and Sun, Min and Chen, Hwann-Tzong},
  booktitle={Proceedings of the IEEE/CVF Conference on Computer Vision and Pattern Recognition},
  pages={5459--5469},
  year={2022}
}

@inproceedings{xu2022point,
  title={Point-nerf: Point-based neural radiance fields},
  author={Xu, Qiangeng and Xu, Zexiang and Philip, Julien and Bi, Sai and Shu, Zhixin and Sunkavalli, Kalyan and Neumann, Ulrich},
  booktitle={Proceedings of the IEEE/CVF Conference on Computer Vision and Pattern Recognition},
  pages={5438--5448},
  year={2022}
}

@inproceedings{deng2022depth,
  title={Depth-supervised nerf: Fewer views and faster training for free},
  author={Deng, Kangle and Liu, Andrew and Zhu, Jun-Yan and Ramanan, Deva},
  booktitle={Proceedings of the IEEE/CVF Conference on Computer Vision and Pattern Recognition},
  pages={12882--12891},
  year={2022}
}

@inproceedings{chang2022rc,
  title={RC-MVSNet: unsupervised multi-view stereo with neural rendering},
  author={Chang, Di and Bo{\v{z}}i{\v{c}}, Alja{\v{z}} and Zhang, Tong and Yan, Qingsong and Chen, Yingcong and S{\"u}sstrunk, Sabine and Nie{\ss}ner, Matthias},
  booktitle={European Conference on Computer Vision},
  pages={665--680},
  year={2022},
  organization={Springer}
}

@inproceedings{yu2021pixelnerf,
  title={pixelnerf: Neural radiance fields from one or few images},
  author={Yu, Alex and Ye, Vickie and Tancik, Matthew and Kanazawa, Angjoo},
  booktitle={Proceedings of the IEEE/CVF Conference on Computer Vision and Pattern Recognition},
  pages={4578--4587},
  year={2021}
}

@inproceedings{chen2021mvsnerf,
  title={Mvsnerf: Fast generalizable radiance field reconstruction from multi-view stereo},
  author={Chen, Anpei and Xu, Zexiang and Zhao, Fuqiang and Zhang, Xiaoshuai and Xiang, Fanbo and Yu, Jingyi and Su, Hao},
  booktitle={Proceedings of the IEEE/CVF International Conference on Computer Vision},
  pages={14124--14133},
  year={2021}
}

@inproceedings{johari2022geonerf,
  title={Geonerf: Generalizing nerf with geometry priors},
  author={Johari, Mohammad Mahdi and Lepoittevin, Yann and Fleuret, Fran{\c{c}}ois},
  booktitle={Proceedings of the IEEE/CVF Conference on Computer Vision and Pattern Recognition},
  pages={18365--18375},
  year={2022}
}

@inproceedings{liu2022neural,
  title={Neural rays for occlusion-aware image-based rendering},
  author={Liu, Yuan and Peng, Sida and Liu, Lingjie and Wang, Qianqian and Wang, Peng and Theobalt, Christian and Zhou, Xiaowei and Wang, Wenping},
  booktitle={Proceedings of the IEEE/CVF Conference on Computer Vision and Pattern Recognition},
  pages={7824--7833},
  year={2022}
}

@inproceedings{yao2018mvsnet,
  title={Mvsnet: Depth inference for unstructured multi-view stereo},
  author={Yao, Yao and Luo, Zixin and Li, Shiwei and Fang, Tian and Quan, Long},
  booktitle={Proceedings of the European conference on computer vision (ECCV)},
  pages={767--783},
  year={2018}
}

@inproceedings{gu2020cascade,
  title={Cascade cost volume for high-resolution multi-view stereo and stereo matching},
  author={Gu, Xiaodong and Fan, Zhiwen and Zhu, Siyu and Dai, Zuozhuo and Tan, Feitong and Tan, Ping},
  booktitle={Proceedings of the IEEE/CVF conference on computer vision and pattern recognition},
  pages={2495--2504},
  year={2020}
}

@article{garg2020semantics,
  title={Semantics for robotic mapping, perception and interaction: A survey},
  author={Garg, Sourav and S{\"u}nderhauf, Niko and Dayoub, Feras and Morrison, Douglas and Cosgun, Akansel and Carneiro, Gustavo and Wu, Qi and Chin, Tat-Jun and Reid, Ian and Gould, Stephen and others},
  journal={Foundations and Trends{\textregistered} in Robotics},
  volume={8},
  number={1--2},
  pages={1--224},
  year={2020},
  publisher={Now Publishers, Inc.}
}

@inproceedings{dai2019mvs2,
  title={Mvs2: Deep unsupervised multi-view stereo with multi-view symmetry},
  author={Dai, Yuchao and Zhu, Zhidong and Rao, Zhibo and Li, Bo},
  booktitle={2019 International Conference on 3D Vision (3DV)},
  pages={1--8},
  year={2019},
  organization={Ieee}
}

@inproceedings{huang2021m3vsnet,
  title={M3VSNet: Unsupervised multi-metric multi-view stereo network},
  author={Huang, Baichuan and Yi, Hongwei and Huang, Can and He, Yijia and Liu, Jingbin and Liu, Xiao},
  booktitle={2021 IEEE International Conference on Image Processing (ICIP)},
  pages={3163--3167},
  year={2021},
  organization={IEEE}
}

@article{paszke2019pytorch,
  title={Pytorch: An imperative style, high-performance deep learning library},
  author={Paszke, Adam and Gross, Sam and Massa, Francisco and Lerer, Adam and Bradbury, James and Chanan, Gregory and Killeen, Trevor and Lin, Zeming and Gimelshein, Natalia and Antiga, Luca and others},
  journal={Advances in neural information processing systems},
  volume={32},
  year={2019}
}

@article{kingma2014adam,
  title={Adam: A method for stochastic optimization},
  author={Kingma, Diederik P and Ba, Jimmy},
  journal={arXiv preprint arXiv:1412.6980},
  year={2014}
}

@inproceedings{dai2017scannet,
  title={Scannet: Richly-annotated 3d reconstructions of indoor scenes},
  author={Dai, Angela and Chang, Angel X and Savva, Manolis and Halber, Maciej and Funkhouser, Thomas and Nie{\ss}ner, Matthias},
  booktitle={Proceedings of the IEEE conference on computer vision and pattern recognition},
  pages={5828--5839},
  year={2017}
}

@article{straub2019replica,
  title={The Replica dataset: A digital replica of indoor spaces},
  author={Straub, Julian and Whelan, Thomas and Ma, Lingni and Chen, Yufan and Wijmans, Erik and Green, Simon and Engel, Jakob J and Mur-Artal, Raul and Ren, Carl and Verma, Shobhit and others},
  journal={arXiv preprint arXiv:1906.05797},
  year={2019}
}

@article{wang2004image,
  title={Image quality assessment: from error visibility to structural similarity},
  author={Wang, Zhou and Bovik, Alan C and Sheikh, Hamid R and Simoncelli, Eero P},
  journal={IEEE transactions on image processing},
  volume={13},
  number={4},
  pages={600--612},
  year={2004},
  publisher={IEEE}
}

@inproceedings{zhang2018unreasonable,
  title={The unreasonable effectiveness of deep features as a perceptual metric},
  author={Zhang, Richard and Isola, Phillip and Efros, Alexei A and Shechtman, Eli and Wang, Oliver},
  booktitle={Proceedings of the IEEE conference on computer vision and pattern recognition},
  pages={586--595},
  year={2018}
}

@inproceedings{roessle2022dense,
  title={Dense depth priors for neural radiance fields from sparse input views},
  author={Roessle, Barbara and Barron, Jonathan T and Mildenhall, Ben and Srinivasan, Pratul P and Nie{\ss}ner, Matthias},
  booktitle={Proceedings of the IEEE/CVF Conference on Computer Vision and Pattern Recognition},
  pages={12892--12901},
  year={2022}
}

@inproceedings{girshick2015fast,
  title={Fast r-cnn},
  author={Girshick, Ross},
  booktitle={Proceedings of the IEEE international conference on computer vision},
  pages={1440--1448},
  year={2015}
}

@inproceedings{yu2021plenoctrees,
  title={Plenoctrees for real-time rendering of neural radiance fields},
  author={Yu, Alex and Li, Ruilong and Tancik, Matthew and Li, Hao and Ng, Ren and Kanazawa, Angjoo},
  booktitle={Proceedings of the IEEE/CVF International Conference on Computer Vision},
  pages={5752--5761},
  year={2021}
}

@inproceedings{fridovich2022plenoxels,
  title={Plenoxels: Radiance fields without neural networks},
  author={Fridovich-Keil, Sara and Yu, Alex and Tancik, Matthew and Chen, Qinhong and Recht, Benjamin and Kanazawa, Angjoo},
  booktitle={Proceedings of the IEEE/CVF Conference on Computer Vision and Pattern Recognition},
  pages={5501--5510},
  year={2022}
}

@inproceedings{martin2021nerf,
  title={Nerf in the wild: Neural radiance fields for unconstrained photo collections},
  author={Martin-Brualla, Ricardo and Radwan, Noha and Sajjadi, Mehdi SM and Barron, Jonathan T and Dosovitskiy, Alexey and Duckworth, Daniel},
  booktitle={Proceedings of the IEEE/CVF Conference on Computer Vision and Pattern Recognition},
  pages={7210--7219},
  year={2021}
}

@inproceedings{reiser2021kilonerf,
  title={Kilonerf: Speeding up neural radiance fields with thousands of tiny mlps},
  author={Reiser, Christian and Peng, Songyou and Liao, Yiyi and Geiger, Andreas},
  booktitle={Proceedings of the IEEE/CVF International Conference on Computer Vision},
  pages={14335--14345},
  year={2021}
}

@inproceedings{chen2022tensorf,
  title={Tensorf: Tensorial radiance fields},
  author={Chen, Anpei and Xu, Zexiang and Geiger, Andreas and Yu, Jingyi and Su, Hao},
  booktitle={European Conference on Computer Vision},
  pages={333--350},
  year={2022},
  organization={Springer}
}

@inproceedings{wang2021ibrnet,
  title={Ibrnet: Learning multi-view image-based rendering},
  author={Wang, Qianqian and Wang, Zhicheng and Genova, Kyle and Srinivasan, Pratul P and Zhou, Howard and Barron, Jonathan T and Martin-Brualla, Ricardo and Snavely, Noah and Funkhouser, Thomas},
  booktitle={Proceedings of the IEEE/CVF Conference on Computer Vision and Pattern Recognition},
  pages={4690--4699},
  year={2021}
}

@inproceedings{suhail2022generalizable,
  title={Generalizable patch-based neural rendering},
  author={Suhail, Mohammed and Esteves, Carlos and Sigal, Leonid and Makadia, Ameesh},
  booktitle={European Conference on Computer Vision},
  pages={156--174},
  year={2022},
  organization={Springer}
}

@article{wang2022attention,
  title={Is Attention All NeRF Needs?},
  author={Wang, Peihao and Chen, Xuxi and Chen, Tianlong and Venugopalan, Subhashini and Wang, Zhangyang and others},
  journal={arXiv preprint arXiv:2207.13298},
  year={2022}
}

@inproceedings{trevithick2021grf,
  title={Grf: Learning a general radiance field for 3d representation and rendering},
  author={Trevithick, Alex and Yang, Bo},
  booktitle={Proceedings of the IEEE/CVF International Conference on Computer Vision},
  pages={15182--15192},
  year={2021}
}

@inproceedings{ronneberger2015u,
  title={U-net: Convolutional networks for biomedical image segmentation},
  author={Ronneberger, Olaf and Fischer, Philipp and Brox, Thomas},
  booktitle={Medical Image Computing and Computer-Assisted Intervention--MICCAI 2015: 18th International Conference, Munich, Germany, October 5-9, 2015, Proceedings, Part III 18},
  pages={234--241},
  year={2015},
  organization={Springer}
}

@article{hu2023sherf,
  title={SHERF: Generalizable Human NeRF from a Single Image},
  author={Hu, Shoukang and Hong, Fangzhou and Pan, Liang and Mei, Haiyi and Yang, Lei and Liu, Ziwei},
  journal={arXiv preprint arXiv:2303.12791},
  year={2023}
}

@inproceedings{liao2023high,
  title={High-Fidelity Clothed Avatar Reconstruction from a Single Image},
  author={Liao, Tingting and Zhang, Xiaomei and Xiu, Yuliang and Yi, Hongwei and Liu, Xudong and Qi, Guo-Jun and Zhang, Yong and Wang, Xuan and Zhu, Xiangyu and Lei, Zhen},
  booktitle={Proceedings of the IEEE/CVF Conference on Computer Vision and Pattern Recognition},
  pages={8662--8672},
  year={2023}
}

@inproceedings{liu2023zero,
  title={Zero-1-to-3: Zero-shot one image to 3d object},
  author={Liu, Ruoshi and Wu, Rundi and Van Hoorick, Basile and Tokmakov, Pavel and Zakharov, Sergey and Vondrick, Carl},
  booktitle={Proceedings of the IEEE/CVF International Conference on Computer Vision},
  pages={9298--9309},
  year={2023}
}

@article{liu2023one,
  title={One-2-3-45: Any single image to 3d mesh in 45 seconds without per-shape optimization},
  author={Liu, Minghua and Xu, Chao and Jin, Haian and Chen, Linghao and Xu, Zexiang and Su, Hao and others},
  journal={arXiv preprint arXiv:2306.16928},
  year={2023}
}

@article{shi2023zero123++,
  title={Zero123++: a Single Image to Consistent Multi-view Diffusion Base Model},
  author={Shi, Ruoxi and Chen, Hansheng and Zhang, Zhuoyang and Liu, Minghua and Xu, Chao and Wei, Xinyue and Chen, Linghao and Zeng, Chong and Su, Hao},
  journal={arXiv preprint arXiv:2310.15110},
  year={2023}
}

@article{weng2023zeroavatar,
  title={ZeroAvatar: Zero-shot 3D Avatar Generation from a Single Image},
  author={Weng, Zhenzhen and Wang, Zeyu and Yeung, Serena},
  journal={arXiv preprint arXiv:2305.16411},
  year={2023}
}

@article{gao2020portrait,
  title={Portrait neural radiance fields from a single image},
  author={Gao, Chen and Shih, Yichang and Lai, Wei-Sheng and Liang, Chia-Kai and Huang, Jia-Bin},
  journal={arXiv preprint arXiv:2012.05903},
  year={2020}
}

@inproceedings{lin2022efficient,
  title={Efficient neural radiance fields for interactive free-viewpoint video},
  author={Lin, Haotong and Peng, Sida and Xu, Zhen and Yan, Yunzhi and Shuai, Qing and Bao, Hujun and Zhou, Xiaowei},
  booktitle={SIGGRAPH Asia 2022 Conference Papers},
  pages={1--9},
  year={2022}
}


@inproceedings{qin2024langsplat,
  title={Langsplat: 3d language gaussian splatting},
  author={Qin, Minghan and Li, Wanhua and Zhou, Jiawei and Wang, Haoqian and Pfister, Hanspeter},
  booktitle=cvpr,
  year={2024}
}

@inproceedings{yu2024mipsplat,
  title={Mip-splatting: Alias-free 3d gaussian splatting},
  author={Yu, Zehao and Chen, Anpei and Huang, Binbin and Sattler, Torsten and Geiger, Andreas},
  booktitle=cvpr,
  year={2024}
}

@article{chen2024surveygs,
  title={A survey on 3d gaussian splatting},
  author={Chen, Guikun and Wang, Wenguan},
  journal={arXiv preprint arXiv:2401.03890},
  year={2024}
}

@article{kerbl202333dgs,
  title={3D Gaussian Splatting for Real-Time Radiance Field Rendering.},
  author={Kerbl, Bernhard and Kopanas, Georgios and Leimk{\"u}hler, Thomas and Drettakis, George},
  journal=tog,
  year={2023}
}

@article{ye2023gaussiangrouping,
  title={Gaussian grouping: Segment and edit anything in 3d scenes},
  author={Ye, Mingqiao and Danelljan, Martin and Yu, Fisher and Ke, Lei},
  journal=eccv,
  year={2024}
}

@article{gao2023relightable,
  title={Relightable 3d gaussian: Real-time point cloud relighting with brdf decomposition and ray tracing},
  author={Gao, Jian and Gu, Chun and Lin, Youtian and Zhu, Hao and Cao, Xun and Zhang, Li and Yao, Yao},
  journal=eccv,
  year={2024}
}

@inproceedings{haque2023instruct,
  title={Instruct-nerf2nerf: Editing 3d scenes with instructions},
  author={Haque, Ayaan and Tancik, Matthew and Efros, Alexei A and Holynski, Aleksander and Kanazawa, Angjoo},
  booktitle=iccv,
  year={2023}
}

%%% 3D inpainting

@inproceedings{mirzaei2023spin,
  title={SPIn-NeRF: Multiview segmentation and perceptual inpainting with neural radiance fields},
  author={Mirzaei, Ashkan and Aumentado-Armstrong, Tristan and Derpanis, Konstantinos G and Kelly, Jonathan and Brubaker, Marcus A and Gilitschenski, Igor and Levinshtein, Alex},
  booktitle=cvpr,
  year={2023}
}

@inproceedings{mirzaei2023referenceinpaint,
  title={Reference-guided controllable inpainting of neural radiance fields},
  author={Mirzaei, Ashkan and Aumentado-Armstrong, Tristan and Brubaker, Marcus A and Kelly, Jonathan and Levinshtein, Alex and Derpanis, Konstantinos G and Gilitschenski, Igor},
  booktitle=iccv,
  year={2023}
}

@inproceedings{weder2023removingnerf,
  title={Removing objects from neural radiance fields},
  author={Weder, Silvan and Garcia-Hernando, Guillermo and Monszpart, Aron and Pollefeys, Marc and Brostow, Gabriel J and Firman, Michael and Vicente, Sara},
  booktitle=cvpr,
  year={2023}
}

@article{yin2023ornerf,
  title={Or-nerf: Object removing from 3d scenes guided by multiview segmentation with neural radiance fields},
  author={Yin, Youtan and Fu, Zhoujie and Yang, Fan and Lin, Guosheng},
  journal={arXiv preprint arXiv:2305.10503},
  year={2023}
}

@inproceedings{chen2024mvip,
  title={MVIP-NeRF: Multi-view 3D Inpainting on NeRF Scenes via Diffusion Prior},
  author={Chen, Honghua and Loy, Chen Change and Pan, Xingang},
  booktitle=cvpr,
  year={2024}
}

@article{lin2024maldnerf,
  title={Taming Latent Diffusion Model for Neural Radiance Field Inpainting},
  author={Lin, Chieh Hubert and Kim, Changil and Huang, Jia-Bin and Li, Qinbo and Ma, Chih-Yao and Kopf, Johannes and Yang, Ming-Hsuan and Tseng, Hung-Yu},
  journal=eccv,
  year={2024}
}

@article{wang2024gscream,
  title={GScream: Learning 3D Geometry and Feature Consistent Gaussian Splatting for Object Removal},
  author={Wang, Yuxin and Wu, Qianyi and Zhang, Guofeng and Xu, Dan},
  journal=eccv,
  year={2024}
}

@inproceedings{weber2024nerfiller,
  title={Nerfiller: Completing scenes via generative 3d inpainting},
  author={Weber, Ethan and Holynski, Aleksander and Jampani, Varun and Saxena, Saurabh and Snavely, Noah and Kar, Abhishek and Kanazawa, Angjoo},
  booktitle=cvpr,
  pages={20731--20741},
  year={2024}
}

@inproceedings{wang2024innerf360,
  title={InNeRF360: Text-Guided 3D-Consistent Object Inpainting on 360-degree Neural Radiance Fields},
  author={Wang, Dongqing and Zhang, Tong and Abboud, Alaa and S{\"u}sstrunk, Sabine},
  booktitle=cvpr,
  year={2024}
}
@article{liu2024infusion,
  title={InFusion: Inpainting 3D Gaussians via Learning Depth Completion from Diffusion Prior},
  author={Liu, Zhiheng and Ouyang, Hao and Wang, Qiuyu and Cheng, Ka Leong and Xiao, Jie and Zhu, Kai and Xue, Nan and Liu, Yu and Shen, Yujun and Cao, Yang},
  journal={arXiv preprint arXiv:2404.11613},
  year={2024}
}
@article{mirzaei2024reffusion,
  title={RefFusion: Reference Adapted Diffusion Models for 3D Scene Inpainting},
  author={Mirzaei, Ashkan and De Lutio, Riccardo and Kim, Seung Wook and Acuna, David and Kelly, Jonathan and Fidler, Sanja and Gilitschenski, Igor and Gojcic, Zan},
  journal={arXiv preprint arXiv:2404.10765},
  year={2024}
}




%%% others
@inproceedings{hao2021edgeflow,
  title={Edgeflow: Achieving practical interactive segmentation with edge-guided flow},
  author={Hao, Yuying and Liu, Yi and Wu, Zewu and Han, Lin and Chen, Yizhou and Chen, Guowei and Chu, Lutao and Tang, Shiyu and Yu, Zhiliang and Chen, Zeyu and others},
  booktitle=iccv,
  year={2021}
}

@article{hu2021lora,
  title={Lora: Low-rank adaptation of large language models},
  author={Hu, Edward J and Shen, Yelong and Wallis, Phillip and Allen-Zhu, Zeyuan and Li, Yuanzhi and Wang, Shean and Wang, Lu and Chen, Weizhu},
  journal={arXiv preprint arXiv:2106.09685},
  year={2021}
}

@inproceedings{kirillov2023sam,
  title={Segment anything},
  author={Kirillov, Alexander and Mintun, Eric and Ravi, Nikhila and Mao, Hanzi and Rolland, Chloe and Gustafson, Laura and Xiao, Tete and Whitehead, Spencer and Berg, Alexander C and Lo, Wan-Yen and others},
  booktitle=iccv,
  year={2023}
}

@article{ren2024grounded,
  title={Grounded sam: Assembling open-world models for diverse visual tasks},
  author={Ren, Tianhe and Liu, Shilong and Zeng, Ailing and Lin, Jing and Li, Kunchang and Cao, He and Chen, Jiayu and Huang, Xinyu and Chen, Yukang and Yan, Feng and others},
  journal={arXiv preprint arXiv:2401.14159},
  year={2024}
}

@inproceedings{burley2012brdf,
  title={Physically-based shading at disney},
  author={Burley, Brent and Studios, Walt Disney Animation},
  booktitle={Acm Siggraph},
  volume={2012},
  year={2012}
}

@inproceedings{lpips,
  title={The unreasonable effectiveness of deep features as a perceptual metric},
  author={Zhang, Richard and Isola, Phillip and Efros, Alexei A and Shechtman, Eli and Wang, Oliver},
  booktitle=cvpr,
  year={2018}
}

@inproceedings{barron2022mipnerf360,
  title={Mip-nerf 360: Unbounded anti-aliased neural radiance fields},
  author={Barron, Jonathan T and Mildenhall, Ben and Verbin, Dor and Srinivasan, Pratul P and Hedman, Peter},
  booktitle=cvpr,
  year={2022}
}

@inproceedings{kerr2023lerf,
  title={Lerf: Language embedded radiance fields},
  author={Kerr, Justin and Kim, Chung Min and Goldberg, Ken and Kanazawa, Angjoo and Tancik, Matthew},
  booktitle=iccv,
  year={2023}
}

@article{heusel2017fid,
  title={Gans trained by a two time-scale update rule converge to a local nash equilibrium},
  author={Heusel, Martin and Ramsauer, Hubert and Unterthiner, Thomas and Nessler, Bernhard and Hochreiter, Sepp},
  journal={Advances in neural information processing systems},
  volume={30},
  year={2017}
}

@article{song2020ddim,
  title={Denoising diffusion implicit models},
  author={Song, Jiaming and Meng, Chenlin and Ermon, Stefano},
  journal=iclr,
  year={2021}
}