@inproceedings{ding2024freecustom,
  title={FreeCustom: Tuning-Free Customized Image Generation for Multi-Concept Composition},
  author={Ding, Ganggui and Zhao, Canyu and Wang, Wen and Yang, Zhen and Liu, Zide and Chen, Hao and Shen, Chunhua},
  booktitle={Proceedings of the IEEE/CVF Conference on Computer Vision and Pattern Recognition (CVPR)},
  pages={9089--9098},
  year={2024}
}

@inproceedings{ruiz2023dreambooth,
  title={Dreambooth: Fine tuning text-to-image diffusion models for subject-driven generation},
  author={Ruiz, Nataniel and Li, Yuanzhen and Jampani, Varun and Pritch, Yael and Rubinstein, Michael and Aberman, Kfir},
  booktitle={Proceedings of the IEEE/CVF Conference on Computer Vision and Pattern Recognition (CVPR)},
  pages={22500--22510},
  year={2023}
}

@article{ho2022classifier,
  title={Classifier-free diffusion guidance},
  author={Ho, Jonathan and Salimans, Tim},
  journal={arXiv preprint arXiv:2207.12598},
  year={2022}
}

@article{achiam2023gpt,
  title={Gpt-4 technical report},
  author={Achiam, Josh and Adler, Steven and Agarwal, Sandhini and Ahmad, Lama and Akkaya, Ilge and Aleman, Florencia Leoni and Almeida, Diogo and Altenschmidt, Janko and Altman, Sam and Anadkat, Shyamal and others},
  journal={arXiv preprint arXiv:2303.08774},
  year={2023}
}

@article{podell2023sdxl,
  title={Sdxl: Improving latent diffusion models for high-resolution image synthesis},
  author={Podell, Dustin and English, Zion and Lacey, Kyle and Blattmann, Andreas and Dockhorn, Tim and M{\"u}ller, Jonas and Penna, Joe and Rombach, Robin},
  journal={arXiv preprint arXiv:2307.01952},
  year={2023}
}

@inproceedings{radford2021learning,
  title={Learning transferable visual models from natural language supervision},
  author={Radford, Alec and Kim, Jong Wook and Hallacy, Chris and Ramesh, Aditya and Goh, Gabriel and Agarwal, Sandhini and Sastry, Girish and Askell, Amanda and Mishkin, Pamela and Clark, Jack and others},
  booktitle={Proceedings of the International Conference on Machine Learning (ICML)},
  pages={8748--8763},
  year={2021}
} 

@inproceedings{kumari2023multi,
  title={Multi-concept customization of text-to-image diffusion},
  author={Kumari, Nupur and Zhang, Bingliang and Zhang, Richard and Shechtman, Eli and Zhu, Jun-Yan},
  booktitle={Proceedings of the IEEE/CVF Conference on Computer Vision and Pattern Recognition (CVPR)},
  pages={1931--1941},
  year={2023}
}

@article{gal2022image,
  title={An image is worth one word: Personalizing text-to-image generation using textual inversion},
  author={Gal, Rinon and Alaluf, Yuval and Atzmon, Yuval and Patashnik, Or and Bermano, Amit H and Chechik, Gal and Cohen-Or, Daniel},
  journal={arXiv preprint arXiv:2208.01618},
  year={2022}
}

@inproceedings{tewel2023key,
  title={Key-locked rank one editing for text-to-image personalization},
  author={Tewel, Yoad and Gal, Rinon and Chechik, Gal and Atzmon, Yuval},
  booktitle={SIGGRAPH Conference},
  pages={1--11},
  year={2023}
} 

@article{gu2024mix,
  title={Mix-of-show: Decentralized low-rank adaptation for multi-concept customization of diffusion models},
  author={Gu, Yuchao and Wang, Xintao and Wu, Jay Zhangjie and Shi, Yujun and Chen, Yunpeng and Fan, Zihan and Xiao, Wuyou and Zhao, Rui and Chang, Shuning and Wu, Weijia and others},
  journal={Advances in Neural Information Processing Systems (NIPS)},
  volume={36},
  year={2024}
} 

@inproceedings{alaluf2024cross,
  title={Cross-image attention for zero-shot appearance transfer},
  author={Alaluf, Yuval and Garibi, Daniel and Patashnik, Or and Averbuch-Elor, Hadar and Cohen-Or, Daniel},
  booktitle={SIGGRAPH Conference},
  pages={1--12},
  year={2024}
} 

@inproceedings{cao2023masactrl,
  title={Masactrl: Tuning-free mutual self-attention control for consistent image synthesis and editing},
  author={Cao, Mingdeng and Wang, Xintao and Qi, Zhongang and Shan, Ying and Qie, Xiaohu and Zheng, Yinqiang},
  booktitle={Proceedings of the IEEE/CVF International Conference on Computer Vision (ICCV)},
  pages={22560--22570},
  year={2023}
}

@article{yang2007reconstruction,
  title={Reconstruction of 3D human body pose from stereo image sequences based on top-down learning},
  author={Yang, Hee-Deok and Lee, Seong-Whan},
  journal={Pattern Recognition},
  volume={40},
  number={11},
  pages={3120--3131},
  year={2007},
  publisher={Elsevier}
}

@inproceedings{rombach2022high,
  title={High-resolution image synthesis with latent diffusion models},
  author={Rombach, Robin and Blattmann, Andreas and Lorenz, Dominik and Esser, Patrick and Ommer, Bj{\"o}rn},
  booktitle={Proceedings of the IEEE/CVF Conference on Computer Vision and Pattern Recognition (CVPR)},
  pages={10684--10695},
  year={2022}
}

@inproceedings{nam2024dreammatcher,
  title={Dreammatcher: Appearance matching self-attention for semantically-consistent text-to-image personalization},
  author={Nam, Jisu and Kim, Heesu and Lee, DongJae and Jin, Siyoon and Kim, Seungryong and Chang, Seunggyu},
  booktitle={Proceedings of the IEEE/CVF Conference on Computer Vision and Pattern Recognition (CVPR)},
  pages={8100--8110},
  year={2024}
}

@inproceedings{kwon2024concept,
  title={Concept Weaver: Enabling Multi-Concept Fusion in Text-to-Image Models},
  author={Kwon, Gihyun and Jenni, Simon and Li, Dingzeyu and Lee, Joon-Young and Ye, Jong Chul and Heilbron, Fabian Caba},
  booktitle={Proceedings of the IEEE/CVF Conference on Computer Vision and Pattern Recognition (CVPR)},
  pages={8880--8889},
  year={2024}
}

@inproceedings{hwang2006full,
  title={A full-body gesture database for automatic gesture recognition},
  author={Hwang, Bon-Woo and Kim, Sungmin and Lee, Seong-Whan},
  booktitle={7th International Conference on Automatic Face and Gesture Recognition (FGR06)},
  pages={243--248},
  year={2006},
  organization={IEEE}
}

@article{ren2024grounded,
  title={Grounded sam: Assembling open-world models for diverse visual tasks},
  author={Ren, Tianhe and Liu, Shilong and Zeng, Ailing and Lin, Jing and Li, Kunchang and Cao, He and Chen, Jiayu and Huang, Xinyu and Chen, Yukang and Yan, Feng and others},
  journal={arXiv preprint arXiv:2401.14159},
  year={2024}
}

@inproceedings{liu2025grounding,
  title={Grounding dino: Marrying dino with grounded pre-training for open-set object detection},
  author={Liu, Shilong and Zeng, Zhaoyang and Ren, Tianhe and Li, Feng and Zhang, Hao and Yang, Jie and Jiang, Qing and Li, Chunyuan and Yang, Jianwei and Su, Hang and others},
  booktitle={European Conference on Computer Vision (ECCV)},
  pages={38--55},
  year={2025}
}

@inproceedings{kirillov2023segment,
  title={Segment anything},
  author={Kirillov, Alexander and Mintun, Eric and Ravi, Nikhila and Mao, Hanzi and Rolland, Chloe and Gustafson, Laura and Xiao, Tete and Whitehead, Spencer and Berg, Alexander C and Lo, Wan-Yen and others},
  booktitle={Proceedings of the IEEE/CVF International Conference on Computer Vision (ICCV)},
  pages={4015--4026},
  year={2023}
}

@article{lee2001automatic,
  title={Automatic video parsing using shot boundary detection and camera operation analysis},
  author={Lee, Mee-Sook and Yang, Yun-Mo and Lee, Seong-Whan},
  journal={Pattern Recognition},
  volume={34},
  number={3},
  pages={711--719},
  year={2001},
  publisher={Elsevier}
}

@article{ho2020denoising,
  title={Denoising diffusion probabilistic models},
  author={Ho, Jonathan and Jain, Ajay and Abbeel, Pieter},
  journal={Advances in Neural Information Processing Systems (NIPS)},
  volume={33},
  pages={6840--6851},
  year={2020}
} 

@article{song2020denoising,
  title={Denoising diffusion implicit models},
  author={Song, Jiaming and Meng, Chenlin and Ermon, Stefano},
  journal={arXiv preprint arXiv:2010.02502},
  year={2020}
} 

@inproceedings{huberman2024edit,
  title={An edit friendly ddpm noise space: Inversion and manipulations},
  author={Huberman-Spiegelglas, Inbar and Kulikov, Vladimir and Michaeli, Tomer},
  booktitle={Proceedings of the IEEE/CVF Conference on Computer Vision and Pattern Recognition (CVPR)},
  pages={12469--12478},
  year={2024}
}

@inproceedings{ronneberger2015u,
  title={U-net: Convolutional networks for biomedical image segmentation},
  author={Ronneberger, Olaf and Fischer, Philipp and Brox, Thomas},
  booktitle={Medical Image Computing and Computer-Assisted Intervention (MICCAI)},
  pages={234--241},
  year={2015}
} 


