@article{Adnan:msr25,
title={SPRINT: An Assistant for Issue Report Management},
author={Adnan, Ahmed and Saha, Antu and Chaparro, Oscar},
journal={Proceedings of the 22nd IEEE/ACM International Conference on Mining Software Repositories (MSR'25)},
  year={2025}
}

@inproceedings{Bo2024,
author = {Bo, Lili and Ji, Wangjie and Sun, Xiaobing and Zhang, Ting and Wu, Xiaoxue and Wei, Ying},
title = {ChatBR: Automated assessment and improvement of bug report quality using ChatGPT},
year = {2024},
booktitle = {Proceedings of the 39th IEEE/ACM International Conference on Automated Software Engineering},
pages = {1472–1483},
numpages = {12},
location = {Sacramento, CA, USA},
}

@inproceedings{Chaparro2019,
author = {Chaparro, Oscar and Bernal-C\'{a}rdenas, Carlos and Lu, Jing and Moran, Kevin and Marcus, Andrian and Di Penta, Massimiliano and Poshyvanyk, Denys and Ng, Vincent},
title = {Assessing the Quality of the Steps to Reproduce in Bug Reports},
year = {2019},
booktitle = {Proceedings of the 27th ACM Joint Meeting on European Software Engineering Conference and Symposium on the Foundations of Software Engineering},
pages = {86–96},
numpages = {11},
location = {Tallinn, Estonia},
}

@inproceedings{Dit2008,
  title={Improving the readability of defect reports},
  author={Bogdan Dit and Andrian Marcus},
   booktitle    = {Proceedings of the 2008 International Workshop on Recommendation Systems
 for Software Engineering (RSSE)},
 pages        = {47--49},
}

@inproceedings{Fazzini2018,
  title={Automatically translating bug reports into test cases for mobile apps},
  author={Fazzini, Mattia and Prammer, Martin and d'Amorim, Marcelo and Orso, Alessandro},
  booktitle={Proceedings of the 27th International Symposium on Software Testing and Analysis (ISSTA'18)},
  pages={141--152},
  year={2018},
}

@article{Fazzini:TSE22,
author = {Fazzini, Mattia and Moran, Kevin and Bernal-C\'{a}rdenas, Carlos and Wendland, Tyler and Orso, Alessandro and Poshyvanyk, Denys},
title = {Enhancing Mobile App Bug Reporting via Real-Time Understanding of Reproduction Steps},
year = {2023},
issue_date = {March 2023},
publisher = {IEEE Press},
volume = {49},
number = {3},
journal = {IEEE Transactions on Software Engineering},
month = mar,
pages = {1246–1272},
numpages = {27}
}

@inproceedings{Feng2024,
author = {Feng, Sidong and Chen, Chunyang},
title = {Prompting Is All You Need: Automated Android Bug Replay with Large Language Models},
year = {2024},
booktitle = {Proceedings of the 46th IEEE/ACM International Conference on Software Engineering},
keywords = {automated bug replay, large language model, prompt engineering},
location = {Lisbon, Portugal},
}

@article{Havranek2021,
  title={V2S: A Tool for Translating Video Recordings of Mobile App Usages into Replayable Scenarios},
  author={Madeleine Havranek and Carlos Bernal-C{\'a}rdenas and Nathan Cooper and Oscar Chaparro and Denys Poshyvanyk and Kevin Moran},
  journal={2021 IEEE/ACM 43rd International Conference on Software Engineering: Companion Proceedings (ICSE-Companion)},
  year={2021},
  pages={65-68}
}

@INPROCEEDINGS{Linstead2009,
  author={Linstead, Erik and Baldi, Pierre},
  booktitle={Proceedings of the 6th IEEE International Working Conference on Mining Software Repositories}, 
  title={Mining the coherence of GNOME bug reports with statistical topic models}, 
  year={2009},
  volume={},
  number={},
  pages={99-102},
  keywords={Coherence;Linear discriminant analysis;XML;Information theory;Databases;Vocabulary;Bayesian methods;Computer science;Text mining;Software measurement},
  doi={10.1109/MSR.2009.5069486}}

@inproceedings{Mahmud:ICSE2024,
author = {Mahmud, Junayed and De Silva, Nadeeshan and Khan, Safwat Ali and Mostafavi, Seyed Hooman and Mansur, S M Hasan and Chaparro, Oscar and Marcus, Andrian (Andi) and Moran, Kevin},
title = {On Using GUI Interaction Data to Improve Text Retrieval-based Bug Localization},
year = {2024},
booktitle = {Proceedings of the 46th IEEE/ACM International Conference on Software Engineering},
keywords = {bug localization, GUI, natural language processing, mobile apps},
location = {Lisbon, Portugal},
}

@inproceedings{Saha:icse25,
  title={Decoding the Issue Resolution Process in Practice via Issue Report Analysis: A Case Study of Firefox},
  author={Saha, Antu and Chaparro, Oscar},
  booktitle={Proceedings of the IEEE/ACM 47th International Conference on Software Engineering (ICSE'25)},
  year={2025}
}

@inproceedings{Wang2024,
author = {Wang, Dingbang and Zhao, Yu and Feng, Sidong and Zhang, Zhaoxu and Halfond, William G. J. and Chen, Chunyang and Sun, Xiaoxia and Shi, Jiangfan and Yu, Tingting},
title = {Feedback-Driven Automated Whole Bug Report Reproduction for Android Apps},
year = {2024},
booktitle = {Proceedings of the 33rd ACM SIGSOFT International Symposium on Software Testing and Analysis},
pages = {1048–1060},
keywords = {Android, Automated Bug Reproduction, Large Language Model, Prompt Engineering},
location = {Vienna, Austria},
}

@INPROCEEDINGS{Zhao2019,
  author={Zhao, Yu and Yu, Tingting and Su, Ting and Liu, Yang and Zheng, Wei and Zhang, Jingzhi and G.J. Halfond, William},
  booktitle={Proceedings of the 41st IEEE/ACM International Conference on Software Engineering (ICSE)}, 
  title={ReCDroid: Automatically Reproducing Android Application Crashes from Bug Reports}, 
  year={2019},
  volume={},
  number={},
  pages={128-139},
  doi={10.1109/ICSE.2019.00030}
}

@inproceedings{Zhou2012a,
	title        = {Learning to rank duplicate bug reports},
	author       = {Zhou, Jian and Zhang, Hongyu},
	year         = 2012,
	booktitle    = {CIKM'12},
	pages        = {852--861}
}

@ARTICLE{Zimmermann2010,
  author={Zimmermann, Thomas and Premraj, Rahul and Bettenburg, Nicolas and Just, Sascha and Schroter, Adrian and Weiss, Cathrin},
  journal={IEEE Transactions on Software Engineering}, 
  title={What Makes a Good Bug Report?}, 
  year={2010},
  volume={36},
  number={5},
  pages={618-643},
  keywords={Computer bugs;Programming;Prototypes;Software engineering;Information analysis;Software testing;Debugging;Software maintenance;Human factors;Engineering management;Testing and debugging;distribution;maintenance;and enhancement;human factors;management;measurement.},
  doi={10.1109/TSE.2010.63}}

@inproceedings{bernal2020translating,
  title={Translating video recordings of mobile app usages into replayable scenarios},
  author={Bernal-C{\'a}rdenas, Carlos and Cooper, Nathan and Moran, Kevin and Chaparro, Oscar and Marcus, Andrian and Poshyvanyk, Denys},
  booktitle={Proceedings of the ACM/IEEE 42nd international conference on software engineering},
  pages={309--321},
  year={2020}
}

@article{bernal2023translating,
  title={Translating Video Recordings of Complex Mobile App UI Gestures into Replayable Scenarios},
  author={Bernal-C{\'a}rdenas, Carlos and Cooper, Nathan and Havranek, Madeleine and Moran, Kevin and Chaparro, Oscar and Poshyvanyk, Denys and Marcus, Andrian},
  journal={IEEE Transactions on Software Engineering},
  volume={49},
  number={4},
  pages={1782--1803},
  year={2023},
  publisher={IEEE}
}

@article{catolino2019not,
  title={Not all bugs are the same: Understanding, characterizing, and classifying bug types},
  author={Catolino, Gemma and Palomba, Fabio and Zaidman, Andy and Ferrucci, Filomena},
  journal={Journal of Systems and Software},
  volume={152},
  pages={165--181},
  year={2019},
  publisher={Elsevier}
}

@inproceedings{chaparro2016reduction,
  title={On the reduction of verbose queries in text retrieval based software maintenance},
  author={Chaparro, Oscar and Marcus, Andrian},
  booktitle={Proceedings of the 38th International Conference on Software Engineering Companion},
  pages={716--718},
  year={2016}
}

@inproceedings{chaparro2016vocabulary,
	title={On the vocabulary agreement in software issue descriptions},
	author={Chaparro, Oscar and Florez, Juan Manuel and Marcus, Andrian},
	booktitle={Proceedings of the IEEE International Conference on Software Maintenance and Evolution},
	pages={448--452},
	year={2016},
	organization={IEEE}
}

@inproceedings{chaparro2017using,
  title={Using observed behavior to reformulate queries during text retrieval-based bug localization},
  author={Chaparro, Oscar and Florez, Juan Manuel and Marcus, Andrian},
  booktitle={2017 IEEE International Conference on Software Maintenance and Evolution (ICSME)},
  pages={376--387},
  year={2017},
  organization={IEEE}
}

@inproceedings{chaparro2019reformulating,
  title={Reformulating queries for duplicate bug report detection},
  author={Chaparro, Oscar and Florez, Juan Manuel and Singh, Unnati and Marcus, Andrian},
  booktitle={2019 IEEE 26th international conference on software analysis, evolution and reengineering (SANER)},
  pages={218--229},
  year={2019},
  organization={IEEE}
}

@article{chaparro2019using,
  title={Using bug descriptions to reformulate queries during text-retrieval-based bug localization},
  author={Chaparro, Oscar and Florez, Juan Manuel and Marcus, Andrian},
  journal={Empirical Software Engineering},
  volume={24},
  pages={2947--3007},
  year={2019},
  publisher={Springer}
}

@inproceedings{cooper2021takes,
  title={It takes two to tango: Combining visual and textual information for detecting duplicate video-based bug reports},
  author={Cooper, Nathan and Bernal-C{\'a}rdenas, Carlos and Chaparro, Oscar and Moran, Kevin and Poshyvanyk, Denys},
  booktitle={2021 IEEE/ACM 43rd International Conference on Software Engineering (ICSE)},
  pages={957--969},
  year={2021},
  organization={IEEE}
}

@inproceedings{florez2021combining,
  title={Combining query reduction and expansion for text-retrieval-based bug localization},
  author={Florez, Juan Manuel and Chaparro, Oscar and Treude, Christoph and Marcus, Andrian},
  booktitle={2021 IEEE International Conference on Software Analysis, Evolution and Reengineering (SANER)},
  pages={166--176},
  year={2021},
  organization={IEEE}
}

@inproceedings{he2020duplicate,
  title={Duplicate bug report detection using dual-channel convolutional neural networks},
  author={He, Jianjun and Xu, Ling and Yan, Meng and Xia, Xin and Lei, Yan},
  booktitle={Proceedings of the 28th International Conference on Program Comprehension},
  pages={117--127},
  year={2020}
}

@inproceedings{huang2022bug,
  title={Bug report priority prediction using developer-oriented socio-technical features},
  author={Huang, Zijie and Shao, Zhiqing and Fan, Guisheng and Yu, Huiqun and Yang, Kang and Zhou, Ziyi},
  booktitle={Proceedings of the 13th Asia-Pacific symposium on internetware},
  pages={202--211},
  year={2022}
}

@inproceedings{saha2024toward,
  title={Toward the Automated Localization of Buggy Mobile App UIs from Bug Descriptions},
  author={Saha, Antu and Song, Yang and Mahmud, Junayed and Zhou, Ying and Moran, Kevin and Chaparro, Oscar},
  booktitle={Proceedings of the 33rd ACM SIGSOFT International Symposium on Software Testing and Analysis},
  pages={1249--1261},
  year={2024}
}

@inproceedings{somasundaram2012automatic,
  title={Automatic categorization of bug reports using latent dirichlet allocation},
  author={Somasundaram, Kalyanasundaram and Murphy, Gail C},
  booktitle={Proceedings of the 5th India software engineering conference},
  pages={125--130},
  year={2012}
}

@INPROCEEDINGS{song2022burt,
  author={Song, Yang and Mahmud, Junayed and De Silva, Nadeeshan and Zhou, Ying and Chaparro, Oscar and Moran, Kevin and Marcus, Andrian and Poshyvanyk, Denys},
  booktitle={Proceedings of the 45th  IEEE/ACM International Conference on Software Engineering (ICSE'23)}, 
  title={BURT: A Chatbot for Interactive Bug Reporting}, 
  year={2023},
  pages={170-174},
  }

@inproceedings{song2022toward,
  title={Toward interactive bug reporting for (android app) end-users},
  author={Song, Yang and Mahmud, Junayed and Zhou, Ying and Chaparro, Oscar and Moran, Kevin and Marcus, Andrian and Poshyvanyk, Denys},
  booktitle={Proceedings of the 30th ACM Joint European Software Engineering Conference and Symposium on the Foundations of Software Engineering},
  pages={344--356},
  year={2022}
}

@article{tian2015automated,
  title={Automated prediction of bug report priority using multi-factor analysis},
  author={Tian, Yuan and Lo, David and Xia, Xin and Sun, Chengnian},
  journal={Empirical Software Engineering},
  volume={20},
  pages={1354--1383},
  year={2015},
  publisher={Springer}
}

@article{umer2019cnn,
  title={CNN-based automatic prioritization of bug reports},
  author={Umer, Qasim and Liu, Hui and Illahi, Inam},
  journal={IEEE Transactions on Reliability},
  volume={69},
  number={4},
  pages={1341--1354},
  year={2019},
  publisher={IEEE}
}

@inproceedings{yan2024semantic,
  title={Semantic GUI Scene Learning and Video Alignment for Detecting Duplicate Video-based Bug Reports},
  author={Yan, Yanfu and Cooper, Nathan and Chaparro, Oscar and Moran, Kevin and Poshyvanyk, Denys},
  booktitle={Proceedings of the IEEE/ACM 46th International Conference on Software Engineering},
  pages={1--13},
  year={2024}
}

@article{zou2018practitioners,
	title={How practitioners perceive automated bug report management techniques},
	author={Zou, Weiqin and Lo, David and Chen, Zhenyu and Xia, Xin and Feng, Yang and Xu, Baowen},
	journal={IEEE Transactions on Software Engineering},
	volume={46},
	number={8},
	pages={836--862},
	year={2018},
	publisher={IEEE}
}

