%% This BibTeX bibliography file was created using BibDesk.
%% https://bibdesk.sourceforge.io/


%% Saved with string encoding Unicode (UTF-8) 

@article{kong2018automated,
  title={Automated Testing of Android Apps: A Systematic Literature Review},
  author={Kong, Pingfan and Li, Li and Gao, Jun and Liu, Kui and Bissyand{\'e}, Tegawend{\'e} F and Klein, Jacques},
  journal={IEEE Transactions on Reliability},
  year={2018}
}

@inproceedings{Zhou2012,
  author = {Zhou, Jian and Zhang, Hongyu and Lo, David},
  booktitle = {Proceedings of the International Conference on Software Engineering (ICSE'12)},
  pages = {14-24},
  title = {Where Should the Bugs Be Fixed? More Accurate Information Retrieval-Based Bug Localization Based on Bug Reports},
  year = {2012}}

@inproceedings{Moran:FSE15, author = {Moran, Kevin and Linares-V\'{a}squez, Mario and Bernal-C\'{a}rdenas, Carlos and Poshyvanyk, Denys}, title = {Auto-completing bug reports for Android applications}, year = {2015}, isbn = {9781450336758}, publisher = {Association for Computing Machinery}, address = {New York, NY, USA}, url = {https://doi.org/10.1145/2786805.2786857}, doi = {10.1145/2786805.2786857}, booktitle = {Proceedings of the 2015 10th Joint Meeting on Foundations of Software Engineering}, pages = {673–686}, numpages = {14}, keywords = {reproduction steps, auto-completion, android, Bug reports}, location = {Bergamo, Italy}, series = {ESEC/FSE 2015} }


@inproceedings{Saha2013,
  author = {Saha, Ripon K. and Lease, Matthew and Khurshid, Sarfraz and Perry, Dewayne E.},
  booktitle = {Proceedings of the International Conference on Automated Software Engineering (ASE'13)},
  pages = {345-355},
  title = {Improving bug localization using structured information retrieval},
  year = {2013}}

@inproceedings{Wang2014,
  author = {Wang, Shaowei and Lo, David},
  booktitle = {Proceedings of the 22nd International Conference on Program Comprehension (ICPC'14)},
  numpages = {11},
  pages = {53--63},
  title = {Version History, Similar Report, and Structure: Putting Them Together for Improved Bug Localization},
  year = {2014}}

  
@inproceedings{Radford2018,
  title={Improving Language Understanding by Generative Pre-Training},
  author={Alec Radford and Karthik Narasimhan},
  year={2018}
}

@inproceedings{Le2015,
  author = {Le, Tien-Duy B. and Oentaryo, Richard J. and Lo, David},
  booktitle = {Proceedings of the Joint Meeting on Foundations of Software Engineering (ESEC/FSE'15)},
  numpages = {12},
  pages = {579--590},
  title = {Information Retrieval and Spectrum Based Bug Localization: Better Together},
  year = {2015}}

@article{Kim2013,
  author = {Kim, D. and Tao, Y. and Kim, S. and Zeller, A.},
  issn = {0098-5589},
  journal = {IEEE Transactions on Software Engineering},
  number = {11},
  pages = {1597--1610},
  title = {Where {Should} {We} {Fix} {This} {Bug}? {A} {Two}-{Phase} {Recommendation} {Model}},
  volume = {39},
  year = {2013}}

@inproceedings{Wen2016,
  author = {M. Wen and R. Wu and S. Cheung},
  booktitle = {Proceedings of the 31st International Conference on Automated Software Engineering (ASE'16)},
  pages = {262-273},
  title = {Locus: Locating bugs from software changes},
  year = {2016}}

@article{Ciborowska2022,
  author = {Agnieszka Ciborowska and Kostadin Damevski},
  booktitle = {Proceedings of the International Conference on Software Engineering (ICSE'22)},
  title = {Fast Changeset-based Bug Localization with {BERT}},
  year = {2022}
}

@article{Li2019,
  address = {New York, NY, USA},
  author = {Li, Xia and Li, Wei and Zhang, Yuqun and Zhang, Lingming},
  booktitle = {Proceedings of the 28th ACM SIGSOFT International Symposium on Software Testing and Analysis},
  isbn = {9781450362245},
  numpages = {12},
  pages = {169--180},
  publisher = {Association for Computing Machinery},
  title = {DeepFL: Integrating Multiple Fault Diagnosis Dimensions for Deep Fault Localization},
  url = {https://doi.org/10.1145/3293882.3330574},
  year = {2019},
  Bdsk-Url-1 = {https://doi.org/10.1145/3293882.3330574}}

@article{Huo2019,
author = {Huo, Xuan and Thung, Ferdian and Li, Ming and Lo, David and Shi, Shu-Ting},
year = {2019},
month = {06},
pages = {1-1},
title = {Deep Transfer Bug Localization},
volume = {PP},
journal = {IEEE Transactions on Software Engineering},
doi = {10.1109/TSE.2019.2920771}
}

@inproceedings{Zhu2020,
  author = {Ziye Zhu and Yun Li and Hanghang Tong and Yu Wang},
  booktitle = {IJCAI},
  title = {CooBa: Cross-project Bug Localization via Adversarial Transfer Learning},
  year = {2020}}

@inproceedings{Lam2015,
  author = {Lam, An Ngoc and Nguyen, Anh Tuan and Nguyen, Hoan Anh and Nguyen, Tien N.},
  booktitle = {2015 30th IEEE/ACM International Conference on Automated Software Engineering (ASE)},
  doi = {10.1109/ASE.2015.73},
  pages = {476-481},
  title = {Combining Deep Learning with Information Retrieval to Localize Buggy Files for Bug Reports (N)},
  year = {2015},
  Bdsk-Url-1 = {https://doi.org/10.1109/ASE.2015.73}}

@inproceedings{Lam2017,
  author = {Lam, An Ngoc and Nguyen, Anh Tuan and Nguyen, Hoan Anh and Nguyen, Tien N.},
  booktitle = {2017 IEEE/ACM 25th International Conference on Program Comprehension (ICPC)},
  doi = {10.1109/ICPC.2017.24},
  pages = {218-229},
  title = {Bug Localization with Combination of Deep Learning and Information Retrieval},
  year = {2017},
  Bdsk-Url-1 = {https://doi.org/10.1109/ICPC.2017.24}}

@inproceedings{Ye2014,
  address = {New York, NY, USA},
  author = {Ye, Xin and Bunescu, Razvan and Liu, Chang},
  booktitle = {Proceedings of the 22nd ACM SIGSOFT International Symposium on Foundations of Software Engineering},
  doi = {10.1145/2635868.2635874},
  isbn = {9781450330565},
  keywords = {software maintenance, bug reports, learning to rank},
  location = {Hong Kong, China},
  numpages = {11},
  pages = {689--699},
  publisher = {Association for Computing Machinery},
  series = {FSE 2014},
  title = {Learning to Rank Relevant Files for Bug Reports Using Domain Knowledge},
  url = {https://doi.org/10.1145/2635868.2635874},
  year = {2014},
  Bdsk-Url-1 = {https://doi.org/10.1145/2635868.2635874}}

@inproceedings{Sisman2012,
  author = {Sisman, Bunyamin and Kak, Avinash C.},
  booktitle = {2012 9th IEEE Working Conference on Mining Software Repositories (MSR)},
  doi = {10.1109/MSR.2012.6224299},
  pages = {50-59},
  title = {Incorporating version histories in Information Retrieval based bug localization},
  year = {2012},
  Bdsk-Url-1 = {https://doi.org/10.1109/MSR.2012.6224299}}

@inproceedings{Moreno2014,
  author = {Moreno, Laura and Treadway, John Joseph and Marcus, Andrian and Wuwei Shen},
  booktitle = {Proceedings of the Conference on Software Maintenance and Evolution (ICSME'14)},
  issn = {1063-6773},
  pages = {151-160},
  title = {On the Use of Stack Traces to Improve Text Retrieval-Based Bug Localization},
  year = {2014}}

@inproceedings{Nguyen2011,
  author = {Nguyen, Anh Tuan and Nguyen, Tung Thanh and Al-Kofahi, Jafar and Nguyen, Hung Viet and Nguyen, Tien N.},
  booktitle = {Proceedings of the International Conference On Automated Software Engineering (ASE'11)},
  pages = {263-272},
  title = {A Topic-based Approach for Narrowing the Search Space of Buggy Files from a Bug Report},
  year = {2011}}

@article{Lukins2010,
  author = {Lukins, Stacy K. and Kraft, Nicholas A. and Etzkorn, Letha H.},
  journal = {Information and Software Technology},
  number = {9},
  pages = {972-990},
  title = {Bug Localization using Latent Dirichlet Allocation},
  volume = {52},
  year = {2010}}


@INPROCEEDINGS{Xuan2014,
  author={Xuan, Jifeng and Monperrus, Martin},
  booktitle={2014 IEEE International Conference on Software Maintenance and Evolution}, 
  title={Learning to Combine Multiple Ranking Metrics for Fault Localization}, 
  year={2014},
  volume={},
  number={},
  pages={191-200},
  doi={10.1109/ICSME.2014.41}}

@article{Li2017,
author = {Li, Xia and Zhang, Lingming},
title = {Transforming Programs and Tests in Tandem for Fault Localization},
year = {2017},
issue_date = {October 2017},
publisher = {Association for Computing Machinery},
address = {New York, NY, USA},
volume = {1},
number = {OOPSLA},
url = {https://doi.org/10.1145/3133916},
doi = {10.1145/3133916},
journal = {Proc. ACM Program. Lang.},
month = {oct},
articleno = {92},
numpages = {30},
keywords = {Code transformation, Fault localization, Mutation testing}
}


@inproceedings{Sohn2017,
author = {Sohn, Jeongju and Yoo, Shin},
title = {FLUCCS: Using Code and Change Metrics to Improve Fault Localization},
year = {2017},
isbn = {9781450350761},
publisher = {Association for Computing Machinery},
address = {New York, NY, USA},
url = {https://doi.org/10.1145/3092703.3092717},
doi = {10.1145/3092703.3092717},
booktitle = {Proceedings of the 26th ACM SIGSOFT International Symposium on Software Testing and Analysis},
pages = {273–283},
numpages = {11},
keywords = {Genetic Programming, SBSE, Fault Localization},
location = {Santa Barbara, CA, USA},
series = {ISSTA 2017}
}

@inproceedings{Le2016,
author = {B. Le, Tien-Duy and Lo, David and Le Goues, Claire and Grunske, Lars},
title = {A Learning-to-Rank Based Fault Localization Approach Using Likely Invariants},
year = {2016},
isbn = {9781450343909},
publisher = {Association for Computing Machinery},
address = {New York, NY, USA},
url = {https://doi.org/10.1145/2931037.2931049},
doi = {10.1145/2931037.2931049},
booktitle = {Proceedings of the 25th International Symposium on Software Testing and Analysis},
pages = {177–188},
numpages = {12},
keywords = {Program Invariant, Learning to Rank, Automated Debugging},
location = {Saarbr\"{u}cken, Germany},
series = {ISSTA 2016}
}

@article{Deerwester1990,
  title={Indexing by Latent Semantic Analysis},
  author={Scott C. Deerwester and Susan T. Dumais and Thomas K. Landauer and George W. Furnas and Richard A. Harshman},
  journal={J. Am. Soc. Inf. Sci.},
  year={1990},
  volume={41},
  pages={391-407}
}

@INPROCEEDINGS{Moran:SANER22,
  author={Moran, Kevin and Yachnes, Ali and Purnell, George and Mahmud, Junayed and Tufano, Michele and Cardenas, Carlos Bernal and Poshyvanyk, Denys and H'Doubler, Zach},
  booktitle={2022 IEEE International Conference on Software Analysis, Evolution and Reengineering (SANER)}, 
  title={An Empirical Investigation into the Use of Image Captioning for Automated Software Documentation}, 
  year={2022},
  volume={},
  number={},
  pages={514-525},
  doi={10.1109/SANER53432.2022.00069}}

@article{Johnson2022,
  title={An Empirical Investigation into the Reproduction of Bug Reports for Android Apps},
  author={Jack Johnson and Junayed Mahmud and Tyler Wendland and Kevin Moran and Julia Rubin and Mattia Fazzini},
  journal={Proceedings of the IEEE International Conference on Software Analysis, Evolution and Reengineering (SANER'22)},
  year={2022}
}

@inproceedings{Wang2015,
author = {Wang, Qianqian and Parnin, Chris and Orso, Alessandro},
title = {Evaluating the Usefulness of IR-Based Fault Localization Techniques},
year = {2015},
isbn = {9781450336208},
publisher = {Association for Computing Machinery},
address = {New York, NY, USA},
booktitle = {Proceedings of the 2015 International Symposium on Software Testing and Analysis},
pages = {1–11},
numpages = {11},
keywords = {information retrieval, Fault localization, user studies},
location = {Baltimore, MD, USA},
series = {ISSTA 2015}
}

@inproceedings{Parnin2011,
author = {Parnin, Chris and Orso, Alessandro},
title = {Are Automated Debugging Techniques Actually Helping Programmers?},
year = {2011},
isbn = {9781450305624},
publisher = {Association for Computing Machinery},
address = {New York, NY, USA},
url = {https://doi.org/10.1145/2001420.2001445},
doi = {10.1145/2001420.2001445},
booktitle = {Proceedings of the 2011 International Symposium on Software Testing and Analysis},
pages = {199–209},
numpages = {11},
keywords = {user studies, statistical debugging},
location = {Toronto, Ontario, Canada},
series = {ISSTA '11}
}

@inproceedings{Rahman2018Poster,
author = {Rahman, Mohammad Masudur and Roy, Chanchai K.},
title = {Improving Bug Localization with Report Quality Dynamics and Query Reformulation},
year = {2018},
isbn = {9781450356633},
publisher = {Association for Computing Machinery},
address = {New York, NY, USA},
url = {https://doi.org/10.1145/3183440.3195003},
doi = {10.1145/3183440.3195003},
booktitle = {Proceedings of the 40th International Conference on Software Engineering: Companion Proceeedings},
pages = {348–349},
numpages = {2},
location = {Gothenburg, Sweden},
series = {ICSE '18}
}

@url{aspectJ,
  year = {2021},
  Title = {AspectJ - \url{https://www.eclipse.org/aspectj/}}}

  
@url{birt,
  year = {2022},
  Title = {BiRT - \url{https://eclipse.github.io/birt-website/}}}

  
@url{swt,
  year = {2021},
  Title = {SWT - \url{https://www.eclipse.org/swt/}}}

  
@url{tomcat,
  year = {2022},
  Title = {Tomcat - \url{hhttps://tomcat.apache.org}}}



  
@inproceedings{Just2014,
author = {Just, Ren\'{e} and Jalali, Darioush and Ernst, Michael D.},
title = {Defects4J: A Database of Existing Faults to Enable Controlled Testing Studies for Java Programs},
year = {2014},
isbn = {9781450326452},
publisher = {Association for Computing Machinery},
address = {New York, NY, USA},
url = {https://doi.org/10.1145/2610384.2628055},
doi = {10.1145/2610384.2628055},
booktitle = {Proceedings of the 2014 International Symposium on Software Testing and Analysis},
pages = {437–440},
numpages = {4},
keywords = {real bugs, Bug database, testing framework},
location = {San Jose, CA, USA},
series = {ISSTA 2014}
}

@inproceedings{Rao2011,
 author = {Rao, Shivani and Kak, Avinash},
 title = {Retrieval from Software Libraries for Bug Localization: A Comparative Study of Generic and Composite Text Models},
 year = {2011},
 isbn = {9781450305747},
 publisher = {Association for Computing Machinery},
 address = {New York, NY, USA},
 url = {https://doi.org/10.1145/1985441.1985451},
 doi = {10.1145/1985441.1985451},
 booktitle = {Proceedings of the 8th Working Conference on Mining Software Repositories},
 pages = {43–52},
 numpages = {10},
 keywords = {information retrieval, latent semantic analysis, latent dirichlet allocation, bug localization, software engineering},
 location = {Waikiki, Honolulu, HI, USA},
 series = {MSR '11}
 }

 @INPROCEEDINGS{Poshyvanyk2006,
   author={Poshyvanyk, D. and Marcus, A. and Rajlich, V. and Gueheneuc, Y.-G. and Antoniol, G.},
   booktitle={14th IEEE International Conference on Program Comprehension (ICPC'06)}, 
   title={Combining Probabilistic Ranking and Latent Semantic Indexing for Feature Identification}, 
   year={2006},
   volume={},
   number={},
   pages={137-148},
   doi={10.1109/ICPC.2006.17}}

   
 @ARTICLE{Poshyvanyk2007,
  author={Poshyvanyk, Denys and Gueheneuc, Yann-Gael and Marcus, Andrian and Antoniol, Giuliano and Rajlich, Vaclav},
  journal={IEEE Transactions on Software Engineering}, 
  title={Feature Location Using Probabilistic Ranking of Methods Based on Execution Scenarios and Information Retrieval}, 
  year={2007},
  volume={33},
  number={6},
  pages={420-432},
  doi={10.1109/TSE.2007.1016}}

@INPROCEEDINGS{Moran2016,
  author={Moran, Kevin and Linares-Vásquez, Mario and Bernal-Cárdenas, Carlos and Vendome, Christopher and Poshyvanyk, Denys},
  booktitle={Proceedings of the IEEE International Conference on Software Testing, Verification and Validation (ICST)}, 
  title={Automatically Discovering, Reporting and Reproducing Android Application Crashes}, 
  year={2016},
  volume={},
  number={},
  pages={33-44}}

  @INPROCEEDINGS{Moran2017,
  author={Moran, Kevin and Linares-Vasquez, Mario and Bernal-Cardenas, Carlos and Vendome, Christopher and Poshyvanyk, Denys},
  booktitle={ Proceedings of the 39th IEEE/ACM International Conference on Software Engineering Companion (ICSE-C)}, 
  title={CrashScope: A Practical Tool for Automated Testing of Android Applications}, 
  year={2017},
  pages={15-18},
}
  
@article{Huang2015,
  title={Bidirectional LSTM-CRF Models for Sequence Tagging},
  author={Zhiheng Huang and Wei Xu and Kai Yu},
  journal={ArXiv},
  year={2015},
  volume={abs/1508.01991}
}



@inproceedings{Lample2016,
author = {Lample, Guillaume and Ballesteros, Miguel and Subramanian, Sandeep and Kawakami, Kazuya and Dyer, Chris},
year = {2016},
month = {03},
pages = {260-270},
title = {Neural Architectures for Named Entity Recognition},
doi = {10.18653/v1/N16-1030}
}

@INPROCEEDINGS {Manning2014,
  author    = {Manning, Christopher D and Surdeanu, Mihai and Bauer, John and Finkel, Jenny Rose and Bethard, Steven and McClosky, David},
  title     = {The Stanford CoreNLP Natural Language Processing Toolkit},
  booktitle = {Proceedings of the 52nd Annual Meeting of the Association for Computational Linguistics},
  series={ACL'14},
  year      = {2014},
  pages     = {55--60}
}

@article{Ramshaw2002,
author = {Ramshaw, Lance and Marcus, Mitchell},
year = {2002},
month = {12},
pages = {},
title = {Text Chunking Using Transformation-Based Learning},
journal = {Third ACL Workshop on Very Large Corpora. MIT},
doi = {10.1007/978-94-017-2390-9_10}
}

@article{Mikolov2013efficient,
  title={Efficient estimation of word representations in vector space},
  author={Mikolov, Tomas and Chen, Kai and Corrado, Greg and Dean, Jeffrey},
  journal={arXiv preprint arXiv:1301.3781},
  year={2013}
}

@article{Mikolov2013distributed,
  title={Distributed representations of words and phrases and their compositionality},
  author={Mikolov, Tomas and Sutskever, Ilya and Chen, Kai and Corrado, Greg S and Dean, Jeff},
  journal={Advances in neural information processing systems},
  volume={26},
  year={2013}
}

@article{rehurek2011gensim,
  title={Gensim--python framework for vector space modelling},
  author={Rehurek, Radim and Sojka, Petr},
  journal={NLP Centre, Faculty of Informatics, Masaryk University, Brno, Czech Republic},
  volume={3},
  number={2},
  year={2011}
}

@inproceedings{reimers2019,
    title = "Sentence-BERT: Sentence Embeddings using Siamese BERT-Networks",
    author = "Reimers, Nils and Gurevych, Iryna",
    booktitle = "Proceedings of the 2019 Conference on Empirical Methods in Natural Language Processing",
    month = "11",
    year = "2019",
    publisher = "Association for Computational Linguistics",
    url = "http://arxiv.org/abs/1908.10084",
}

@article{burt22,
  title={Toward Interactive Bug Reporting for (Android App) End-Users},
  author={Anonymous Authors},
  journal={Unpublished},
  year={2022}
}

@article{softwarebugs2018report,
  title = "The Cost of Poor Quality Software in the US: A 2018 Report",
  author={Herb Krasner},
  publisher = "Consortium for IT Software Quality (CISQ)",
  url = "https://www.it-cisq.org/the-cost-of-poor-quality-software-in-the-us-a-2018-report/The-Cost-of-Poor-Quality-Software-in-the-US-2018-Report.pdf",
  year={2018}
}

@url{ourCode,
  year = {2023},
  Title = {Fault Localization Code- \url{https://github.com/jmahmud47/FaultLocalizationCode}}}

@url{activities,
  year = {2023},
  Title = {Introduction to activities - \url{https://developer.android.com/guide/components/activities/intro-activities}}}

  
@url{fragments,
  year = {2023},
  Title = {Create a fragment - \url{https://developer.android.com/guide/fragments/create}}}

  
@INPROCEEDINGS {Hooimeijer2007,
  author    = {Hooimeijer, Pieter and Weimer, Westley},
  title     = {Modeling {Bug} {Report} {Quality}},
  booktitle = {Proceedings of the 22nd International Conference on Automated Software Engineering (ASE'07)},
  year      = {2007},
  pages     = {34--43}
}

@INPROCEEDINGS {Aranda2009,
  author    = {Aranda, Jorge and Venolia, Gina},
  title     = {The {Secret} {Life} of {Bugs}: {Going} {Past} the {Errors} and {Omissions} in {Software} {Repositories}},
  booktitle = {Proceedings of the 31st {International} {Conference} on {Software} {Engineering}},
  year      = {2009},
  pages     = {298--308}
}

@INPROCEEDINGS {Guo2010,
  author    = {Guo, Philip J. and Zimmermann, Thomas and Nagappan, Nachiappan and Murphy, Brendan},
  title     = {Characterizing and predicting which bugs get fixed: an empirical study of Microsoft Windows},
  booktitle = {Proceedings of the 32nd International Conference on Software Engineering},
  year      = {2010},
  pages     = {495--504}
}

@INPROCEEDINGS {Rastkar2010,
  author    = {Rastkar, Sarah and Murphy, Gail C. and Murray, Gabriel},
  title     = {Summarizing {Software} {Artifacts}: {A} {Case} {Study} of {Bug} {Reports}},
  booktitle = {Proceedings of the 32Nd {ACM}/{IEEE} {International} {Conference} on {Software} {Engineering} - {Volume} 1},
  year      = {2010},
  pages     = {505--514}
}

@INPROCEEDINGS {Sahoo2010,
  author    = {Sahoo, Swarup Kumar and Criswell, John and Adve, Vikram},
  title     = {An empirical study of reported bugs in server software with implications for automated bug diagnosis},
  booktitle = {Proceedings of the International Conference on Software Engineering (ICSE'10)},
  year      = {2010},
  pages     = {485-494}
}

@INPROCEEDINGS {Zanetti2013,
  author    = {Zanetti, Marcelo Serrano and Scholtes, Ingo and Tessone, Claudio Juan and Schweitzer, Frank},
  title     = {Categorizing Bugs with Social Networks: A Case Study on Four Open Source Software Communities},
  booktitle = {Proceedings of the International Conference on Software Engineering (ICSE'13)},
  year      = {2013},
  pages     = {1032-1041}
}

@INPROCEEDINGS {ErfaniJoorabchi2014,
  author    = {Erfani Joorabchi, Mona and Mirzaaghaei, Mehdi and Mesbah, Ali},
  title     = {Works for {Me}! {Characterizing} {Non}-reproducible {Bug} {Reports}},
  booktitle = {Proceedings of the {Working} {Conference} on {Mining} {Software} {Repositories} (MSR'14)},
  year      = {2014},
  pages     = {62--71}
}

@INPROCEEDINGS {Moran2015,
  author    = {Moran, Kevin and Linares-V\'{a}squez, Mario and Bernal-C\'{a}rdenas, Carlos and Poshyvanyk, Denys},
  title     = {Auto-completing {Bug} {Reports} for {Android} {Applications}},
  booktitle = {Proceedings of the {Joint} {Meeting} on {Foundations} of {Software} {Engineering} (FSE'15)},
  year      = {2015},
  pages     = {673--686}
}

@INPROCEEDINGS {Chaparro2017,
  author    = {Chaparro, Oscar and Lu, Jing and Zampetti, Fiorella and Moreno, Laura and Di Penta, Massimiliano and Marcus, Andrian and Bavota, Gabriele and Ng, Vincent},
  title     = {Detecting Missing Information in Bug Descriptions},
  booktitle = {Proceedings of the 11th Joint Meeting on the Foundations of Software Engineering (ESEC/FSE'17)},
  year      = {2017},
  pages     = {396--407}
}

@inproceedings{Fazzini2018,
  title={Automatically translating bug reports into test cases for mobile apps},
  author={Fazzini, Mattia and Prammer, Martin and d'Amorim, Marcelo and Orso, Alessandro},
  booktitle={Proceedings of the 27th International Symposium on Software Testing and Analysis (ISSTA'18)},
  pages={141--152},
  year={2018},
}

@inproceedings{Rahman2018,
author = {Rahman, Mohammad Masudur and Roy, Chanchal K.},
title = {Improving IR-Based Bug Localization with Context-Aware Query Reformulation},
year = {2018},
isbn = {9781450355735},
publisher = {Association for Computing Machinery},
address = {New York, NY, USA},
booktitle = {Proceedings of the 2018 26th ACM Joint Meeting on European Software Engineering Conference and Symposium on the Foundations of Software Engineering},
pages = {621–632},
numpages = {12},
keywords = {information retrieval, bug localization, bug report quality, Debugging automation, query reformulation, graph-based term weighting},
location = {Lake Buena Vista, FL, USA},
series = {ESEC/FSE 2018}
}

@inproceedings{Chaparro2019,
author = {Chaparro, Oscar and Bernal-C\'{a}rdenas, Carlos and Lu, Jing and Moran, Kevin and Marcus, Andrian and Di Penta, Massimiliano and Poshyvanyk, Denys and Ng, Vincent},
title = {Assessing the Quality of the Steps to Reproduce in Bug Reports},
year = {2019},
booktitle = {Proceedings of the 27th ACM Joint Meeting on European Software Engineering Conference and Symposium on the Foundations of Software Engineering},
pages = {86–96},
numpages = {11},
location = {Tallinn, Estonia},
}

@INPROCEEDINGS{Zhao2019,
  author={Zhao, Yu and Yu, Tingting and Su, Ting and Liu, Yang and Zheng, Wei and Zhang, Jingzhi and G.J. Halfond, William},
  booktitle={Proceedings of the 41st IEEE/ACM International Conference on Software Engineering (ICSE)}, 
  title={ReCDroid: Automatically Reproducing Android Application Crashes from Bug Reports}, 
  year={2019},
  volume={},
  number={},
  pages={128-139},
  doi={10.1109/ICSE.2019.00030}
}

@inproceedings{Tan2020,
author = {Tan, Shin Hwei and Li, Ziqiang},
title = {Collaborative Bug Finding for Android Apps},
year = {2020},
isbn = {9781450371216},
publisher = {Association for Computing Machinery},
address = {New York, NY, USA},
booktitle = {Proceedings of the ACM/IEEE 42nd International Conference on Software Engineering},
pages = {1335–1347},
numpages = {13},
keywords = {Android apps, test generation, collaborative programming, recommendation system},
location = {Seoul, South Korea},
series = {ICSE '20}
}

@inproceedings{Liu2020Actions,
author = {Liu, Hui and Shen, Mingzhu and Jin, Jiahao and Jiang, Yanjie},
title = {Automated Classification of Actions in Bug Reports of Mobile Apps},
year = {2020},
isbn = {9781450380089},
publisher = {Association for Computing Machinery},
address = {New York, NY, USA},
booktitle = {Proceedings of the 29th ACM SIGSOFT International Symposium on Software Testing and Analysis},
pages = {128–140},
numpages = {13},
keywords = {Mobile Testing, Test Case Generation, Bug report, Classification},
location = {Virtual Event, USA},
series = {ISSTA 2020}
}

@INPROCEEDINGS{Imran2021,
  author={Imran, Mia Mohammad and Ciborowska, Agnieszka and Damevski, Kostadin},
  booktitle={2021 IEEE/ACM 18th International Conference on Mining Software Repositories (MSR)}, 
  title={Automatically Selecting Follow-up Questions for Deficient Bug Reports}, 
  year={2021},
  volume={},
  number={},
  pages={167-178},
}

@article{Anvik2011,
  author={Anvik, John and Murphy, Gail C.},
  title={Reducing the Effort of Bug Report Triage: Recommenders for Development-oriented Decisions},
  journal={Transactions on Software Engineering and Methodologies (TOSEM)},
  pages={10:1-10:35},
  year={2011},
  volume={20},
  number={3}
}

@ARTICLE{Zou2020,
  author={Zou, Weiqin and Lo, David and Chen, Zhenyu and Xia, Xin and Feng, Yang and Xu, Baowen},
  journal={IEEE Transactions on Software Engineering}, 
  title={How Practitioners Perceive Automated Bug Report Management Techniques}, 
  year={2020},
  volume={46},
  number={8},
  pages={836-862},
}

@INPROCEEDINGS {Zimmermann2009,
  author    = {Zimmermann, Thomas and Premraj, Rahul and Sillito, Jonathan and Breu, Silvia},
  title     = {Improving bug tracking systems},
  booktitle = {Proceedings of the 31st International Conference on Software Engineering (ICSE'09)},
  year      = {2009},
  pages     = {247--250}
}

@inproceedings{Moran:MobileSoft17,
  title={On-device bug reporting for android applications},
  author={Moran, Kevin and Bonett, Richard and Bernal-C{\'a}rdenas, Carlos and Otten, Brendan and Park, Daniel and Poshyvanyk, Denys},
  booktitle={Proceedings of the IEEE/ACM 4th International Conference on Mobile Software Engineering and Systems (MOBILESoft'17)},
  pages={215--216},
  year={2017},
}

@INPROCEEDINGS{Gomez2013,
  author={Gomez, Lorenzo and Neamtiu, Iulian and Azim, Tanzirul and Millstein, Todd},
  booktitle={Proceedings of the 35th International Conference on Software Engineering (ICSE'13)}, 
  title={RERAN: Timing- and touch-sensitive record and replay for Android}, 
  year={2013},
  volume={},
  number={},
  pages={72-81}}
  
 @inproceedings{Hu:OOPSLA15,
  title={Versatile yet lightweight record-and-replay for android},
  author={Hu, Yongjian and Azim, Tanzirul and Neamtiu, Iulian},
  booktitle={Proceedings of the 2015 ACM SIGPLAN International Conference on Object-Oriented Programming, Systems, Languages, and Applications (OOPSLA'15)},
  pages={349--366},
  year={2015}
}

@INPROCEEDINGS {Qin2016,
  author    = {Qin, Zhengrui and Tang, Yutao and Novak, Ed and Li, Qun},
  title     = {{MobiPlay}: {A} {Remote} {Execution} {Based} {Record}-and-replay {Tool} for {Mobile} {Applications}},
  booktitle = {Proceedings of the 38th {International} {Conference} on {Software} {Engineering} (ICSE'16)},
  year      = {2016},
  pages     = {571--582}
}

@ARTICLE{Zhang2016,
  author={Zhang, Tao and Jiang, He and Luo, Xiapu and Chan, Alvin T.S.},
  journal={The Computer Journal}, 
  title={A Literature Review of Research in Bug Resolution: Tasks, Challenges and Future Directions}, 
  year={2016},
  volume={59},
  number={5},
  pages={741-773},
  doi={10.1093/comjnl/bxv114}}
  
  @article{Fazzini:TSE22,
author = {Fazzini, Mattia and Moran, Kevin and Bernal-C\'{a}rdenas, Carlos and Wendland, Tyler and Orso, Alessandro and Poshyvanyk, Denys},
title = {Enhancing Mobile App Bug Reporting via Real-Time Understanding of Reproduction Steps},
year = {2023},
issue_date = {March 2023},
publisher = {IEEE Press},
volume = {49},
number = {3},
journal = {IEEE Transactions on Software Engineering},
month = mar,
pages = {1246–1272},
numpages = {27}
}

@INPROCEEDINGS{Bortis2013,
  author={Bortis, Gerald and van der Hoek, André},
  booktitle={2013 35th International Conference on Software Engineering (ICSE)}, 
  title={PorchLight: A tag-based approach to bug triaging}, 
  year={2013},
  volume={},
  number={},
  pages={342-351},
}

@Misc{GooglePlayAppReviews,
  title        = {Write a review on Google Play},
  howpublished = {\url{https://support.google.com/googleplay/answer/4346705}},
  year         = {2021},
}


@Misc{AppStoreAppReviews,
  title        = {App Store: Ratings, Reviews, and Responses},
  howpublished = {\url{https://developer.apple.com/app-store/ratings-and-reviews/}},
  year         = {2024},
}

@article{bhatia2022study,
  title={A Study of Bug Management Using the Stack Exchange Question and Answering Platform},
  author={Bhatia, Aaditya and Wang, Shaowei and Asaduzzaman, Muhammad and Hassan, Ahmed E},
  journal={IEEE Transactions on Software Engineering},
  year={2022},
  volume={48},
  number={2},
  pages={502-518},
}

@INPROCEEDINGS {Zimmermann2012,
  author    = {Zimmermann, Thomas and Nagappan, Nachiappan and Guo, Philip J. and Murphy, Brendan},
  title     = {Characterizing and predicting which bugs get reopened},
  booktitle = {Proceedings of the International Conference on Software Engineering (ICSE'12)},
  year      = {2012},
  pages     = {1074-1083}
}

@INPROCEEDINGS{Zhang2013,
  author={Zhang, Hongyu and Gong, Liang and Versteeg, Steve},
  booktitle={2013 35th International Conference on Software Engineering (ICSE)}, 
  title={Predicting bug-fixing time: An empirical study of commercial software projects}, 
  year={2013},
  volume={},
  number={},
  pages={1042-1051},
  doi={10.1109/ICSE.2013.6606654}
}

@ARTICLE{Zou2021,
  author={Zou, Daming and Liang, Jingjing and Xiong, Yingfei and Ernst, Michael D. and Zhang, Lu},
  journal={IEEE Transactions on Software Engineering}, 
  title={An Empirical Study of Fault Localization Families and Their Combinations}, 
  year={2021},
  volume={47},
  number={2},
  pages={332-347},
}

@ARTICLE {Rastkar2014,
  author  = {Rastkar, Sarah and Murphy, Gail C. and Murray, Gabriel},
  title   = {Automatic {Summarization} of {Bug} {Reports}},
  journal = {IEEE Transactions on Software Engineering},
  year    = {2014},
  volume  = {40},
  number  = {4},
  pages   = {366--380},
  issn    = {0098-5589}
}

@ARTICLE{Fan2020,
  author={Fan, Yuanrui and Xia, Xin and Lo, David and Hassan, Ahmed E.},
  journal={IEEE Transactions on Software Engineering}, 
  title={Chaff from the Wheat: Characterizing and Determining Valid Bug Reports}, 
  year={2020},
  volume={46},
  number={5},
  pages={495-525}
}

@article{Cooper2021,
  title={It Takes Two to Tango: Combining Visual and Textual Information for Detecting Duplicate Video-Based Bug Reports},
  author={Nathan Cooper and Carlos Bernal-C'ardenas and Oscar Chaparro and Kevin Moran and Denys Poshyvanyk},
  journal={2021 IEEE/ACM 43rd International Conference on Software Engineering (ICSE)},
  year={2021},
  pages={957-969}
}

@article{Charette2005,
  title={Why Software Fails},
  author={Robert N. Charette},
  year={2005},
  journal={IEEE Spectrum},
  pages={42-49}
}

@url{appsee,
  year = {2024},  
  Title = {AppSee \url{https://www.appsee.com}}}

  
@MISC {bugsee,
  title = {BugSee \url{https://www.bugsee.com}},
  year  = {2024}
}

@url{bugclipper,
  year = {2024},  
  Title = {BugClipper \url{http://bugclipper.com}}}

@url{bugzilla,
  year = {2024},
  Title = {BugZilla Issue Tracker - \url{https://bugzilla.mozilla.org}}}
  
@url{chatgpt,
  year = {2024},
  Title = {ChatGPT - \url{https://chat.openai.com}}}

  
@url{github-it,
  year = {2024},
  Title = {GitHub Issue Tracker - \url{https://github.com/features}}}

  
@url{jira,
  year = {2024},
  Title = {JIRA Bug Reporting System - \url{https://www.atlassian.com/software/jira}}}

  
@url{instabug,
  year = {2024},
  Title = {Instabug - \url{https://instabug.com}}}

  
@url{bugherd,
  year = {2024},
  Title = {BugHerd - \url{https://bugherd.com}}}

  
@Misc{chromeReportIssue,
  title        = {Report an issue or send feedback on Chrome},
  howpublished = {\url{https://support.google.com/chrome/answer/95315}},
  year         = {2022}
}

  

@url{espresso, 
  year = {2021},
  Title = {Espresso - \url{https://developer.android.com/training/testing/espresso/index.html}}}

  
@url {GitHub2016,
  title        = {An open letter to GitHub from the maintainers of open source projects},
  howpublished = {\url{https://github.com/dear-github/dear-github}},
  year         = {2016},
  journal      = {GitHub}
}

@INPROCEEDINGS{Liu2013,
  author={Liu, Chen and Yang, Jinqiu and Tan, Lin and Hafiz, Munawar},
  booktitle={2013 IEEE Sixth International Conference on Software Testing, Verification and Validation}, 
  title={R2Fix: Automatically Generating Bug Fixes from Bug Reports}, 
  year={2013},
  volume={},
  number={},
  pages={282-291},
  doi={10.1109/ICST.2013.24}
}

  
@article{Motwani2020,
  title={Automatically Repairing Programs Using Both Tests and Bug Reports},
  author={Manish Motwani and Yuriy Brun},
  journal={ArXiv},
  year={2020},
  volume={abs/2011.08340}
}

@inproceedings{Rao2018,
author = {Rao, Sudha and III, Hal},
year = {2018},
month = {01},
pages = {2737-2746},
title = {Learning to Ask Good Questions: Ranking Clarification Questions using Neural Expected Value of Perfect Information},
doi = {10.18653/v1/P18-1255}
}

@article{He2020,
  title={Duplicate Bug Report Detection Using Dual-Channel Convolutional Neural Networks},
  author={Jianjun He and Ling Xu and Meng Yan and Xin Xia and Yan Lei},
  journal={Proceedings of the 28th International Conference on Program Comprehension},
  year={2020}
}

@article{Liu2020BugSum,
  title={BugSum: Deep Context Understanding for Bug Report Summarization},
  author={Haoran Liu and Yue Yu and Shanshan Li and Yong Guo and Deze Wang and Xiaoguang Mao},
  journal={Proceedings of the 28th International Conference on Program Comprehension},
  year={2020}
}

@book{Eisenstein2022,
    title = {Introduction to Natural Language Processing},
    author = {Jacob Eisenstein},
    year = {2022},
    publisher = {The MIT Press}
}

@book{Jurafsky2022,
    title = {Speech and Language Processing},
    author = {Dan Jurafsky and James H. Martin},
    year = {2022},
    publisher = {Prentice Hall}
}

@url{markorBug,
  year = {2023},  
  Title = {Markor: issue 162 - \url{https://github.com/gsantner/markor/issues/162}}}

  
@url{markorApp,
  year = {2023},  
  Title = {Markor - \url{https://f-droid.org/packages/net.gsantner.markor/}}}

@url{markorBugFig1,
  year = {2023},  
  Title = {Markor - \url{https://github.com/gsantner/markor/issues/1020/}}}

  
@article{Wendland2021,
  title={Andror2: A Dataset of Manually-Reproduced Bug Reports for Android apps},
  author={Tyler Wendland and Jingyang Sun and Junayed Mahmud and Syeda Mansur and Steven Huang and Kevin Moran and Julia Rubin and Mattia Fazzini},
  journal={Proceedings of the 18th IEEE/ACM International Conference on Mining Software Repositories (MSR'21)},
  year={2021},
  pages={600-604}
}

@inproceedings{Fu2021,
  title={RepSum: Unsupervised Dialogue Summarization based on Replacement Strategy},
  author={Xiyan Fu and Yating Zhang and Tianyi Wang and Xiaozhong Liu and Changlong Sun and Zhenglu Yang},
  booktitle={ACL},
  year={2021}
}

@book{Spencer2009,
    title = {Card sorting: Designing usable categories},
    author = {Donna Spencer},
    year = {2009},
    publisher = {Rosenfeld Media}
}

@inproceedings{Devlin2019,
  title={BERT: Pre-training of Deep Bidirectional Transformers for Language Understanding},
  author={Jacob Devlin and Ming-Wei Chang and Kenton Lee and Kristina Toutanova},
  booktitle={NAACL},
  year={2019}
}

@url{Barker2005,
  year = {2005},  
  author = {Iain Barker},
  Title = {What Is Information Architecture? - \url{https://www.steptwo.com.au/papers/kmc_whatisinfoarch/}}}

  
@book{Miles2013,
    title = {Qualitative data analysis: a methods sourcebook},
    author = {Matthew B. Miles and A. Michael Huberman and Johnny Saldaña},
    year = {2013},
    publisher = {Thousand Oaks, Califorinia: SAGE Publications, Inc., [2014] ©2014}
}

@article{zhao2022recdroid+,
  title={ReCDroid+: Automated End-to-End Crash Reproduction from Bug Reports for Android Apps},
  author={Zhao, Yu and Su, Ting and Liu, Yang and Zheng, Wei and Wu, Xiaoxue and Kavuluru, Ramakanth and Halfond, William GJ and Yu, Tingting},
  journal={ACM Transactions on Software Engineering and Methodology (TOSEM)},
  volume={31},
  number={3},
  pages={1--33},
  year={2022},
  publisher={ACM New York, NY}
}

@inproceedings{Ma2016,
    title = "End-to-end Sequence Labeling via Bi-directional {LSTM}-{CNN}s-{CRF}",
    author = "Ma, Xuezhe  and
      Hovy, Eduard",
    booktitle = "Proceedings of the 54th Annual Meeting of the Association for Computational Linguistics (Volume 1: Long Papers)",
    month = aug,
    year = "2016",
    address = "Berlin, Germany",
    publisher = "Association for Computational Linguistics",
    url = "https://aclanthology.org/P16-1101",
    doi = "10.18653/v1/P16-1101",
    pages = "1064--1074",
}


@article{Fleiss1971,
  title={Measuring nominal scale agreement among many raters.},
  author={Joseph L. Fleiss},
  journal={Psychological Bulletin},
  year={1971},
  volume={76},
  pages={378-382}
}

@inproceedings{Dit2008,
  title={Improving the readability of defect reports},
  author={Bogdan Dit and Andrian Marcus},
   booktitle    = {Proceedings of the 2008 International Workshop on Recommendation Systems
 for Software Engineering (RSSE)},
 pages        = {47--49},
}

@INPROCEEDINGS{Linstead2009,
  author={Linstead, Erik and Baldi, Pierre},
  booktitle={Proceedings of the 6th IEEE International Working Conference on Mining Software Repositories}, 
  title={Mining the coherence of GNOME bug reports with statistical topic models}, 
  year={2009},
  volume={},
  number={},
  pages={99-102},
  keywords={Coherence;Linear discriminant analysis;XML;Information theory;Databases;Vocabulary;Bayesian methods;Computer science;Text mining;Software measurement},
  doi={10.1109/MSR.2009.5069486}}

@inproceedings{Zhou2018,
  title={Neural Document Summarization by Jointly Learning to Score and Select Sentences},
  author={Qingyu Zhou and Nan Yang and Furu Wei and Shaohan Huang and M. Zhou and Tiejun Zhao},
  booktitle={ACL},
  year={2018}
}

@article{LoweDavid2004,
  title={Distinctive Image Features from Scale-Invariant Keypoints},
  author={G LoweDavid},
  journal={International Journal of Computer Vision},
  year={2004}
}

@article{Chen2020,
  title={A Simple Framework for Contrastive Learning of Visual Representations},
  author={Ting Chen and Simon Kornblith and Mohammad Norouzi and Geoffrey E. Hinton},
  journal={ArXiv},
  year={2020},
  volume={abs/2002.05709}
}

@url{tesseract2022,
  year = {2022},  
  Title = {Python Tesseract - \url{https://github.com/madmaze/pytesseract}}}

  
@article{Brin1998,
title = {The Anatomy of a Large-Scale Hypertextual Web Search Engine},
author  = {Sergey Brin and Lawrence Page},
year  = {1998},
URL = {http://www-db.stanford.edu/~backrub/google.html},
journal = {Computer Networks},
pages = {107-117},
volume  = {30}
}

@INPROCEEDINGS{Haiduc2013,
  author={Haiduc, Sonia and Bavota, Gabriele and Marcus, Andrian and Oliveto, Rocco and De Lucia, Andrea and Menzies, Tim},
  booktitle={2013 35th International Conference on Software Engineering (ICSE)}, 
  title={Automatic query reformulations for text retrieval in software engineering}, 
  year={2013},
  volume={},
  number={},
  pages={842-851},
  doi={10.1109/ICSE.2013.6606630}}

@article{Moreno2015,
  title={Query-based configuration of text retrieval solutions for software engineering tasks},
  author={Laura Moreno and Gabriele Bavota and Sonia Haiduc and Massimiliano Di Penta and Rocco Oliveto and Barbara Russo and Andrian Marcus},
  journal={Proceedings of the 2015 10th Joint Meeting on Foundations of Software Engineering},
  year={2015}
}

@article{Padioleau2006,
  title={SmPL: A Domain-Specific Language for Specifying Collateral Evolutions in Linux Device Drivers},
  author={Yoann Padioleau and Julia L. Lawall and Gilles Muller},
  journal={Electron. Notes Theor. Comput. Sci.},
  year={2006},
  volume={166},
  pages={47-62}
}

@article{Koyuncu2019DCAD,
  title={D\&C: A Divide-and-Conquer Approach to IR-based Bug Localization},
  author={Anil Koyuncu and Tegawend{\'e} F. Bissyand{\'e} and Dongsun Kim and Kui Liu and Jacques Klein and Monperrus Martin and Yves Le Traon},
  journal={ArXiv},
  year={2019},
  volume={abs/1902.02703}
}

@inproceedings{Yoo2009,
  title={Regression Testing Minimisation, Selection and Prioritisation - A Survey},
  author={Shin Yoo and Mark Harman},
  year={2009}
}

@book{Sommerville10,
  author = {Sommerville, Ian},
  publisher = {Addison-Wesley},
  title = {Software Engineering},
  year = 2010
}

@book{Ammann2016,
  author = {Ammann, Paul and Offutt, Jeff},
  description = {Introduction to Software Testing by Paul Ammann},
  publisher = {Cambridge University Press},
  title = {Introduction to Software Testing},
  year = 2016
}

@article{Hring2021,
  title={Automatically Matching Bug Reports With Related App Reviews},
  author={Marlo H{\"a}ring and Christoph Stanik and W. Maalej},
  journal={2021 IEEE/ACM 43rd International Conference on Software Engineering (ICSE)},
  year={2021},
  pages={970-981}
}

@inproceedings{song2020bee,
  title={Bee: A tool for structuring and analyzing bug reports},
  author={Song, Yang and Chaparro, Oscar},
  booktitle={Proceedings of the 28th ACM Joint Meeting on European Software Engineering Conference and Symposium on the Foundations of Software Engineering},
  pages={1551--1555},
  year={2020}
}

@inproceedings{bernal2020translating,
  title={Translating video recordings of mobile app usages into replayable scenarios},
  author={Bernal-C{\'a}rdenas, Carlos and Cooper, Nathan and Moran, Kevin and Chaparro, Oscar and Marcus, Andrian and Poshyvanyk, Denys},
  booktitle={Proceedings of the ACM/IEEE 42nd international conference on software engineering},
  pages={309--321},
  year={2020}
}

@article{bernal2023translating,
  title={Translating Video Recordings of Complex Mobile App UI Gestures into Replayable Scenarios},
  author={Bernal-C{\'a}rdenas, Carlos and Cooper, Nathan and Havranek, Madeleine and Moran, Kevin and Chaparro, Oscar and Poshyvanyk, Denys and Marcus, Andrian},
  journal={IEEE Transactions on Software Engineering},
  volume={49},
  number={4},
  pages={1782--1803},
  year={2023},
  publisher={IEEE}
}

@article{Havranek2021,
  title={V2S: A Tool for Translating Video Recordings of Mobile App Usages into Replayable Scenarios},
  author={Madeleine Havranek and Carlos Bernal-C{\'a}rdenas and Nathan Cooper and Oscar Chaparro and Denys Poshyvanyk and Kevin Moran},
  journal={2021 IEEE/ACM 43rd International Conference on Software Engineering: Companion Proceedings (ICSE-Companion)},
  year={2021},
  pages={65-68}
}

@INPROCEEDINGS{Bettenburg2008,
  author={Bettenburg, Nicolas and Premraj, Rahul and Zimmermann, Thomas and Sunghun Kim, 3},
  booktitle={2008 IEEE International Conference on Software Maintenance}, 
  title={Duplicate bug reports considered harmful … really?}, 
  year={2008},
  volume={},
  number={},
  pages={337-345},
  doi={10.1109/ICSM.2008.4658082}}

  
 @inproceedings{Bettenburg2008GoodBR,
author = {Bettenburg, Nicolas and Just, Sascha and Schr\"{o}ter, Adrian and Weiss, Cathrin and Premraj, Rahul and Zimmermann, Thomas},
title = {What Makes a Good Bug Report?},
year = {2008},
booktitle = {Proceedings of the 16th ACM SIGSOFT International Symposium on Foundations of Software Engineering},
pages = {308–318},
numpages = {11},
location = {Atlanta, Georgia},
}

@ARTICLE{Zimmermann2010,
  author={Zimmermann, Thomas and Premraj, Rahul and Bettenburg, Nicolas and Just, Sascha and Schroter, Adrian and Weiss, Cathrin},
  journal={IEEE Transactions on Software Engineering}, 
  title={What Makes a Good Bug Report?}, 
  year={2010},
  volume={36},
  number={5},
  pages={618-643},
  keywords={Computer bugs;Programming;Prototypes;Software engineering;Information analysis;Software testing;Debugging;Software maintenance;Human factors;Engineering management;Testing and debugging;distribution;maintenance;and enhancement;human factors;management;measurement.},
  doi={10.1109/TSE.2010.63}}


@url{distilbert-huggingface,
  year = {2023},
  Title = {sentence-transformers/msmarco-distilbert-base-v3 - \url{https://huggingface.co/sentence-transformers/msmarco-distilbert-base-v3}}}
  
@url{huggingface,
  year = {2023},
  Title = {HuggingFace - \url{https://huggingface.co/}}}


@inproceedings{williams2018,
    title = "A Broad-Coverage Challenge Corpus for Sentence Understanding through Inference",
    author = "Williams, Adina  and
      Nangia, Nikita  and
      Bowman, Samuel",
    booktitle = "Proceedings of the 2018 Conference of the North {A}merican Chapter of the Association for Computational Linguistics: Human Language Technologies, Volume 1 (Long Papers)",
    month = jun,
    year = "2018",
    address = "New Orleans, Louisiana",
    publisher = "Association for Computational Linguistics",
    doi = "10.18653/v1/N18-1101",
    pages = "1112--1122"
 }

@article{guo2022unixcoder,
  title={UniXcoder: Unified Cross-Modal Pre-training for Code Representation},
  author={Guo, Daya and Lu, Shuai and Duan, Nan and Wang, Yanlin and Zhou, Ming and Yin, Jian},
  journal={arXiv preprint arXiv:2203.03850},
  year={2022}
}

@inproceedings{Mahmud:ICSE2024,
author = {Mahmud, Junayed and De Silva, Nadeeshan and Khan, Safwat Ali and Mostafavi, Seyed Hooman and Mansur, S M Hasan and Chaparro, Oscar and Marcus, Andrian (Andi) and Moran, Kevin},
title = {On Using GUI Interaction Data to Improve Text Retrieval-based Bug Localization},
year = {2024},
booktitle = {Proceedings of the 46th IEEE/ACM International Conference on Software Engineering},
keywords = {bug localization, GUI, natural language processing, mobile apps},
location = {Lisbon, Portugal},
}

  
@url{apacheLucene,
  year = {2024},
  Title = {Apache Lucene- \url{https://lucene.apache.org}}}

  
@inbook{Dong2019,
author = {Dong, Li and Yang, Nan and Wang, Wenhui and Wei, Furu and Liu, Xiaodong and Wang, Yu and Gao, Jianfeng and Zhou, Ming and Hon, Hsiao-Wuen},
title = {Unified Language Model Pre-Training for Natural Language Understanding and Generation},
year = {2019},
publisher = {Curran Associates Inc.},
address = {Red Hook, NY, USA},
booktitle = {Proceedings of the 33rd International Conference on Neural Information Processing Systems},
articleno = {1170},
numpages = {13}
}

@inproceedings{Vaswani2017,
author = {Vaswani, Ashish and Shazeer, Noam and Parmar, Niki and Uszkoreit, Jakob and Jones, Llion and Gomez, Aidan N. and Kaiser, undefinedukasz and Polosukhin, Illia},
title = {Attention is All You Need},
year = {2017},
isbn = {9781510860964},
publisher = {Curran Associates Inc.},
address = {Red Hook, NY, USA},
pages = {6000–6010},
numpages = {11},
location = {Long Beach, California, USA},
series = {NIPS'17}
}

@article{Husain2019,
  author    = {Hamel Husain and
               Ho{-}Hsiang Wu and
               Tiferet Gazit and
               Miltiadis Allamanis and
               Marc Brockschmidt},
  title     = {CodeSearchNet Challenge: Evaluating the State of Semantic Code Search},
  journal   = {CoRR},
  volume    = {abs/1909.09436},
  year      = {2019},
  url       = {http://arxiv.org/abs/1909.09436},
  archivePrefix = {arXiv},
  eprint    = {1909.09436},
  timestamp = {Tue, 24 Sep 2019 11:33:51 +0200},
  biburl    = {https://dblp.org/rec/journals/corr/abs-1909-09436.bib},
  bibsource = {dblp computer science bibliography, https://dblp.org}
}

@article{Raffel2020,
author = {Raffel, Colin and Shazeer, Noam and Roberts, Adam and Lee, Katherine and Narang, Sharan and Matena, Michael and Zhou, Yanqi and Li, Wei and Liu, Peter J.},
title = {Exploring the Limits of Transfer Learning with a Unified Text-to-Text Transformer},
year = {2022},
issue_date = {January 2020},
publisher = {JMLR.org},
volume = {21},
number = {1},
issn = {1532-4435},
journal = {J. Mach. Learn. Res.},
month = {jun},
articleno = {140},
numpages = {67},
keywords = {deep learning, natural language processing, multi-task learning, attention based models, transfer learning}
}

@inproceedings{gao2021,
    title = "{S}im{CSE}: Simple Contrastive Learning of Sentence Embeddings",
    author = "Gao, Tianyu  and
      Yao, Xingcheng  and
      Chen, Danqi",
    booktitle = "Proceedings of the 2021 Conference on Empirical Methods in Natural Language Processing",
    month = nov,
    year = "2021",
    address = "Online and Punta Cana, Dominican Republic",
    publisher = "Association for Computational Linguistics",
    url = "https://aclanthology.org/2021.emnlp-main.552",
    doi = "10.18653/v1/2021.emnlp-main.552",
    pages = "6894--6910",
}

@url{luceneBookExample,
  year = {2022},
  Title = {Introduction to Apache Lucene - \url{https://www.baeldung.com/lucene}}}

@url{buglocatorImpl,
  year = {2022},
  Title = {BugLocator - \url{https://code.google.com/archive/p/bugcenter/wikis/BugLocator.wiki}}}

@Url{blizzardImpl,
  title = {BLIZZARD-Replication-Package-ESEC-FSE2018 - \url{https://github.com/masud-technope/BLIZZARD-Replication-Package-ESEC-FSE2018}},
  year  = {2018},
}

@Url{luceneImpl,
  title = {Code Search IR - \url{https://github.com/ojcchar/code_search_ir}},
  year  = {2023},
}

@url{unixcoderImpl,
  year = {2023},
  Title = {UniXcoder - \url{https://github.com/microsoft/CodeBERT/tree/master/UniXcoder\#2-similarity-between-code-and-nl}}}

@article{marcus2013text,
  title={Text retrieval approaches for concept location in source code},
  author={Marcus, Andrian and Haiduc, Sonia},
  journal={Software Engineering: International Summer Schools, ISSSE 2009-2011, Salerno, Italy. Revised Tutorial Lectures},
  pages={126--158},
  year={2013},
  publisher={Springer}
}

@article{dit2013feature,
  title={Feature location in source code: a taxonomy and survey},
  author={Dit, Bogdan and Revelle, Meghan and Gethers, Malcom and Poshyvanyk, Denys},
  journal={Journal of software: Evolution and Process},
  volume={25},
  number={1},
  pages={53--95},
  year={2013},
  publisher={Wiley Online Library}
}

@inproceedings{herzig2013impact,
  title={The impact of tangled code changes},
  author={Herzig, Kim and Zeller, Andreas},
  booktitle={2013 10th Working Conference on Mining Software Repositories (MSR)},
  pages={121--130},
  year={2013},
  organization={IEEE}
}

@inproceedings{mills2018bug,
  title={Are bug reports enough for text retrieval-based bug localization?},
  author={Mills, Chris and Pantiuchina, Jevgenija and Parra, Esteban and Bavota, Gabriele and Haiduc, Sonia},
  booktitle={2018 IEEE International Conference on Software Maintenance and Evolution (ICSME)},
  pages={381--392},
  year={2018},
  organization={IEEE}
}

@article{wang2016amalgam+,
  title={Amalgam+: Composing rich information sources for accurate bug localization},
  author={Wang, Shaowei and Lo, David},
  journal={Journal of Software: Evolution and Process},
  volume={28},
  number={10},
  pages={921--942},
  year={2016},
  publisher={Wiley Online Library}
}

@article{youm2017improved,
  title={Improved bug localization based on code change histories and bug reports},
  author={Youm, Klaus Changsun and Ahn, June and Lee, Eunseok},
  journal={Information and Software Technology},
  volume={82},
  pages={177--192},
  year={2017},
  publisher={Elsevier}
}

@article{ali2012trustrace,
  title={Trustrace: Mining software repositories to improve the accuracy of requirement traceability links},
  author={Ali, Nasir and Gu{\'e}h{\'e}neuc, Yann-Ga{\"e}l and Antoniol, Giuliano},
  journal={IEEE Transactions on Software Engineering},
  volume={39},
  number={5},
  pages={725--741},
  year={2012},
  publisher={IEEE}
}

@inproceedings{takahashi2018preliminary,
  title={A preliminary study on using code smells to improve bug localization},
  author={Takahashi, Aoi and Sae-Lim, Natthawute and Hayashi, Shinpei and Saeki, Motoshi},
  booktitle={Proceedings of the 26th Conference on Program Comprehension},
  pages={324--327},
  year={2018}
}

@article{zhou2017augmenting,
  title={Augmenting bug localization with part-of-speech and invocation},
  author={Zhou, Yu and Tong, Yanxiang and Chen, Taolue and Han, Jin},
  journal={International Journal of Software Engineering and Knowledge Engineering},
  volume={27},
  number={06},
  pages={925--949},
  year={2017},
  publisher={World Scientific}
}

@inproceedings{davies2012using,
  title={Using bug report similarity to enhance bug localisation},
  author={Davies, Steven and Roper, Marc and Wood, Murray},
  booktitle={2012 19th Working Conference on Reverse Engineering},
  pages={125--134},
  year={2012},
  organization={IEEE}
}

@inproceedings{wong2014boosting,
  title={Boosting bug-report-oriented fault localization with segmentation and stack-trace analysis},
  author={Wong, Chu-Pan and Xiong, Yingfei and Zhang, Hongyu and Hao, Dan and Zhang, Lu and Mei, Hong},
  booktitle={2014 IEEE international conference on software maintenance and evolution},
  pages={181--190},
  year={2014},
  organization={IEEE}
}

@inproceedings{rath2018analyzing,
  title={Analyzing requirements and traceability information to improve bug localization},
  author={Rath, Michael and Lo, David and M{\"a}der, Patrick},
  booktitle={Proceedings of the 15th International Conference on Mining Software Repositories},
  pages={442--453},
  year={2018}
}

@article{shi2018comparing,
  title={Comparing learning to rank techniques in hybrid bug localization},
  author={Shi, Zhendong and Keung, Jacky and Bennin, Kwabena Ebo and Zhang, Xingjun},
  journal={Applied Soft Computing},
  volume={62},
  pages={636--648},
  year={2018},
  publisher={Elsevier}
}

@article{kuhn2007semantic,
  title={Semantic clustering: Identifying topics in source code},
  author={Kuhn, Adrian and Ducasse, St{\'e}phane and G{\^\i}rba, Tudor},
  journal={Information and software technology},
  volume={49},
  number={3},
  pages={230--243},
  year={2007},
  publisher={Elsevier}
}

@inproceedings{lukins2008source,
  title={Source code retrieval for bug localization using latent dirichlet allocation},
  author={Lukins, Stacy K and Kraft, Nicholas A and Etzkorn, Letha H},
  booktitle={2008 15Th working conference on reverse engineering},
  pages={155--164},
  year={2008},
  organization={IEEE}
}

@inproceedings{marcus2004information,
  title={An information retrieval approach to concept location in source code},
  author={Marcus, Andrian and Sergeyev, Andrey and Rajlich, Vaclav and Maletic, Jonathan I},
  booktitle={11th working conference on reverse engineering},
  pages={214--223},
  year={2004},
  organization={IEEE}
}

@inproceedings{davies2013bug,
  title={Bug localisation through diverse sources of information},
  author={Davies, Steven and Roper, Marc},
  booktitle={2013 IEEE International Symposium on Software Reliability Engineering Workshops (ISSREW)},
  pages={126--131},
  year={2013},
  organization={IEEE}
}

@inproceedings{nichols2010augmented,
  title={Augmented bug localization using past bug information},
  author={Nichols, Brent D},
  booktitle={Proceedings of the 48th Annual Southeast Regional Conference},
  pages={1--6},
  year={2010}
}

@inproceedings{alduailij2015performance,
  title={Performance evaluation of information retrieval models in bug localization on the method level},
  author={Alduailij, Mai and Al-Duailej, Mona},
  booktitle={2015 International Conference on Collaboration Technologies and Systems (CTS)},
  pages={305--313},
  year={2015},
  organization={IEEE}
}

@inproceedings{metzler2005markov,
  title={A markov random field model for term dependencies},
  author={Metzler, Donald and Croft, W Bruce},
  booktitle={Proceedings of the 28th annual international ACM SIGIR conference on Research and development in information retrieval},
  pages={472--479},
  year={2005}
}

@inproceedings{ciborowska2022fast,
  title={Fast changeset-based bug localization with BERT},
  author={Ciborowska, Agnieszka and Damevski, Kostadin},
  booktitle={Proceedings of the 44th International Conference on Software Engineering},
  pages={946--957},
  year={2022}
}

@inproceedings{aljedaani2022identification,
  title={On the identification of accessibility bug reports in open source systems},
  author={Aljedaani, Wajdi and Mkaouer, Mohamed Wiem and Ludi, Stephanie and Ouni, Ali and Jenhani, Ilyes},
  booktitle={Proceedings of the 19th international web for all conference},
  pages={1--11},
  year={2022}
}

@article{zhang2019commit,
  title={A commit messages-based bug localization for android applications},
  author={Zhang, Tao and Hu, Wenjun and Luo, Xiapu and Ma, Xiaobo},
  journal={International Journal of Software Engineering and Knowledge Engineering},
  volume={29},
  number={04},
  pages={457--487},
  year={2019},
  publisher={World Scientific}
}

@inproceedings{lou2021boosting,
  title={Boosting coverage-based fault localization via graph-based representation learning},
  author={Lou, Yiling and Zhu, Qihao and Dong, Jinhao and Li, Xia and Sun, Zeyu and Hao, Dan and Zhang, Lu and Zhang, Lingming},
  booktitle={Proceedings of the 29th ACM Joint Meeting on European Software Engineering Conference and Symposium on the Foundations of Software Engineering},
  pages={664--676},
  year={2021}
}

@inproceedings{liu2007feature,
  title={Feature location via information retrieval based filtering of a single scenario execution trace},
  author={Liu, Dapeng and Marcus, Andrian and Poshyvanyk, Denys and Rajlich, Vaclav},
  booktitle={Proceedings of the 22nd IEEE/ACM international conference on Automated software engineering},
  pages={234--243},
  year={2007}
}

@inproceedings{kim2019novel,
  title={A novel approach to automatic query reformulation for ir-based bug localization},
  author={Kim, Misoo and Lee, Eunseok},
  booktitle={Proceedings of the 34th ACM/SIGAPP Symposium on Applied Computing},
  pages={1752--1759},
  year={2019}
}

@article{carpineto2012survey,
  title={A survey of automatic query expansion in information retrieval},
  author={Carpineto, Claudio and Romano, Giovanni},
  journal={Acm Computing Surveys (CSUR)},
  volume={44},
  number={1},
  pages={1--50},
  year={2012},
  publisher={ACM New York, NY, USA}
}

@inproceedings{gibiec2010towards,
  title={Towards mining replacement queries for hard-to-retrieve traces},
  author={Gibiec, Marek and Czauderna, Adam and Cleland-Huang, Jane},
  booktitle={Proceedings of the IEEE/ACM international conference on Automated software engineering},
  pages={245--254},
  year={2010}
}

@article{guo2017tackling,
  title={Tackling the term-mismatch problem in automated trace retrieval},
  author={Guo, Jin and Gibiec, Marek and Cleland-Huang, Jane},
  journal={Empirical Software Engineering},
  volume={22},
  pages={1103--1142},
  year={2017},
  publisher={Springer}
}

@inproceedings{rahman2017improved,
  title={Improved query reformulation for concept location using coderank and document structures},
  author={Rahman, Mohammad Masudur and Roy, Chanchal K},
  booktitle={2017 32nd IEEE/ACM International Conference on Automated Software Engineering (ASE)},
  pages={428--439},
  year={2017},
  organization={IEEE}
}

@inproceedings{akbar2020large,
  title={A large-scale comparative evaluation of IR-based tools for bug localization},
  author={Akbar, Shayan A and Kak, Avinash C},
  booktitle={Proceedings of the 17th international conference on mining software repositories},
  pages={21--31},
  year={2020}
}

@inproceedings{gay2009use,
  title={On the use of relevance feedback in IR-based concept location},
  author={Gay, Gregory and Haiduc, Sonia and Marcus, Andrian and Menzies, Tim},
  booktitle={2009 IEEE international conference on software maintenance},
  pages={351--360},
  year={2009},
  organization={IEEE}
}

@article{poshyvanyk2007feature,
  title={Feature location using probabilistic ranking of methods based on execution scenarios and information retrieval},
  author={Poshyvanyk, Denys and Gu{\'e}h{\'e}neuc, Yann-Ga{\"e}l and Marcus, Andrian and Antoniol, Giuliano and Rajlich, Vaclav},
  journal={IEEE Transactions on Software Engineering},
  volume={33},
  number={6},
  pages={420--432},
  year={2007},
  publisher={IEEE}
}

@inproceedings{xiao2017improving,
  title={Improving bug localization with an enhanced convolutional neural network},
  author={Xiao, Yan and Keung, Jacky and Mi, Qing and Bennin, Kwabena E},
  booktitle={2017 24th Asia-Pacific Software Engineering Conference (APSEC)},
  pages={338--347},
  year={2017},
  organization={IEEE}
}

@article{wang2020multi,
  title={Multi-dimension convolutional neural network for bug localization},
  author={Wang, Bei and Xu, Ling and Yan, Meng and Liu, Chao and Liu, Ling},
  journal={IEEE Transactions on Services Computing},
  volume={15},
  number={3},
  pages={1649--1663},
  year={2020},
  publisher={IEEE}
}

@article{xiao2019improving,
  title={Improving bug localization with word embedding and enhanced convolutional neural networks},
  author={Xiao, Yan and Keung, Jacky and Bennin, Kwabena E and Mi, Qing},
  journal={Information and Software Technology},
  volume={105},
  pages={17--29},
  year={2019},
  publisher={Elsevier}
}

@inproceedings{xiao2018improving,
  title={Improving bug localization with character-level convolutional neural network and recurrent neural network},
  author={Xiao, Yan and Keung, Jacky},
  booktitle={2018 25th Asia-Pacific Software Engineering Conference (APSEC)},
  pages={703--704},
  year={2018},
  organization={IEEE}
}

@article{yang2021utilizing,
  title={Utilizing topic-based similar commit information and CNN-LSTM algorithm for bug localization},
  author={Yang, Geunseok and Lee, Byungjeong},
  journal={Symmetry},
  volume={13},
  number={3},
  pages={406},
  year={2021},
  publisher={MDPI}
}

@inproceedings{xiao2018bug,
  title={Bug localization with semantic and structural features using convolutional neural network and cascade forest},
  author={Xiao, Yan and Keung, Jacky and Mi, Qing and Bennin, Kwabena E},
  booktitle={Proceedings of the 22nd International Conference on Evaluation and Assessment in Software Engineering 2018},
  pages={101--111},
  year={2018}
}

@article{fang2021classification,
  title={On the classification of bug reports to improve bug localization},
  author={Fang, Fan and Wu, John and Li, Yanyan and Ye, Xin and Aljedaani, Wajdi and Mkaouer, Mohamed Wiem},
  journal={Soft Computing},
  volume={25},
  pages={7307--7323},
  year={2021},
  publisher={Springer}
}

@inproceedings{yang2021locating,
  title={Locating faulty methods with a mixed RNN and attention model},
  author={Yang, Shouliang and Cao, Junming and Zeng, Hushuang and Shen, Beijun and Zhong, Hao},
  booktitle={2021 IEEE/ACM 29th International Conference on Program Comprehension (ICPC)},
  year={2021},
  organization={IEEE}
}

@article{reimers2019sentence,
  title={Sentence-bert: Sentence embeddings using siamese bert-networks},
  author={Reimers, Nils and Gurevych, Iryna},
  journal={arXiv preprint arXiv:1908.10084},
  year={2019}
}

@inproceedings{ye2014learning,
  title={Learning to rank relevant files for bug reports using domain knowledge},
  author={Ye, Xin and Bunescu, Razvan and Liu, Chang},
  booktitle={Proceedings of the 22nd ACM SIGSOFT international symposium on foundations of software engineering},
  pages={689--699},
  year={2014}
}

@article{li2017transforming,
  title={Transforming programs and tests in tandem for fault localization},
  author={Li, Xia and Zhang, Lingming},
  journal={Proceedings of the ACM on Programming Languages},
  volume={1},
  number={OOPSLA},
  pages={1--30},
  year={2017},
  publisher={ACM New York, NY, USA}
}

@inproceedings{moon2014ask,
  title={Ask the mutants: Mutating faulty programs for fault localization},
  author={Moon, Seokhyeon and Kim, Yunho and Kim, Moonzoo and Yoo, Shin},
  booktitle={2014 IEEE Seventh International Conference on Software Testing, Verification and Validation},
  pages={153--162},
  year={2014},
  organization={IEEE}
}

@article{papadakis2015metallaxis,
  title={Metallaxis-FL: mutation-based fault localization},
  author={Papadakis, Mike and Le Traon, Yves},
  journal={Software Testing, Verification and Reliability},
  volume={25},
  number={5-7},
  pages={605--628},
  year={2015},
  publisher={Wiley Online Library}
}

@article{kekalainen2002using,
  title={Using graded relevance assessments in IR evaluation},
  author={Kek{\"a}l{\"a}inen, Jaana and J{\"a}rvelin, Kalervo},
  journal={Journal of the American Society for Information Science and Technology},
  volume={53},
  number={13},
  pages={1120--1129},
  year={2002},
  publisher={Wiley Online Library}
}

@article{rocchio1971relevance,
  title={Relevance feedback in information retrieval},
  author={Rocchio Jr, Joseph John},
  journal={The SMART retrieval system: experiments in automatic document processing},
  year={1971},
  publisher={Englewood Cliffs}
}

@inproceedings{bloehdorn2006boosting,
  title={Boosting for text classification with semantic features},
  author={Bloehdorn, Stephan and Hotho, Andreas},
  booktitle={Advances in Web Mining and Web Usage Analysis: 6th International Workshop on Knowledge Discovery on the Web, WebKDD 2004, Seattle, WA, USA, August 22-25, 2004, Revised Selected Papers 6},
  pages={149--166},
  year={2006},
  organization={Springer}
}

@inproceedings{zhang2017boosting,
  title={Boosting spectrum-based fault localization using pagerank},
  author={Zhang, Mengshi and Li, Xia and Zhang, Lingming and Khurshid, Sarfraz},
  booktitle={Proceedings of the 26th ACM SIGSOFT international symposium on software testing and analysis},
  pages={261--272},
  year={2017}
}

@inproceedings{janssen2009zoltar,
  title={Zoltar: a spectrum-based fault localization tool},
  author={Janssen, Tom and Abreu, Rui and Van Gemund, Arjan JC},
  booktitle={Proceedings of the 2009 ESEC/FSE workshop on Software integration and evolution@ runtime},
  pages={23--30},
  year={2009}
}

@article{liu2005sober,
  title={SOBER: statistical model-based bug localization},
  author={Liu, Chao and Yan, Xifeng and Fei, Long and Han, Jiawei and Midkiff, Samuel P},
  journal={ACM SIGSOFT Software Engineering Notes},
  volume={30},
  number={5},
  pages={286--295},
  year={2005},
  publisher={ACM New York, NY, USA}
}

@inproceedings{florez2021combining,
  title={Combining query reduction and expansion for text-retrieval-based bug localization},
  author={Florez, Juan Manuel and Chaparro, Oscar and Treude, Christoph and Marcus, Andrian},
  booktitle={2021 IEEE International Conference on Software Analysis, Evolution and Reengineering (SANER)},
  pages={166--176},
  year={2021},
  organization={IEEE}
}

@article{chaparro2019using,
  title={Using bug descriptions to reformulate queries during text-retrieval-based bug localization},
  author={Chaparro, Oscar and Florez, Juan Manuel and Marcus, Andrian},
  journal={Empirical Software Engineering},
  volume={24},
  pages={2947--3007},
  year={2019},
  publisher={Springer}
}

@inproceedings{chaparro2016reduction,
  title={On the reduction of verbose queries in text retrieval based software maintenance},
  author={Chaparro, Oscar and Marcus, Andrian},
  booktitle={Proceedings of the 38th International Conference on Software Engineering Companion},
  pages={716--718},
  year={2016}
}

@inproceedings{chaparro2019reformulating,
  title={Reformulating queries for duplicate bug report detection},
  author={Chaparro, Oscar and Florez, Juan Manuel and Singh, Unnati and Marcus, Andrian},
  booktitle={2019 IEEE 26th international conference on software analysis, evolution and reengineering (SANER)},
  pages={218--229},
  year={2019},
  organization={IEEE}
}

@inproceedings{chaparro2017using,
  title={Using observed behavior to reformulate queries during text retrieval-based bug localization},
  author={Chaparro, Oscar and Florez, Juan Manuel and Marcus, Andrian},
  booktitle={2017 IEEE International Conference on Software Maintenance and Evolution (ICSME)},
  pages={376--387},
  year={2017},
  organization={IEEE}
}

@inproceedings{poshyvanyk2009using,
  title={Using information retrieval to support software maintenance tasks},
  author={Poshyvanyk, Denys},
  booktitle={2009 IEEE International Conference on Software Maintenance},
  pages={453--456},
  year={2009},
  organization={IEEE}
}

@inproceedings{bhattacharya2013empirical,
  title={An empirical analysis of bug reports and bug fixing in open source android apps},
  author={Bhattacharya, Pamela and Ulanova, Liudmila and Neamtiu, Iulian and Koduru, Sai Charan},
  booktitle={2013 17th European Conference on Software Maintenance and Reengineering},
  pages={133--143},
  year={2013},
  organization={IEEE}
}

@INPROCEEDINGS{song2022burt,
  author={Song, Yang and Mahmud, Junayed and De Silva, Nadeeshan and Zhou, Ying and Chaparro, Oscar and Moran, Kevin and Marcus, Andrian and Poshyvanyk, Denys},
  booktitle={Proceedings of the 45th  IEEE/ACM International Conference on Software Engineering (ICSE'23)}, 
  title={BURT: A Chatbot for Interactive Bug Reporting}, 
  year={2023},
  pages={170-174},
  }

@inproceedings{song2022toward,
  title={Toward interactive bug reporting for (android app) end-users},
  author={Song, Yang and Mahmud, Junayed and Zhou, Ying and Chaparro, Oscar and Moran, Kevin and Marcus, Andrian and Poshyvanyk, Denys},
  booktitle={Proceedings of the 30th ACM Joint European Software Engineering Conference and Symposium on the Foundations of Software Engineering},
  pages={344--356},
  year={2022}
}

@article{mills2020relationship,
  title={On the relationship between bug reports and queries for text retrieval-based bug localization},
  author={Mills, Chris and Parra, Esteban and Pantiuchina, Jevgenija and Bavota, Gabriele and Haiduc, Sonia},
  journal={Empirical Software Engineering},
  volume={25},
  pages={3086--3127},
  year={2020},
  publisher={Springer}
}

@inproceedings{kim2021novel,
  title={A Novel Automatic Query Expansion with Word Embedding for IR-based Bug Localization},
  author={Kim, Misoo and Kim, Youngkyoung and Lee, Eunseok},
  booktitle={2021 IEEE 32nd International Symposium on Software Reliability Engineering (ISSRE)},
  pages={276--287},
  year={2021},
  organization={IEEE}
}

@article{rahman2021forgotten,
  title={The forgotten role of search queries in ir-based bug localization: an empirical study},
  author={Rahman, Mohammad Masudur and Khomh, Foutse and Yeasmin, Shamima and Roy, Chanchal K},
  journal={Empirical Software Engineering},
  volume={26},
  number={6},
  pages={116},
  year={2021},
  publisher={Springer}
}


@article{relationship_of_bug_reports_queries,
  author = {Mills, Chris and Parra, Esteban and Pantiuchina, Jevgenija and Bavota, Gabriele and Haiduc, Sonia},
  date = {2020/09/01},
  date-added = {2023-03-27 17:47:05 -0400},
  date-modified = {2023-03-27 17:47:05 -0400},
  doi = {10.1007/s10664-020-09823-w},
  id = {Mills2020},
  isbn = {1573-7616},
  journal = {Empirical Software Engineering},
  number = {5},
  pages = {3086--3127},
  title = {On the relationship between bug reports and queries for text retrieval-based bug localization},
  url = {https://doi.org/10.1007/s10664-020-09823-w},
  volume = {25},
  year = {2020},
  bdsk-url-1 = {https://doi.org/10.1007/s10664-020-09823-w}
  
}

@article{effectiveness_of_IR,
  author = {Li, Wei and Li, Qingan and Ming, Yunlong and Dai, Weijiao and Ying, Shi and Yuan, Mengting},
  date = {2022/01/28},
  date-added = {2023-03-27 17:50:07 -0400},
  date-modified = {2023-03-27 17:50:07 -0400},
  doi = {10.1007/s10664-021-10082-6},
  id = {Li2022},
  isbn = {1573-7616},
  journal = {Empirical Software Engineering},
  number = {2},
  pages = {47},
  title = {An empirical study of the effectiveness of IR-based bug localization for large-scale industrial projects},
  volume = {27},
  year = {2022}
}

@INPROCEEDINGS{Kim2022,
  author={Kim, Misoo and Kim, Youngkyoung and Lee, Eunseok},
  booktitle={2022 IEEE Conference on Software Testing, Verification and Validation (ICST)}, 
  title={An Empirical Study of IR-based Bug Localization for Deep Learning-based Software}, 
  year={2022},
  volume={},
  number={},
  pages={128-139}
}

@INPROCEEDINGS{Yang2021,
  author={Yang, Zhou and Shi, Jieke and Wang, Shaowei and Lo, David},
  booktitle={2021 36th IEEE/ACM International Conference on Automated Software Engineering (ASE)}, 
  title={IncBL: Incremental Bug Localization}, 
  year={2021},
  volume={},
  number={},
  pages={1223-1226}
}

@inproceedings{weiss2007long,
  title={How long will it take to fix this bug?},
  author={Weiss, Cathrin and Premraj, Rahul and Zimmermann, Thomas and Zeller, Andreas},
  booktitle={Fourth International Workshop on Mining Software Repositories (MSR'07: ICSE Workshops 2007)},
  pages={1--1},
  year={2007},
  organization={IEEE}
}

@inproceedings{murphy2013design,
  title={The design of bug fixes},
  author={Murphy-Hill, Emerson and Zimmermann, Thomas and Bird, Christian and Nagappan, Nachiappan},
  booktitle={2013 35th International Conference on Software Engineering (ICSE)},
  pages={332--341},
  year={2013},
  organization={IEEE}
}

@inproceedings{marcus2001identification,
  title={Identification of high-level concept clones in source code},
  author={Marcus, Andrian and Maletic, Jonathan I},
  booktitle={Proceedings 16th Annual International Conference on Automated Software Engineering (ASE 2001)},
  pages={107--114},
  year={2001},
  organization={IEEE}
}

@ARTICLE{bugTriaging,
  author={Xia, Xin and Lo, David and Ding, Ying and Al-Kofahi, Jafar M. and Nguyen, Tien N. and Wang, Xinyu},
  journal={IEEE Transactions on Software Engineering}, 
  title={Improving Automated Bug Triaging with Specialized Topic Model}, 
  year={2017},
  volume={43},
  number={3},
  pages={272-297},
  doi={10.1109/TSE.2016.2576454}}

@url{androidUiAutomator,
  year = {2023},
  Title = {Android UIAutomator- \url{https://developer.android.com/training/testing/other-components/ui-automator}}}



@url{faultLocalisationCode,
  year = {2023},
  Title = {UI-Bug-Localization- \url{https://anonymous.4open.science/r/UI-Bug-Localization-Study-8853}}}

@inproceedings{Feng2022,
author = {Feng, Sidong and Chen, Chunyang},
title = {GIFdroid: Automated Replay of Visual Bug Reports for Android Apps},
year = {2022},
isbn = {9781450392211},
publisher = {Association for Computing Machinery},
address = {New York, NY, USA},
url = {https://doi.org/10.1145/3510003.3510048},
doi = {10.1145/3510003.3510048},
booktitle = {Proceedings of the 44th International Conference on Software Engineering},
pages = {1045–1057},
numpages = {13},
keywords = {Android testing, visual recording, bug replay},
location = {Pittsburgh, Pennsylvania},
series = {ICSE '22}
}

@article{zhang2023automatically,
  title={Automatically Reproducing Android Bug Reports Using Natural Language Processing and Reinforcement Learning},
  author={Zhang, Zhaoxu and Winn, Robert and Zhao, Yu and Yu, Tingting and Halfond, William GJ},
  journal={arXiv preprint arXiv:2301.07775},
  year={2023}
}

@article{Karagoz2017,
author = {Karag\"{o}z, G\"{u}n and S\"{o}zer, Hasan},
title = {Reproducing failures based on semiformal failure scenario descriptions},
year = {2017},
issue_date = {March     2017},
publisher = {Kluwer Academic Publishers},
address = {USA},
volume = {25},
number = {1},
issn = {0963-9314},
url = {https://doi.org/10.1007/s11219-016-9310-1},
doi = {10.1007/s11219-016-9310-1},
journal = {Software Quality Journal},
month = mar,
pages = {111–129},
numpages = {19},
keywords = {Industrial case study, Failure reproduction, Behavior-driven development, Automated test case generation}
}

@article{binkley2010information,
  title={Information retrieval applications in software maintenance and evolution},
  author={Binkley, David and Lawrie, Dawn},
  journal={Encyclopedia of software engineering},
  pages={454--463},
  year={2010},
  publisher={Taylor \& Francis LLC}
}

@url{androidSystemTracing,
  year = {2023},
  Title = {System Tracing - \url{https://developer.android.com/topic/performance/tracing}}}

@inproceedings{hill2008amap,
  title={AMAP: automatically mining abbreviation expansions in programs to enhance software maintenance tools},
  author={Hill, Emily and Fry, Zachary P and Boyd, Haley and Sridhara, Giriprasad and Novikova, Yana and Pollock, Lori and Vijay-Shanker, K},
  booktitle={Proceedings of the 2008 international working conference on Mining software repositories},
  pages={79--88},
  year={2008}
}

@url{avt-tool,
  year = {2023},
  Title = {AVT-Tool - \url{https://www.dropbox.com/s/lkw3ikt96xhhrey/ACT-Mac-App.zip?dl=0}}}
  
@INPROCEEDINGS{Huo2014,
  author={Huo, Da and Ding, Tao and McMillan, Collin and Gethers, Malcom},
  booktitle={2014 IEEE International Conference on Software Maintenance and Evolution}, 
  title={An Empirical Study of the Effects of Expert Knowledge on Bug Reports}, 
  year={2014},
  volume={},
  number={},
  pages={1-10},
  keywords={Software maintenance;Computer bugs;Semantics;Information retrieval;Measurement;Maintenance engineering;bug reports;empirical study;expert knowledge},
  doi={10.1109/ICSME.2014.22}}
  
 @INPROCEEDINGS{Liu2019,
  author={Liu, Kui and Koyuncu, Anil and Bissyandé, Tegawendé F. and Kim, Dongsun and Klein, Jacques and Le Traon, Yves},
  booktitle={2019 12th IEEE Conference on Software Testing, Validation and Verification (ICST)}, 
  title={You Cannot Fix What You Cannot Find! An Investigation of Fault Localization Bias in Benchmarking Automated Program Repair Systems}, 
  year={2019},
  volume={},
  number={},
  pages={102-113},
  keywords={Tools;Computer bugs;Maintenance engineering;Benchmark testing;Pipelines;Reliability;Measurement;Automated Program Repair;Spectrum-based Fault Localization;Benchmarking;Empirical Assessment;Bias},
  doi={10.1109/ICST.2019.00020}}

@INPROCEEDINGS{Weimer2009,
  author={Weimer, Westley and Nguyen, ThanhVu and Le Goues, Claire and Forrest, Stephanie},
  booktitle={2009 IEEE 31st International Conference on Software Engineering}, 
  title={Automatically finding patches using genetic programming}, 
  year={2009},
  volume={},
  number={},
  pages={364-374},
  keywords={Genetic programming;Computer bugs;Testing;Biology computing;Genetic mutations;Debugging;Formal specifications;Software maintenance;Costs;Biological information theory},
  doi={10.1109/ICSE.2009.5070536}}
  
@inproceedings{Jiang2018,
author = {Jiang, Jiajun and Xiong, Yingfei and Zhang, Hongyu and Gao, Qing and Chen, Xiangqun},
title = {Shaping program repair space with existing patches and similar code},
year = {2018},
isbn = {9781450356992},
publisher = {Association for Computing Machinery},
address = {New York, NY, USA},
url = {https://doi.org/10.1145/3213846.3213871},
doi = {10.1145/3213846.3213871},
booktitle = {Proceedings of the 27th ACM SIGSOFT International Symposium on Software Testing and Analysis},
pages = {298–309},
numpages = {12},
keywords = {Automated program repair, code adaptation, code differencing},
location = {Amsterdam, Netherlands},
series = {ISSTA 2018}
}

@article{Xuan2017,
author = {Xuan, Jifeng and Martinez, Matias and DeMarco, Favio and Clement, Maxime and Marcote, Sebastian Lamelas and Durieux, Thomas and Le Berre, Daniel and Monperrus, Martin},
title = {Nopol: Automatic Repair of Conditional Statement Bugs in Java Programs},
year = {2017},
issue_date = {January 2017},
publisher = {IEEE Press},
volume = {43},
number = {1},
issn = {0098-5589},
url = {https://doi.org/10.1109/TSE.2016.2560811},
doi = {10.1109/TSE.2016.2560811},
journal = {IEEE Trans. Softw. Eng.},
month = {jan},
pages = {34–55},
numpages = {22}
}

@INPROCEEDINGS{Nguyen2013,
  author={Nguyen, Hoang Duong Thien and Qi, Dawei and Roychoudhury, Abhik and Chandra, Satish},
  booktitle={2013 35th International Conference on Software Engineering (ICSE)}, 
  title={SemFix: Program repair via semantic analysis}, 
  year={2013},
  volume={},
  number={},
  pages={772-781},
  keywords={Maintenance engineering;Computer bugs;Genetic programming;Input variables;Semantics;Syntactics;Educational institutions},
  doi={10.1109/ICSE.2013.6606623}}

@INPROCEEDINGS{Le2016,
  author={Le, Xuan Bach D. and Lo, David and Le Goues, Claire},
  booktitle={2016 IEEE 23rd International Conference on Software Analysis, Evolution, and Reengineering (SANER)}, 
  title={History Driven Program Repair}, 
  year={2016},
  volume={1},
  number={},
  pages={213-224},
  keywords={History;Maintenance engineering;Computer bugs;Java;Software;Data mining;Testing;Automated Program Repair;Mutation Testing;Graph Mining},
  doi={10.1109/SANER.2016.76}}
  
 @article{Tufano2019,
author = {Tufano, Michele and Watson, Cody and Bavota, Gabriele and Penta, Massimiliano Di and White, Martin and Poshyvanyk, Denys},
title = {An Empirical Study on Learning Bug-Fixing Patches in the Wild via Neural Machine Translation},
year = {2019},
issue_date = {October 2019},
publisher = {Association for Computing Machinery},
address = {New York, NY, USA},
volume = {28},
number = {4},
issn = {1049-331X},
url = {https://doi.org/10.1145/3340544},
doi = {10.1145/3340544},
journal = {ACM Trans. Softw. Eng. Methodol.},
month = {sep},
articleno = {19},
numpages = {29},
keywords = {Neural machine translation, bug-fixes}
}

@inproceedings{Jin2023,
author = {Jin, Matthew and Shahriar, Syed and Tufano, Michele and Shi, Xin and Lu, Shuai and Sundaresan, Neel and Svyatkovskiy, Alexey},
title = {InferFix: End-to-End Program Repair with LLMs},
year = {2023},
isbn = {9798400703270},
publisher = {Association for Computing Machinery},
address = {New York, NY, USA},
url = {https://doi.org/10.1145/3611643.3613892},
doi = {10.1145/3611643.3613892},
booktitle = {Proceedings of the 31st ACM Joint European Software Engineering Conference and Symposium on the Foundations of Software Engineering},
pages = {1646–1656},
numpages = {11},
keywords = {Program repair, finetuning, prompt augmentation, static analyses},
location = {San Francisco, CA, USA},
series = {ESEC/FSE 2023}
}

@inproceedings{Liu2021,
author = {Liu, Zhe and Chen, Chunyang and Wang, Junjie and Huang, Yuekai and Hu, Jun and Wang, Qing},
title = {Owl eyes: spotting UI display issues via visual understanding},
year = {2021},
isbn = {9781450367684},
publisher = {Association for Computing Machinery},
address = {New York, NY, USA},
url = {https://doi.org/10.1145/3324884.3416547},
doi = {10.1145/3324884.3416547},
booktitle = {Proceedings of the 35th IEEE/ACM International Conference on Automated Software Engineering},
pages = {398–409},
numpages = {12},
keywords = {mobile app, deep learning, UI testing, UI display},
location = {Virtual Event, Australia},
series = {ASE '20}
}

@inproceedings{Mehralian2021,
author = {Mehralian, Forough and Salehnamadi, Navid and Malek, Sam},
title = {Data-driven accessibility repair revisited: on the effectiveness of generating labels for icons in Android apps},
year = {2021},
isbn = {9781450385626},
publisher = {Association for Computing Machinery},
address = {New York, NY, USA},
url = {https://doi.org/10.1145/3468264.3468604},
doi = {10.1145/3468264.3468604},
booktitle = {Proceedings of the 29th ACM Joint Meeting on European Software Engineering Conference and Symposium on the Foundations of Software Engineering},
pages = {107–118},
numpages = {12},
keywords = {Screen Reader, Deep Learning, Android, Alternative Text, Accessibility},
location = {Athens, Greece},
series = {ESEC/FSE 2021}
}

@article{Huang2023,
  title={A Survey on Automated Program Repair Techniques},
  author={Kai Huang and Zhengzi Xu and Su Yang and Hongyu Sun and Xuejun Li and Zheng Yan and Yuqing Zhang},
  journal={ArXiv},
  year={2023},
  volume={abs/2303.18184},
  url={https://api.semanticscholar.org/CorpusID:257900782}
}

@INPROCEEDINGS{Mario2017,
  author={Linares-Vásquez, Mario and Bernal-Cardenas, Cárlos and Moran, Kevin and Poshyvanyk, Denys},
  booktitle={2017 IEEE International Conference on Software Maintenance and Evolution (ICSME)}, 
  title={How do Developers Test Android Applications?}, 
  year={2017},
  volume={},
  number={},
  pages={613-622},
  keywords={Testing;Tools;Mobile communication;Androids;Humanoid robots;Manuals;Programming},
  doi={10.1109/ICSME.2017.47}}

@INPROCEEDINGS{Samudio2022,
  author={Samudio, David I. and LaToza, Thomas D.},
  booktitle={2022 IEEE Symposium on Visual Languages and Human-Centric Computing (VL/HCC)}, 
  title={Barriers in Front-End Web Development}, 
  year={2022},
  volume={},
  number={},
  pages={1-11},
  keywords={Visualization;Codes;Design methodology;Debugging;Programming;Libraries;Behavioral sciences;debugging;information needs;programming barriers;program comprehension;web development},
  doi={10.1109/VL/HCC53370.2022.9833127}}
  
@article{Xia2023fixing,
  title={Keep the Conversation Going: Fixing 162 out of 337 bugs for \$0.42 each using ChatGPT},
  author={Chun Xia and Lingming Zhang},
  journal={ArXiv},
  year={2023},
  volume={abs/2304.00385},
  url={https://api.semanticscholar.org/CorpusID:257913714}
}

@inproceedings{Lee2023,
author = {Lee, Jaehyung and Han, Kisun and Yu, Hwanjo},
title = {A Light Bug Triage Framework for Applying Large Pre-trained Language Model},
year = {2023},
booktitle = {Proceedings of the 37th IEEE/ACM International Conference on Automated Software Engineering},
keywords = {BERT, Bug triage, Catastrophic forgetting, Knowledge distillation, Overthinking, Pre-trained language model},
location = {Rochester, MI, USA},
}

@ARTICLE{Messaoud2023,
  author={Messaoud, Montassar Ben and Miladi, Asma and Jenhani, Ilyes and Mkaouer, Mohamed Wiem and Ghadhab, Lobna},
  journal={IEEE Transactions on Reliability}, 
  title={Duplicate Bug Report Detection Using an Attention-Based Neural Language Model}, 
  year={2023},
  volume={72},
  number={2},
  pages={846-858},
  keywords={Computer bugs;Bit error rate;Task analysis;Feature extraction;Computational modeling;Transfer learning;Semantics;Bidirectional encoder representations from ransformers (BERT);deep learning;duplicate bug report;pretrained neural language model},
  doi={10.1109/TR.2022.3193645}}
  
@INPROCEEDINGS{Kang2023,
  author={Kang, Sungmin and Yoon, Juyeon and Yoo, Shin},
  booktitle={Proceedings of the 45th IEEE/ACM International Conference on Software Engineering (ICSE)}, 
  title={Large Language Models are Few-shot Testers: Exploring LLM-based General Bug Reproduction}, 
  year={2023},
  volume={},
  number={},
  pages={2312-2323},
  keywords={Codes;Computer bugs;Semantics;Training data;Benchmark testing;Writing;Test pattern generators;test generation;natural language processing;software engineering},
  doi={10.1109/ICSE48619.2023.00194}}
  
@inproceedings{Wang2024,
author = {Wang, Dingbang and Zhao, Yu and Feng, Sidong and Zhang, Zhaoxu and Halfond, William G. J. and Chen, Chunyang and Sun, Xiaoxia and Shi, Jiangfan and Yu, Tingting},
title = {Feedback-Driven Automated Whole Bug Report Reproduction for Android Apps},
year = {2024},
booktitle = {Proceedings of the 33rd ACM SIGSOFT International Symposium on Software Testing and Analysis},
pages = {1048–1060},
keywords = {Android, Automated Bug Reproduction, Large Language Model, Prompt Engineering},
location = {Vienna, Austria},
}

@inproceedings{Feng2024,
author = {Feng, Sidong and Chen, Chunyang},
title = {Prompting Is All You Need: Automated Android Bug Replay with Large Language Models},
year = {2024},
booktitle = {Proceedings of the 46th IEEE/ACM International Conference on Software Engineering},
keywords = {automated bug replay, large language model, prompt engineering},
location = {Lisbon, Portugal},
}

@inproceedings{Zhang2023RL,
author = {Zhang, Zhaoxu and Winn, Robert and Zhao, Yu and Yu, Tingting and Halfond, William G.J.},
title = {Automatically Reproducing Android Bug Reports using Natural Language Processing and Reinforcement Learning},
year = {2023},
isbn = {9798400702211},
publisher = {Association for Computing Machinery},
address = {New York, NY, USA},
url = {https://doi.org/10.1145/3597926.3598066},
doi = {10.1145/3597926.3598066},
booktitle = {Proceedings of the 32nd ACM SIGSOFT International Symposium on Software Testing and Analysis},
pages = {411–422},
numpages = {12},
keywords = {Reinforcement Learning, Natural Language Processing, Bug Reproduction, Android},
location = {Seattle, WA, USA},
series = {ISSTA 2023}
}

@url{andOTP638,
  year = {2024},
  Title = {andOTP Bug ID 638 - \url{https://github.com/andOTP/andOTP/issues/638}}}
  
@url{andOTPApp,
  year = {2024},
  Title = {andOTP App - \url{https://play.google.com/store/apps/details?id=org.shadowice.flocke.andotp}}}
  
@url{mileageApp,
  year = {2024},
  Title = {Mileage App - \url{https://play.google.com/store/apps/details?id=com.github.wdkapps.fillup&hl=en_US}}}
  
@url{files184,
  year = {2024},
  Title = {MaterialFiles Bug ID 184 - \url{https://github.com/zhanghai/MaterialFiles/issues/184}}}
  
@url{filesApp,
  year = {2024},
  Title = {MaterialFiles App - \url{https://play.google.com/store/apps/details?id=me.zhanghai.android.files}}}
  
@url{trainer7,
  year = {2024},
  Title = {Trainer App Bug ID 7 - \url{https://github.com/TheMHMoritz3/Trainer-App/issues/7}}}
  
@url{trainerApp,
  year = {2024},
  Title = {Trainer App - \url{https://play.google.com/store/apps/details?id=com.skimble.workouts&hl=en_US}}}
  
@url{fieldBook146,
  year = {2024},
  Title = {FieldBook Bug ID 146 - \url{https://github.com/PhenoApps/Field-Book/issues/146}}}
  
@url{fieldBookApp,
  year = {2024},
  Title = {FieldBook App - \url{https://play.google.com/store/apps/details?id=com.fieldbook.tracker}}}

@url{gnucashApp,
  year = {2024},
  Title = {GnuCash Mobile App - \url{https://play.google.com/store/apps/details?id=com.nicktylah.gnucash_mobile&hl=en_US}}}
  
@url{playstore,
  year = {2024},
  Title = {Google PlayStore - \url{https://play.google.com/store/games?hl=en_US}}}  

@url{fdroid,
  year = {2024},
  Title = {FDroid - \url{https://f-droid.org}}}   
  
@url{openai-embeddings,
  year = {2024},
  Title = {OpenAI Embeddings- \url{https://platform.openai.com/docs/guides/embeddings/what-are-embeddings}}}   
  
@url{bugID2,
  year = {2024},
  Title = {FamilyFinance Bug ID 1 - \url{https://github.com/zwieback/FamilyFinance/issues/1}}}
  
@url{bugID1568,
  year = {2024},
  Title = {lrkFM Bug ID 44 - \url{https://github.com/lfuelling/lrkFM/issues/44}}}  
  
@url{mileage64,
  year = {2024},
  Title = {Mileage Bug ID 64 - \url{https://github.com/evancharlton/android-mileage/issues/64}}} 
  
@url{mileage65,
  year = {2024},
  Title = {Mileage Bug ID 65 - \url{https://github.com/evancharlton/android-mileage/issues//65}}} 

@url{gnucash615,
  year = {2024},
  Title = {Gnucash Bug ID 615 - \url{https://github.com/codinguser/gnucash-android/issues/615}}}
  
@url{gnucash620,
  year = {2024},
  Title = {Gnucash Bug ID 620 - \url{https://github.com/codinguser/gnucash-android/issues/620}}}
    
@url{gnucash699,
  year = {2024},
  Title = {Gnucash Bug ID 699 - \url{https://github.com/codinguser/gnucash-android/issues/699}}}
  
@url{schedule154,
  year = {2024},
  Title = {Schedule Bug ID 154 - \url{https://github.com/tuxmobil/CampFahrplan/issues/154}}} 
  
@url{droidweight25,
  year = {2024},
  Title = {Droidweight Bug ID 25 - \url{https://github.com/sspieser/droidweight/issues/25}}} 
  
@url{droidweight12,
  year = {2024},
  Title = {Droidweight Bug ID 12 - \url{https://github.com/sspieser/droidweight/issues/12}}} 
  
@url{aard81,
  year = {2024},
  Title = {Aard Dictionary Bug ID 81 - \url{https://github.com/aarddict/android/issues/81}}} 
  
@url{aard104,
  year = {2024},
  Title = {Aard Dictionary Bug ID 104 - \url{https://github.com/aarddict/android/issues/104}}} 
  
@url{atimetracker1,
  year = {2024},
  Title = {ATimeTracker Bug ID 1 - \url{https://github.com/netmackan/ATimeTracker/issues/1}}} 
  
@url{bugID248,
  year = {2024},
  Title = {Collect Bug ID 2958 - \url{https://github.com/getodk/collect/issues/2958}}} 
  
  
@inproceedings{Jobstmann2005,
author = {Jobstmann, Barbara and Griesmayer, Andreas and Bloem, Roderick},
title = {Program repair as a game},
year = {2005},
isbn = {3540272313},
publisher = {Springer-Verlag},
address = {Berlin, Heidelberg},
url = {https://doi.org/10.1007/11513988_23},
doi = {10.1007/11513988_23},
booktitle = {Proceedings of the 17th International Conference on Computer Aided Verification},
pages = {226–238},
numpages = {13},
location = {Edinburgh, Scotland, UK},
series = {CAV'05}
}

@ARTICLE{LeGoues2012,
  author={Le Goues, Claire and Nguyen, ThanhVu and Forrest, Stephanie and Weimer, Westley},
  journal={IEEE Transactions on Software Engineering}, 
  title={GenProg: A Generic Method for Automatic Software Repair}, 
  year={2012},
  volume={38},
  number={1},
  pages={54-72},
  keywords={Maintenance engineering;Encoding;Computer bugs;Automatic programming;Debugging;Syntactics;Automatic programming;corrections;testing and debugging.},
  doi={10.1109/TSE.2011.104}}


@ARTICLE{LeGoues2021,
author={Le Goues, Claire and Pradel, Michael and Roychoudhury, Abhik and Chandra, Satish},
journal={ IEEE Software },
title={{ Automatic Program Repair }},
year={2021},
volume={38},
number={04},
ISSN={1937-4194},
pages={22-27},
keywords={},
doi={10.1109/MS.2021.3072577},
url = {https://doi.ieeecomputersociety.org/10.1109/MS.2021.3072577},
publisher={IEEE Computer Society},
address={Los Alamitos, CA, USA},
month=jul}


@inproceedings{Jiang2018,
author = {Jiang, Jiajun and Xiong, Yingfei and Zhang, Hongyu and Gao, Qing and Chen, Xiangqun},
title = {Shaping program repair space with existing patches and similar code},
year = {2018},
isbn = {9781450356992},
publisher = {Association for Computing Machinery},
address = {New York, NY, USA},
url = {https://doi.org/10.1145/3213846.3213871},
doi = {10.1145/3213846.3213871},
booktitle = {Proceedings of the 27th ACM SIGSOFT International Symposium on Software Testing and Analysis},
pages = {298–309},
numpages = {12},
keywords = {code differencing, code adaptation, Automated program repair},
location = {Amsterdam, Netherlands},
series = {ISSTA 2018}
}

@ARTICLE{Gazzola2019,
author={Gazzola, Luca and Micucci, Daniela and Mariani, Leonardo},
journal={ IEEE Transactions on Software Engineering },
title={{ Automatic Software Repair: A Survey }},
year={2019},
volume={45},
number={01},
ISSN={1939-3520},
pages={34-67},
keywords={Software;Maintenance engineering;Debugging;Computer bugs;Software algorithms;Fault diagnosis;Conferences},
doi={10.1109/TSE.2017.2755013},
url = {https://doi.ieeecomputersociety.org/10.1109/TSE.2017.2755013},
publisher={IEEE Computer Society},
address={Los Alamitos, CA, USA},
month=jan}

@inproceedings{Wen2018,
author = {Wen, Ming and Chen, Junjie and Wu, Rongxin and Hao, Dan and Cheung, Shing-Chi},
title = {Context-aware patch generation for better automated program repair},
year = {2018},
isbn = {9781450356381},
publisher = {Association for Computing Machinery},
address = {New York, NY, USA},
url = {https://doi.org/10.1145/3180155.3180233},
doi = {10.1145/3180155.3180233},
booktitle = {Proceedings of the 40th International Conference on Software Engineering},
pages = {1–11},
numpages = {11},
keywords = {automated program repair, context-aware, patch prioritization},
location = {Gothenburg, Sweden},
series = {ICSE '18}
}

@inproceedings{Koyuncu2019,
author = {Koyuncu, Anil and Liu, Kui and Bissyand\'{e}, Tegawend\'{e} F. and Kim, Dongsun and Monperrus, Martin and Klein, Jacques and Le Traon, Yves},
title = {iFixR: bug report driven program repair},
year = {2019},
isbn = {9781450355728},
publisher = {Association for Computing Machinery},
address = {New York, NY, USA},
url = {https://doi.org/10.1145/3338906.3338935},
doi = {10.1145/3338906.3338935},
booktitle = {Proceedings of the 2019 27th ACM Joint Meeting on European Software Engineering Conference and Symposium on the Foundations of Software Engineering},
pages = {314–325},
numpages = {12},
keywords = {Information retrieval, automatic patch generation, fault localization},
location = {Tallinn, Estonia},
series = {ESEC/FSE 2019}
}

@INPROCEEDINGS{Mechtaev2016,
  author={Mechtaev, Sergey and Yi, Jooyong and Roychoudhury, Abhik},
  booktitle={2016 IEEE/ACM 38th International Conference on Software Engineering (ICSE)}, 
  title={Angelix: Scalable Multiline Program Patch Synthesis via Symbolic Analysis}, 
  year={2016},
  volume={},
  number={},
  pages={691-701},
  keywords={Maintenance engineering;Semantics;Computer bugs;Software;Testing;Scalability;Software engineering;Automated program repair;Semantic analysis},
  doi={10.1145/2884781.2884807}}
  
@inproceedings{Le2017,
author = {Le, Xuan-Bach D. and Chu, Duc-Hiep and Lo, David and Le Goues, Claire and Visser, Willem},
title = {S3: syntax- and semantic-guided repair synthesis via programming by examples},
year = {2017},
isbn = {9781450351058},
publisher = {Association for Computing Machinery},
address = {New York, NY, USA},
url = {https://doi.org/10.1145/3106237.3106309},
doi = {10.1145/3106237.3106309},
booktitle = {Proceedings of the 2017 11th Joint Meeting on Foundations of Software Engineering},
pages = {593–604},
numpages = {12},
keywords = {Inductive Synthesis, Program Repair, Programming by Examples, Symbolic Execution},
location = {Paderborn, Germany},
series = {ESEC/FSE 2017}
}

@inproceedings{DeMarco2014,
author = {DeMarco, Favio and Xuan, Jifeng and Le Berre, Daniel and Monperrus, Martin},
title = {Automatic repair of buggy if conditions and missing preconditions with SMT},
year = {2014},
isbn = {9781450328470},
publisher = {Association for Computing Machinery},
address = {New York, NY, USA},
url = {https://doi.org/10.1145/2593735.2593740},
doi = {10.1145/2593735.2593740},
booktitle = {Proceedings of the 6th International Workshop on Constraints in Software Testing, Verification, and Analysis},
pages = {30–39},
numpages = {10},
keywords = {Automatic repair, SMT, angelic fix localization, buggy if condition, missing precondition, test suite},
location = {Hyderabad, India},
series = {CSTVA 2014}
}

@inproceedings{Hua2018,
author = {Hua, Jinru and Zhang, Mengshi and Wang, Kaiyuan and Khurshid, Sarfraz},
title = {SketchFix: a tool for automated program repair approach using lazy candidate generation},
year = {2018},
isbn = {9781450355735},
publisher = {Association for Computing Machinery},
address = {New York, NY, USA},
url = {https://doi.org/10.1145/3236024.3264600},
doi = {10.1145/3236024.3264600},
booktitle = {Proceedings of the 2018 26th ACM Joint Meeting on European Software Engineering Conference and Symposium on the Foundations of Software Engineering},
pages = {888–891},
numpages = {4},
keywords = {SketchFix, Program Synthesis, Program Sketching, Program Repair},
location = {Lake Buena Vista, FL, USA},
series = {ESEC/FSE 2018}
}

@inproceedings{Martinez2016,
author = {Martinez, Matias and Monperrus, Martin},
title = {ASTOR: a program repair library for Java (demo)},
year = {2016},
isbn = {9781450343909},
publisher = {Association for Computing Machinery},
address = {New York, NY, USA},
url = {https://doi.org/10.1145/2931037.2948705},
doi = {10.1145/2931037.2948705},
booktitle = {Proceedings of the 25th International Symposium on Software Testing and Analysis},
pages = {441–444},
numpages = {4},
keywords = {software defects, Automated software repair},
location = {Saarbr\"{u}cken, Germany},
series = {ISSTA 2016}
}

@article{Koyuncu2020,
author = {Koyuncu, Anil and Liu, Kui and Bissyand\'{e}, Tegawend\'{e} F. and Kim, Dongsun and Klein, Jacques and Monperrus, Martin and Le Traon, Yves},
title = {FixMiner: Mining relevant fix patterns for automated program repair},
year = {2020},
issue_date = {May 2020},
publisher = {Kluwer Academic Publishers},
address = {USA},
volume = {25},
number = {3},
issn = {1382-3256},
url = {https://doi.org/10.1007/s10664-019-09780-z},
doi = {10.1007/s10664-019-09780-z},
journal = {Empirical Softw. Engg.},
month = may,
pages = {1980–2024},
numpages = {45},
keywords = {Fix patterns, Patches, Program repair, Debugging, Empirical software engineering}
}

@INPROCEEDINGS {Liu2019Avatar,
author = { Liu, Kui and Koyuncu, Anil and Kim, Dongsun and Bissyande, Tegawende F. },
booktitle = { 2019 IEEE 26th International Conference on Software Analysis, Evolution and Reengineering (SANER) },
title = {{ AVATAR: Fixing Semantic Bugs with Fix Patterns of Static Analysis Violations }},
year = {2019},
volume = {},
ISSN = {1534-5351},
pages = {1-12},
keywords = {Computer bugs;Static analysis;Tools;Maintenance engineering;Avatars;Semantics;Reliability},
doi = {10.1109/SANER.2019.8667970},
url = {https://doi.ieeecomputersociety.org/10.1109/SANER.2019.8667970},
publisher = {IEEE Computer Society},
address = {Los Alamitos, CA, USA},
month =Feb}

@inproceedings{Lou2020,
author = {Lou, Yiling and Ghanbari, Ali and Li, Xia and Zhang, Lingming and Zhang, Haotian and Hao, Dan and Zhang, Lu},
title = {Can automated program repair refine fault localization? a unified debugging approach},
year = {2020},
isbn = {9781450380089},
publisher = {Association for Computing Machinery},
address = {New York, NY, USA},
url = {https://doi.org/10.1145/3395363.3397351},
doi = {10.1145/3395363.3397351},
booktitle = {Proceedings of the 29th ACM SIGSOFT International Symposium on Software Testing and Analysis},
pages = {75–87},
numpages = {13},
keywords = {Automated Program Repair, Fault Localization, Unified Debugging},
location = {Virtual Event, USA},
series = {ISSTA 2020}
}

@inproceedings{Benton2021,
author = {Benton, Samuel and Li, Xia and Lou, Yiling and Zhang, Lingming},
title = {On the effectiveness of unified debugging: an extensive study on 16 program repair systems},
year = {2021},
isbn = {9781450367684},
publisher = {Association for Computing Machinery},
address = {New York, NY, USA},
url = {https://doi.org/10.1145/3324884.3416566},
doi = {10.1145/3324884.3416566},
booktitle = {Proceedings of the 35th IEEE/ACM International Conference on Automated Software Engineering},
pages = {907–918},
numpages = {12},
keywords = {unified debugging, program repair, fault localization},
location = {Virtual Event, Australia},
series = {ASE '20}
}

@inproceedings{Liu2020ProgramRepair,
author = {Liu, Kui and Wang, Shangwen and Koyuncu, Anil and Kim, Kisub and Bissyand\'{e}, Tegawend\'{e} F. and Kim, Dongsun and Wu, Peng and Klein, Jacques and Mao, Xiaoguang and Traon, Yves Le},
title = {On the efficiency of test suite based program repair: A Systematic Assessment of 16 Automated Repair Systems for Java Programs},
year = {2020},
isbn = {9781450371216},
publisher = {Association for Computing Machinery},
address = {New York, NY, USA},
url = {https://doi.org/10.1145/3377811.3380338},
doi = {10.1145/3377811.3380338},
booktitle = {Proceedings of the ACM/IEEE 42nd International Conference on Software Engineering},
pages = {615–627},
numpages = {13},
keywords = {efficiency, empirical assessment, patch generation, program repair},
location = {Seoul, South Korea},
series = {ICSE '20}
}

@inproceedings{Sutskever2014,
author = {Sutskever, Ilya and Vinyals, Oriol and Le, Quoc V.},
title = {Sequence to sequence learning with neural networks},
year = {2014},
publisher = {MIT Press},
address = {Cambridge, MA, USA},
booktitle = {Proceedings of the 27th International Conference on Neural Information Processing Systems - Volume 2},
pages = {3104–3112},
numpages = {9},
location = {Montreal, Canada},
series = {NIPS'14}
}

@inproceedings{Xia2022AlphaRepair,
author = {Xia, Chunqiu Steven and Zhang, Lingming},
title = {Less training, more repairing please: revisiting automated program repair via zero-shot learning},
year = {2022},
isbn = {9781450394130},
publisher = {Association for Computing Machinery},
address = {New York, NY, USA},
url = {https://doi.org/10.1145/3540250.3549101},
doi = {10.1145/3540250.3549101},
booktitle = {Proceedings of the 30th ACM Joint European Software Engineering Conference and Symposium on the Foundations of Software Engineering},
pages = {959–971},
numpages = {13},
keywords = {Automated Program Repair, Deep Learning, Zero-shot Learning},
location = {Singapore, Singapore},
series = {ESEC/FSE 2022}
}

@inproceedings{Xia2023,
author = {Xia, Chunqiu Steven and Wei, Yuxiang and Zhang, Lingming},
title = {Automated Program Repair in the Era of Large Pre-Trained Language Models},
year = {2023},
isbn = {9781665457019},
publisher = {IEEE Press},
url = {https://doi.org/10.1109/ICSE48619.2023.00129},
doi = {10.1109/ICSE48619.2023.00129},
booktitle = {Proceedings of the 45th International Conference on Software Engineering},
pages = {1482–1494},
numpages = {13},
location = {Melbourne, Victoria, Australia},
series = {ICSE '23}
}

@misc{Feng2020,
      title={CodeBERT: A Pre-Trained Model for Programming and Natural Languages}, 
      author={Zhangyin Feng and Daya Guo and Duyu Tang and Nan Duan and Xiaocheng Feng and Ming Gong and Linjun Shou and Bing Qin and Ting Liu and Daxin Jiang and Ming Zhou},
      year={2020},
      eprint={2002.08155},
      archivePrefix={arXiv},
      primaryClass={cs.CL},
      url={https://arxiv.org/abs/2002.08155}, 
}

@misc{chen2021,
      title={Evaluating Large Language Models Trained on Code}, 
      author={Mark Chen et al.},
      year={2021},
      eprint={2107.03374},
      archivePrefix={arXiv},
      primaryClass={cs.LG},
      url={https://arxiv.org/abs/2107.03374}, 
}

@misc{brown2020,
      title={Language Models are Few-Shot Learners}, 
      author={Tom B. Brown et al.},
      year={2020},
      eprint={2005.14165},
      archivePrefix={arXiv},
      primaryClass={cs.CL},
      url={https://arxiv.org/abs/2005.14165}, 
}

@INPROCEEDINGS{Kochhar2015,
  author={Kochhar, Pavneet Singh and Thung, Ferdian and Nagappan, Nachiappan and Zimmermann, Thomas and Lo, David},
  booktitle={2015 IEEE 8th International Conference on Software Testing, Verification and Validation (ICST)}, 
  title={Understanding the Test Automation Culture of App Developers}, 
  year={2015},
  volume={},
  number={},
  pages={1-10},
  keywords={Testing;Androids;Humanoid robots;Automation;Face;Electronic mail},
  doi={10.1109/ICST.2015.7102609}}
  
@misc{liu2024,
      title={LLM-CompDroid: Repairing Configuration Compatibility Bugs in Android Apps with Pre-trained Large Language Models}, 
      author={Zhijie Liu and Yutian Tang and Meiyun Li and Xin Jin and Yunfei Long and Liang Feng Zhang and Xiapu Luo},
      year={2024},
      eprint={2402.15078},
      archivePrefix={arXiv},
      primaryClass={cs.SE},
      url={https://arxiv.org/abs/2402.15078}, 
}

@inproceedings{Liu2019TBar,
author = {Liu, Kui and Koyuncu, Anil and Kim, Dongsun and Bissyand\'{e}, Tegawend\'{e} F.},
title = {TBar: revisiting template-based automated program repair},
year = {2019},
isbn = {9781450362245},
publisher = {Association for Computing Machinery},
address = {New York, NY, USA},
url = {https://doi.org/10.1145/3293882.3330577},
doi = {10.1145/3293882.3330577},
booktitle = {Proceedings of the 28th ACM SIGSOFT International Symposium on Software Testing and Analysis},
pages = {31–42},
numpages = {12},
keywords = {Automated program repair, empirical assessment, fix pattern},
location = {Beijing, China},
series = {ISSTA 2019}
}

@article{Zhang2023Learning,
author = {Zhang, Quanjun and Fang, Chunrong and Ma, Yuxiang and Sun, Weisong and Chen, Zhenyu},
title = {A Survey of Learning-based Automated Program Repair},
year = {2023},
issue_date = {February 2024},
publisher = {Association for Computing Machinery},
address = {New York, NY, USA},
volume = {33},
number = {2},
issn = {1049-331X},
url = {https://doi.org/10.1145/3631974},
doi = {10.1145/3631974},
journal = {ACM Trans. Softw. Eng. Methodol.},
month = dec,
articleno = {55},
numpages = {69},
keywords = {AI and software engineering, neural machine translation, deep learning, Automatic program repair}
}

@inproceedings{Kim2013,
author = {Kim, Dongsun and Nam, Jaechang and Song, Jaewoo and Kim, Sunghun},
title = {Automatic patch generation learned from human-written patches},
year = {2013},
isbn = {9781467330763},
publisher = {IEEE Press},
booktitle = {Proceedings of the 2013 International Conference on Software Engineering},
pages = {802–811},
numpages = {10},
location = {San Francisco, CA, USA},
series = {ICSE '13}
}


@misc{Xia2022practical,
      title={Practical Program Repair in the Era of Large Pre-trained Language Models}, 
      author={Chunqiu Steven Xia and Yuxiang Wei and Lingming Zhang},
      year={2022},
      eprint={2210.14179},
      archivePrefix={arXiv},
      primaryClass={cs.SE},
      url={https://arxiv.org/abs/2210.14179}, 
}  

@inproceedings{Jiang2021,
author = {Jiang, Nan and Lutellier, Thibaud and Tan, Lin},
title = {CURE: Code-Aware Neural Machine Translation for Automatic Program Repair},
year = {2021},
isbn = {9781450390859},
publisher = {IEEE Press},
url = {https://doi.org/10.1109/ICSE43902.2021.00107},
doi = {10.1109/ICSE43902.2021.00107},
booktitle = {Proceedings of the 43rd International Conference on Software Engineering},
pages = {1161–1173},
numpages = {13},
keywords = {automatic program repair, software reliability},
location = {Madrid, Spain},
series = {ICSE '21}
}

@inproceedings{Lutellier2020,
author = {Lutellier, Thibaud and Pham, Hung Viet and Pang, Lawrence and Li, Yitong and Wei, Moshi and Tan, Lin},
title = {CoCoNuT: combining context-aware neural translation models using ensemble for program repair},
year = {2020},
isbn = {9781450380089},
publisher = {Association for Computing Machinery},
address = {New York, NY, USA},
url = {https://doi.org/10.1145/3395363.3397369},
doi = {10.1145/3395363.3397369},
booktitle = {Proceedings of the 29th ACM SIGSOFT International Symposium on Software Testing and Analysis},
pages = {101–114},
numpages = {14},
keywords = {Neural Machine Translation, Deep Learning, Automated program repair, AI and Software Engineering},
location = {Virtual Event, USA},
series = {ISSTA 2020}
}

@inproceedings{Yuan2022,
author = {Yuan, Wei and Zhang, Quanjun and He, Tieke and Fang, Chunrong and Hung, Nguyen Quoc Viet and Hao, Xiaodong and Yin, Hongzhi},
title = {CIRCLE: continual repair across programming languages},
year = {2022},
isbn = {9781450393799},
publisher = {Association for Computing Machinery},
address = {New York, NY, USA},
url = {https://doi.org/10.1145/3533767.3534219},
doi = {10.1145/3533767.3534219},
booktitle = {Proceedings of the 31st ACM SIGSOFT International Symposium on Software Testing and Analysis},
pages = {678–690},
numpages = {13},
keywords = {Neural Machine Translation, Lifelong Learning, Automatic Program Repair, AI and Software Engineering},
location = {Virtual, South Korea},
series = {ISSTA 2022}
}  

@inproceedings{Bo2024,
author = {Bo, Lili and Ji, Wangjie and Sun, Xiaobing and Zhang, Ting and Wu, Xiaoxue and Wei, Ying},
title = {ChatBR: Automated assessment and improvement of bug report quality using ChatGPT},
year = {2024},
booktitle = {Proceedings of the 39th IEEE/ACM International Conference on Automated Software Engineering},
pages = {1472–1483},
numpages = {12},
location = {Sacramento, CA, USA},
}

@INPROCEEDINGS{Zhang2017Fixer,
  author={Zhang, Tao and Chen, Jiachi and Jiang, He and Luo, Xiapu and Xia, Xin},
  booktitle={2017 IEEE/ACM 25th International Conference on Program Comprehension (ICPC)}, 
  title={Bug Report Enrichment with Application of Automated Fixer Recommendation}, 
  year={2017},
  volume={},
  number={},
  pages={230-240},
  keywords={Computer bugs;Delays;Computer science;Algorithm design and analysis;Natural languages;Software maintenance;Bug Reports;Fixer Recommendation;Software Maintenance},
  doi={10.1109/ICPC.2017.28}}
  
  @article{PaLM,
author = {Chowdhery, Aakanksha et al.},
title = {PaLM: scaling language modeling with pathways},
year = {2024},
issue_date = {January 2023},
publisher = {JMLR.org},
volume = {24},
number = {1},
issn = {1532-4435},
journal = {J. Mach. Learn. Res.},
month = mar,
articleno = {240},
numpages = {113},
keywords = {large language models, few-shot learning, natural language processing, scalable deep learning}
}

@inproceedings{Zhuang2021Robustly,
    title = "A Robustly Optimized {BERT} Pre-training Approach with Post-training",
    author = "Zhuang, Liu  and
      Wayne, Lin  and
      Ya, Shi  and
      Jun, Zhao",
    editor = "Li, Sheng  and
      Sun, Maosong  and
      Liu, Yang  and
      Wu, Hua  and
      Liu, Kang  and
      Che, Wanxiang  and
      He, Shizhu  and
      Rao, Gaoqi",
    booktitle = "Proceedings of the 20th Chinese National Conference on Computational Linguistics",
    month = aug,
    year = "2021",
    address = "Huhhot, China",
    publisher = "Chinese Information Processing Society of China",
    url = "https://aclanthology.org/2021.ccl-1.108",
    pages = "1218--1227",
    language = "English",
}

@misc{liu2019roberta,
      title={RoBERTa: A Robustly Optimized BERT Pretraining Approach}, 
      author={Yinhan Liu and Myle Ott and Naman Goyal and Jingfei Du and Mandar Joshi and Danqi Chen and Omer Levy and Mike Lewis and Luke Zettlemoyer and Veselin Stoyanov},
      year={2019},
      eprint={1907.11692},
      archivePrefix={arXiv},
      primaryClass={cs.CL},
      url={https://arxiv.org/abs/1907.11692}, 
}

@misc{Touvron2023,
      title={LLaMA: Open and Efficient Foundation Language Models}, 
      author={Hugo Touvron and Thibaut Lavril and Gautier Izacard and Xavier Martinet and Marie-Anne Lachaux and Timothée Lacroix and Baptiste Rozière and Naman Goyal and Eric Hambro and Faisal Azhar and Aurelien Rodriguez and Armand Joulin and Edouard Grave and Guillaume Lample},
      year={2023},
      eprint={2302.13971},
      archivePrefix={arXiv},
      primaryClass={cs.CL},
      url={https://arxiv.org/abs/2302.13971}, 
}

@article{Du2024,
author = {Du, Xiaoting and Liu, Zhihao and Li, Chenglong and Ma, Xiangyue and Li, Yingzhuo and Wang, Xinyu},
title = {LLM-BRC: A large language model-based bug report classification framework},
year = {2024},
issue_date = {Sep 2024},
publisher = {Kluwer Academic Publishers},
address = {USA},
volume = {32},
number = {3},
issn = {0963-9314},
url = {https://doi.org/10.1007/s11219-024-09675-3},
doi = {10.1007/s11219-024-09675-3},
journal = {Software Quality Journal},
month = may,
pages = {985–1005},
numpages = {21},
keywords = {Bug report classification, Deep learning framework, Large-language model}
}

@misc{hossain2024,
      title={A Deep Dive into Large Language Models for Automated Bug Localization and Repair}, 
      author={Soneya Binta Hossain and Nan Jiang and Qiang Zhou and Xiaopeng Li and Wen-Hao Chiang and Yingjun Lyu and Hoan Nguyen and Omer Tripp},
      year={2024},
      eprint={2404.11595},
      archivePrefix={arXiv},
      primaryClass={cs.SE},
      url={https://arxiv.org/abs/2404.11595}, 
}

@misc{prompt-engineering,
	title        = {Prompt Engineering},
	year         = 2024,
	howpublished = {\url{https://platform.openai.com/docs/guides/prompt-engineering}}
}

@url{hexApp,
  year = {2024},
  Title = {Hex App - \url{https://play.google.com/store/apps/details?id=com.hexforhn.hex}}}
  
@url{trickyTripperApp,
  year = {2024},
  Title = {Tricky Tripper App - \url{https://f-droid.org/packages/de.koelle.christian.trickytripper/}}}
  
@url{vinyl139,
  year = {2024},
  Title = {Vinyl Bug ID 139 - \url{https://github.com/AdrienPoupa/VinylMusicPlayer/issues/139}}}
  
@url{anglerslog43,
  year = {2024},
  Title = {AnglersLog Bug ID 43 - \url{https://github.com/cohenadair/anglers-log/issues/43}}}
  
@url{hex4,
  year = {2024},
  Title = {Hex Bug ID 4 - \url{https://github.com/longdivision/hex/issues/4}}}

@misc{vaillant2024,
      title={Developers' Perceptions on the Impact of ChatGPT in Software Development: A Survey}, 
      author={Thiago S. Vaillant and Felipe Deveza de Almeida and Paulo Anselmo M. S. Neto and Cuiyun Gao and Jan Bosch and Eduardo Santana de Almeida},
      year={2024},
      eprint={2405.12195},
      archivePrefix={arXiv},
      primaryClass={cs.SE},
      url={https://arxiv.org/abs/2405.12195}, 
}

@misc{lin2024codegen,
      title={SOEN-101: Code Generation by Emulating Software Process Models Using Large Language Model Agents}, 
      author={Feng Lin and Dong Jae Kim and Tse-Husn and Chen},
      year={2024},
      eprint={2403.15852},
      archivePrefix={arXiv},
      primaryClass={cs.SE},
      url={https://arxiv.org/abs/2403.15852}, 
}

@inproceedings{xia2024fuzzing,
author = {Xia, Chunqiu Steven and Paltenghi, Matteo and Le Tian, Jia and Pradel, Michael and Zhang, Lingming},
title = {Fuzz4All: Universal Fuzzing with Large Language Models},
year = {2024},
isbn = {9798400702174},
publisher = {Association for Computing Machinery},
address = {New York, NY, USA},
url = {https://doi.org/10.1145/3597503.3639121},
doi = {10.1145/3597503.3639121},
booktitle = {Proceedings of the IEEE/ACM 46th International Conference on Software Engineering},
articleno = {126},
numpages = {13},
location = {Lisbon, Portugal},
series = {ICSE '24}
}

@misc{imani2024commitmessage,
      title={Context Conquers Parameters: Outperforming Proprietary LLM in Commit Message Generation}, 
      author={Aaron Imani and Iftekhar Ahmed and Mohammad Moshirpour},
      year={2024},
      eprint={2408.02502},
      archivePrefix={arXiv},
      primaryClass={cs.SE},
      url={https://arxiv.org/abs/2408.02502}, 
}

@misc{zhou2024repair,
      title={Multi-LLM Collaboration + Data-Centric Innovation = 2x Better Vulnerability Repair}, 
      author={Xin Zhou and Kisub Kim and Bowen Xu and DongGyun Han and David Lo},
      year={2024},
      eprint={2401.15459},
      archivePrefix={arXiv},
      primaryClass={cs.SE},
      url={https://arxiv.org/abs/2401.15459}, 
}

@inproceedings{Ahmed2024codesum,
author = {Ahmed, Toufique and Pai, Kunal Suresh and Devanbu, Premkumar and Barr, Earl},
title = {Automatic Semantic Augmentation of Language Model Prompts (for Code Summarization)},
year = {2024},
isbn = {9798400702174},
publisher = {Association for Computing Machinery},
address = {New York, NY, USA},
url = {https://doi.org/10.1145/3597503.3639183},
doi = {10.1145/3597503.3639183},
booktitle = {Proceedings of the IEEE/ACM 46th International Conference on Software Engineering},
articleno = {220},
numpages = {13},
keywords = {LLM, code summarization, program analysis, prompt engineering},
location = {Lisbon, Portugal},
series = {ICSE '24}
}

@inproceedings{Yeasmin2015,
author = {Yeasmin, Shamima and Roy, Chanchal K. and Schneider, Kevin A.},
title = {How should we read and analyze bug reports: an interactive visualization using extractive summaries and topic evolution},
year = {2015},
publisher = {IBM Corp.},
address = {USA},
booktitle = {Proceedings of the 25th Annual International Conference on Computer Science and Software Engineering},
pages = {171–180},
numpages = {10},
keywords = {visualization, topic evolution, summary, bug report},
location = {Markham, Canada},
series = {CASCON '15}
}

@Comment{jabref-meta: databaseType:bibtex;}

%%%%%%%%%%%%%%%%%%%%%%%%%%%%%%
% Antu will add ref here
%%%%%%%%%%%%%%%%%%%%%%%%%%%%%%

@article{hou2023large,
	title={Large language models for software engineering: A systematic literature review},
	author={Hou, Xinyi and Zhao, Yanjie and Liu, Yue and Yang, Zhou and Wang, Kailong and Li, Li and Luo, Xiapu and Lo, David and Grundy, John and Wang, Haoyu},
	journal={ACM Transactions on Software Engineering and Methodology},
	year={2024}
}

@inproceedings{saha2024toward,
  title={Toward the Automated Localization of Buggy Mobile App UIs from Bug Descriptions},
  author={Saha, Antu and Song, Yang and Mahmud, Junayed and Zhou, Ying and Moran, Kevin and Chaparro, Oscar},
  booktitle={Proceedings of the 33rd ACM SIGSOFT International Symposium on Software Testing and Analysis},
  pages={1249--1261},
  year={2024}
}


@inproceedings{du2022semcluster,
	title={SemCluster: a semi-supervised clustering tool for crowdsourced test reports with deep image understanding},
	author={Du, Mingzhe and Yu, Shengcheng and Fang, Chunrong and Li, Tongyu and Zhang, Heyuan and Chen, Zhenyu},
	booktitle={Proceedings of the 30th ACM Joint European Software Engineering Conference and Symposium on the Foundations of Software Engineering},
	pages={1756--1759},
	year={2022}
}

@inproceedings{chaparro2016vocabulary,
	title={On the vocabulary agreement in software issue descriptions},
	author={Chaparro, Oscar and Florez, Juan Manuel and Marcus, Andrian},
	booktitle={Proceedings of the IEEE International Conference on Software Maintenance and Evolution},
	pages={448--452},
	year={2016},
	organization={IEEE}
}

@article{Cohen,
	title={A coefficient of agreement for nominal scales},
	author={Cohen, Jacob},
	journal={Educational and Psychological Measurement},
	volume={20},
	number={1},
	pages={37--46},
	year={1960},
	publisher={Sage Publications Sage CA: Thousand Oaks, CA}
}

@misc{wifianalyzerbug,
	title        = {WiFi Analyzer's issue \#191},
	year         = 2023,
	howpublished = {\url{https://github.com/VREMSoftwareDevelopment/WiFiAnalyzer/issues/191}}
}

@misc{K-9,
	title        = {K-9},
	year         = 2021,
	howpublished = {\url{https://play.google.com/store/apps/details?id=com.fsck.k9&hl=en_US&gl=US}}
}

@article{wei2022chain,
  title={Chain-of-thought prompting elicits reasoning in large language models},
  author={Wei, Jason and Wang, Xuezhi and Schuurmans, Dale and Bosma, Maarten and Xia, Fei and Chi, Ed and Le, Quoc V and Zhou, Denny and others},
  journal={Advances in neural information processing systems},
  volume={35},
  pages={24824--24837},
  year={2022}
}

@url{aardapp,
  year = {2024},
  Title = {Aard Dictionary App - \url{https://play.google.com/store/apps/details?id=itkach.aard2&hl=en_US}}}

@article{o2015introduction,
  title={An introduction to convolutional neural networks},
  author={O'Shea, K},
  journal={arXiv preprint arXiv:1511.08458},
  year={2015}
}

@inproceedings{zhou2016attention,
  title={Attention-based bidirectional long short-term memory networks for relation classification},
  author={Zhou, Peng and Shi, Wei and Tian, Jun and Qi, Zhenyu and Li, Bingchen and Hao, Hongwei and Xu, Bo},
  booktitle={Proceedings of the 54th Annual Meeting of the Association for Computational Linguistics (volume 2: Short papers)},
  pages={207--212},
  year={2016}
}

@inproceedings{manning2014stanford,
  title={The Stanford CoreNLP natural language processing toolkit},
  author={Manning, Christopher D and Surdeanu, Mihai and Bauer, John and Finkel, Jenny Rose and Bethard, Steven and McClosky, David},
  booktitle={Proceedings of 52nd Annual Mmeeting of the Association for Computational Linguistics: system demonstrations},
  pages={55--60},
  year={2014}
}

@inproceedings{Cooper:ICSE21,
	title        = {It Takes Two to Tango: Combining Visual and Textual Information for Detecting Duplicate Video-Based Bug Reports},
	author       = {Cooper, Nathan and Bernal-C{\'a}rdenas, Carlos and Chaparro, Oscar and Moran, Kevin and Poshyvanyk, Denys},
	year         = 2021,
	booktitle    = {ICSE'21}
}

@inproceedings{song_toward_2022,
	title        = {Toward interactive bug reporting for ({Android} app) end-users},
	author       = {Song, Yang and Mahmud, Junayed and Zhou, Ying and Chaparro, Oscar and Moran, Kevin and Marcus, Andrian and Poshyvanyk, Denys},
	year         = 2022,
	booktitle    = {FSE'22}
}

@article{mahmud2023using,
	title={On Using GUI Interaction Data to Improve Text Retrieval-based Bug Localization},
	author={Mahmud, Junayed and De Silva, Nadeeshan and Khan, Safwat Ali and Mostafavi, Seyed Hooman and Mansur, SM and Chaparro, Oscar and Marcus, Andrian and Moran, Kevin},
	journal={ICSE'24},
	year={2024}
}

@inproceedings{first2023baldur,
  title={Baldur: Whole-proof generation and repair with large language models},
  author={First, Emily and Rabe, Markus N and Ringer, Talia and Brun, Yuriy},
  booktitle={Proceedings of the 31st ACM Joint European Software Engineering Conference and Symposium on the Foundations of Software Engineering},
  pages={1229--1241},
  year={2023}
}

@inproceedings{geng2024large,
  title={Large language models are few-shot summarizers: Multi-intent comment generation via in-context learning},
  author={Geng, Mingyang and Wang, Shangwen and Dong, Dezun and Wang, Haotian and Li, Ge and Jin, Zhi and Mao, Xiaoguang and Liao, Xiangke},
  booktitle={Proceedings of the 46th IEEE/ACM International Conference on Software Engineering},
  pages={1--13},
  year={2024}
}

@inproceedings{ahmed2024automatic,
  title={Automatic semantic augmentation of language model prompts (for code summarization)},
  author={Ahmed, Toufique and Pai, Kunal Suresh and Devanbu, Premkumar and Barr, Earl},
  booktitle={Proceedings of the IEEE/ACM 46th International Conference on Software Engineering},
  pages={1--13},
  year={2024}
}

@article{huang2023chain,
  title={A chain of ai-based solutions for resolving fqns and fixing syntax errors in partial code},
  author={Huang, Qing and Zhu, Jiahui and Xing, Zhenchang and Jin, Huan and Wang, Changjing and Xu, Xiwei},
  journal={arXiv preprint arXiv:2306.11981},
  year={2023}
}

@article{huang2023ai,
  title={AI chain on large language model for unsupervised control flow graph generation for statically-typed partial code},
  author={Huang, Qing and Zou, Zhou and Xing, Zhenchang and Zuo, Zhenkang and Xu, Xiwei and Lu, Qinghua},
  journal={arXiv preprint arXiv:2306.00757},
  year={2023}
}

@url{anglerslog1441,
  year = {2024},
  Title = {Anglers' Log Bug ID 1441 - \url{https://github.com/cohenadair/anglers-log/issues/151}}}

@misc{package,
	title        = {Online Replication Package},
	year         = 2025,
	howpublished = {\url{https://github.com/sea-lab-wm/AstroBR-Bug-Reproduction-Steps-Assessment}}
}

@misc{doi,
	title        = {DOI},
	year         = 2025,
	howpublished = {\url{https://doi.org/10.5281/zenodo.14822745}}
}

@article{Adnan:msr25,
title={SPRINT: An Assistant for Issue Report Management},
author={Adnan, Ahmed and Saha, Antu and Chaparro, Oscar},
journal={Proceedings of the 22nd IEEE/ACM International Conference on Mining Software Repositories (MSR'25)},
  year={2025}
}

@inproceedings{Saha:icse25,
  title={Decoding the Issue Resolution Process in Practice via Issue Report Analysis: A Case Study of Firefox},
  author={Saha, Antu and Chaparro, Oscar},
  booktitle={Proceedings of the IEEE/ACM 47th International Conference on Software Engineering (ICSE'25)},
  year={2025}
}

@article{zou2018practitioners,
	title={How practitioners perceive automated bug report management techniques},
	author={Zou, Weiqin and Lo, David and Chen, Zhenyu and Xia, Xin and Feng, Yang and Xu, Baowen},
	journal={IEEE Transactions on Software Engineering},
	volume={46},
	number={8},
	pages={836--862},
	year={2018},
	publisher={IEEE}
}

@inproceedings{yan2024semantic,
  title={Semantic GUI Scene Learning and Video Alignment for Detecting Duplicate Video-based Bug Reports},
  author={Yan, Yanfu and Cooper, Nathan and Chaparro, Oscar and Moran, Kevin and Poshyvanyk, Denys},
  booktitle={Proceedings of the IEEE/ACM 46th International Conference on Software Engineering},
  pages={1--13},
  year={2024}
}

@inproceedings{cooper2021takes,
  title={It takes two to tango: Combining visual and textual information for detecting duplicate video-based bug reports},
  author={Cooper, Nathan and Bernal-C{\'a}rdenas, Carlos and Chaparro, Oscar and Moran, Kevin and Poshyvanyk, Denys},
  booktitle={2021 IEEE/ACM 43rd International Conference on Software Engineering (ICSE)},
  pages={957--969},
  year={2021},
  organization={IEEE}
}

@article{umer2019cnn,
  title={CNN-based automatic prioritization of bug reports},
  author={Umer, Qasim and Liu, Hui and Illahi, Inam},
  journal={IEEE Transactions on Reliability},
  volume={69},
  number={4},
  pages={1341--1354},
  year={2019},
  publisher={IEEE}
}

@article{tian2015automated,
  title={Automated prediction of bug report priority using multi-factor analysis},
  author={Tian, Yuan and Lo, David and Xia, Xin and Sun, Chengnian},
  journal={Empirical Software Engineering},
  volume={20},
  pages={1354--1383},
  year={2015},
  publisher={Springer}
}

@inproceedings{huang2022bug,
  title={Bug report priority prediction using developer-oriented socio-technical features},
  author={Huang, Zijie and Shao, Zhiqing and Fan, Guisheng and Yu, Huiqun and Yang, Kang and Zhou, Ziyi},
  booktitle={Proceedings of the 13th Asia-Pacific symposium on internetware},
  pages={202--211},
  year={2022}
}

@inproceedings{somasundaram2012automatic,
  title={Automatic categorization of bug reports using latent dirichlet allocation},
  author={Somasundaram, Kalyanasundaram and Murphy, Gail C},
  booktitle={Proceedings of the 5th India software engineering conference},
  pages={125--130},
  year={2012}
}

@article{catolino2019not,
  title={Not all bugs are the same: Understanding, characterizing, and classifying bug types},
  author={Catolino, Gemma and Palomba, Fabio and Zaidman, Andy and Ferrucci, Filomena},
  journal={Journal of Systems and Software},
  volume={152},
  pages={165--181},
  year={2019},
  publisher={Elsevier}
}

@inproceedings{Zhou2012a,
	title        = {Learning to rank duplicate bug reports},
	author       = {Zhou, Jian and Zhang, Hongyu},
	year         = 2012,
	booktitle    = {CIKM'12},
	pages        = {852--861}
}

@inproceedings{he2020duplicate,
  title={Duplicate bug report detection using dual-channel convolutional neural networks},
  author={He, Jianjun and Xu, Ling and Yan, Meng and Xia, Xin and Lei, Yan},
  booktitle={Proceedings of the 28th International Conference on Program Comprehension},
  pages={117--127},
  year={2020}
}

