@article{anastasiades2008collaborative,
  title={Collaborative learning activities at a distance via interactive videoconferencing in elementary schools: Parents’ attitudes},
  author={Anastasiades, Panagiotes S and Vitalaki, Elena and Gertzakis, Nikos},
  journal={Computers \& Education},
  volume={50},
  number={4},
  pages={1527--1539},
  year={2008},
  publisher={Elsevier}
}

@inproceedings{angelia2015design,
  title={Design and evaluation of educational kinesthetic game to encourage collaboration for kindergarten children},
  author={Angelia, Stefanie and Ohta, Naohisa and Sugiura, Kazunori},
  booktitle={Proceedings of the 12th International Conference on Advances in Computer Entertainment Technology},
  pages={1--5},
  year={2015}
}

@inproceedings{aragon2009tale,
  title={A tale of two online communities: Fostering collaboration and creativity in scientists and children},
  author={Aragon, Cecilia R and Poon, Sarah S and Monroy-Hern{\'a}ndez, Andr{\'e}s and Aragon, Diana},
  booktitle={Proceedings of the seventh ACM conference on Creativity and cognition},
  pages={9--18},
  year={2009}
}

@article{barron2009parents,
  title={Parents as learning partners in the development of technological fluency},
  author={Barron, Brigid and Martin, Caitlin Kennedy and Takeuchi, Lori and Fithian, Rachel},
  journal={International Journal of Learning and Media},
  volume={1},
  number={2},
  pages={55--77},
  year={2009}
}

@article{bitter2016effects,
  title={The effects of an online collaborative elementary math program using team-based games to improve student math achievement, attitude and motivation.},
  author={Bitter, Gary Glen and Puglisi, John and Gorges, Annie and Uppal, Harpreet Kaur},
  journal={International Journal for Innovation Education and Research},
  volume={4},
  number={7},
  pages={113--138},
  year={2016}
}

@misc{bonwellactive,
  title={Active Learning: Creating Excitement in the Classroom. AEHE-ERIC Higher Education Report No. 1, Washington, DC: 1991},
  year = {1991},
  author={Bonwell, C and Eison, J},
  publisher={Jossey-Bass}
}

@article{bouta2013enhancing,
  title={Enhancing primary school children collaborative learning experiences in maths via a 3D virtual environment},
  author={Bouta, Hara and Retalis, Symeon},
  journal={Education and Information Technologies},
  volume={18},
  number={4},
  pages={571--596},
  year={2013},
  publisher={Springer}
}

@article{cano2021early,
  title={Early childhood and lockdown: The challenge of building a virtual mutual support network between children, families and school for sustainable education and increasing their well-being},
  author={Cano-Hila, Ana Bel{\'e}n and Argem{\'\i}-Baldich, Rafel},
  journal={Sustainability},
  volume={13},
  number={7},
  pages={3654},
  year={2021},
  publisher={MDPI}
}

@inproceedings{cheng2022interest,
  title={How Interest-Driven Content Creation Shapes Opportunities for Informal Learning in Scratch: A Case Study on Novices’ Use of Data Structures},
  author={Cheng, Ruijia and Dasgupta, Sayamindu and Hill, Benjamin Mako},
  booktitle={Proceedings of the 2022 CHI Conference on Human Factors in Computing Systems},
  pages={1--16},
  year={2022}
}

@inproceedings{cumbo2021exploring,
  title={Exploring the Opportunities for Online Learning Platforms to Support the Emergency Home School Context},
  author={Cumbo, Bronwyn J and Bartindale, Tom and Richardson, Dan},
  booktitle={Proceedings of the 2021 CHI Conference on Human Factors in Computing Systems},
  pages={1--11},
  year={2021}
}

@inproceedings{dasgupta2016remixing,
  title={Remixing as a pathway to computational thinking},
  author={Dasgupta, Sayamindu and Hale, William and Monroy-Hern{\'a}ndez, Andr{\'e}s and Hill, Benjamin Mako},
  booktitle={Proceedings of the 19th ACM Conference on Computer-Supported Cooperative Work \& Social Computing},
  pages={1438--1449},
  year={2016}
}

@article{dong2020young,
  title={Young children’s online learning during COVID-19 pandemic: Chinese parents’ beliefs and attitudes},
  author={Dong, Chuanmei and Cao, Simin and Li, Hui},
  journal={Children and youth services review},
  volume={118},
  pages={105440},
  year={2020},
  publisher={Elsevier}
}

@inproceedings{druga2022family,
  title={Family as a Third Space for AI Literacies: How do children and parents learn about AI together?},
  author={Druga, Stefania and Christoph, Fee Lia and Ko, Amy J},
  booktitle={Proceedings of the 2022 CHI Conference on Human Factors in Computing Systems},
  pages={1--17},
  year={2022}
}

@inproceedings{galdo2022pair,
  title={Pair Programming in a Pandemic: Understanding Middle School Students' Remote Collaboration Experiences},
  author={Galdo, Aisha Chung and Celepkolu, Mehmet and Lytle, Nicholas and Boyer, Kristy Elizabeth},
  booktitle={Proceedings of the 53rd ACM Technical Symposium on Computer Science Education V. 1},
  pages={335--341},
  year={2022}
}

@article{gelir2021children,
  title={Children’s changing behaviours and routines, challenges and opportunities for parents during the COVID-19 pandemic},
  author={Gelir, Iskender and Duzen, Nurullah},
  journal={Education 3-13},
  pages={1--11},
  year={2021},
  publisher={Taylor \& Francis}
}

%Inbook{Knuth97,
%  author =       "Donald E. Knuth",
%  title =        "The Art of Computer Programming",
%  booktitle =    "the booktitle",
%  edition =      "3",
%  volume =       "1",
%  year =         "1997",
%  publisher =    "Addison Wesley Longman Publishing Co., Inc.",
%  editor =       "",
%  number =       "",
%  series =       "Fundamental Algorithms",
%  type =         "",
%  chapter =      "",
%  pages =        "",
%  address =      "",
%  month =        "",
%  note =         "(inbook)",
%}

%INBOOK{DK:73-inbook-full,
%   author = "Donald E. Knuth",
%   title = "Fundamental Algorithms (inbook w series)",
%   volume = 1,
%   series = "The Art of Computer Programming",
%   publisher = "Addison-Wesley",
%   address = "Reading, Massachusetts",
%   edition = "Second",
%   month = "10~" # jan,
%   year = "1973",
%   type = "Section",
%   chapter = "1.2",
%   pages = "10--119",
%   note = "Full INBOOK entry (w series)",
%}

%INcollection{DK:74-incoll,
%   author = "Donald E. Knuth",
%   title = "Fundamental Algorithms (incoll)",
%   volume = 1,
%   booktitle = "The Art of Computer Programming",
%   publisher = "Addison-Wesley",
%   address = "Reading, Massachusetts",
%   month = "10~" # jan,
%   year = "1974",
%   pages = "10--119",
%   editor = "Bernard Rous",
%   note = "This is a full incoll entry with an editor",
%}

%INcollection{DK:75-incollws,
%   author = "Donald E. Knuth",
%   title = "Fundamental Algorithms (incoll w series)",
%   volume = 1,
%   booktitle = "The Art of Computer Programming",
%   series = "The Art of Computer Programming",
%   publisher = "Addison-Wesley",
%   address = "Reading, Massachusetts",
%   month = "10~" # jan,
%   year = "1975",
%   pages = "10--119",
%   editor = "Bernard Rous",
%   note = "This is a full incoll entry with an editor and series",
%}

@article{gui2021teacher,
  title={Teacher-Guardian Collaboration for Emergency Remote Learning in the COVID-19 Crisis},
  author={Gui, Xinning and Li, Yao and Wu, Yanlai},
  journal={Proceedings of the ACM on Human-Computer Interaction},
  volume={5},
  number={CSCW2},
  pages={1--26},
  year={2021},
  publisher={ACM New York, NY, USA}
}

@article{hammond2005scaffolding,
  title={What is scaffolding},
  author={Hammond, Jennifer and Gibbons, Pauline},
  journal={Teachers’ voices},
  volume={8},
  pages={8--16},
  year={2005}
}

@article{han2022factors,
  title={Factors Influencing Parents’ Intention on Primary School Students’ Choices of Online Learning during and after the COVID-19 Pandemic in China},
  author={Han, Cunqi and Liu, Liqun and Chen, Siyu},
  journal={Sustainability},
  volume={14},
  number={14},
  pages={8269},
  year={2022},
  publisher={Multidisciplinary Digital Publishing Institute}
}

@article{hanson2003reflections,
  title={Reflections on a discipline-wide project: Developing active learning modules on the human dimensions of global change},
  author={Hanson, Susan and Moser, Susanne},
  journal={Journal of Geography in Higher Education},
  volume={27},
  number={1},
  pages={17--38},
  year={2003},
  publisher={Taylor \& Francis}
}

@inproceedings{hourcade2002kidpad,
  title={KidPad: collaborative storytelling for children},
  author={Hourcade, Juan Pablo and Bederson, Benjamin B and Druin, Allison and Tax{\'e}n, Gustav},
  booktitle={CHI'02 extended abstracts on Human factors in computing systems},
  pages={500--501},
  year={2002}
}

@article{hourcade2008interaction,
  title={Interaction design and children},
  author={Hourcade, Juan Pablo and others},
  journal={Foundations and Trends{\textregistered} in Human--Computer Interaction},
  volume={1},
  number={4},
  pages={277--392},
  year={2008},
  publisher={Now Publishers, Inc.}
}

@article{huang2013gamification,
  title={Gamification of education},
  author={Huang, Wendy Hsin-Yuan and Soman, Dilip},
  journal={Report Series: Behavioural Economics in Action},
  volume={29},
  pages={11--12},
  year={2013},
  publisher={Rotman School of Management, University of Toronto Toronto, Canada}
}

@article{koivisto2019rise,
  title={The rise of motivational information systems: A review of gamification research},
  author={Koivisto, Jonna and Hamari, Juho},
  journal={International Journal of Information Management},
  volume={45},
  pages={191--210},
  year={2019},
  publisher={Elsevier}
}

@article{kucirkova2015child,
  title={Child--father creative text-making at home with crayons, iPad collage \& PC},
  author={Kucirkova, Natalia and Sakr, Mona},
  journal={Thinking Skills and Creativity},
  volume={17},
  pages={59--73},
  year={2015},
  publisher={Elsevier}
}

@misc{lamb2017key,
  title={Key skills for the 21st century: An evidence-based review},
  author={Lamb, Stephen and Maire, Quentin and Doecke, Esther},
  year={2017},
  publisher={NSW Department of Education}
}

@article{liaqat2020leveraging,
  title={Leveraging peer support for mature immigrants learning to write in informal contexts},
  author={Liaqat, Amna and Munteanu, Cosmin},
  journal={Proceedings of the ACM on Human-Computer Interaction},
  volume={4},
  number={CSCW2},
  pages={1--24},
  year={2020},
  publisher={ACM New York, NY, USA}
}

@article{ludvigsen2010computer,
  title={Computer-supported collaborative learning: Basic concepts, multiple perspectives, and emerging trends},
  author={Ludvigsen, Sten and M{\o}rch, Anders},
  journal={The international encyclopedia of education},
  volume={5},
  pages={290--296},
  year={2010},
  publisher={Citeseer}
}

@misc{luna2015futures,
  title={The Futures of Learning 3: What kind of pedagogies for the 21st century?},
  author={Luna Scott, Cynthia},
  year={2015},
  publisher={UNESCO}
}

@article{mendez2018guilford,
  title={Guilford parent Academy: A collaborative effort to engage parents in children's education},
  author={Mendez, Julia L and Swick, Danielle C},
  journal={Education and Treatment of Children},
  volume={41},
  number={2},
  pages={249--268},
  year={2018},
  publisher={West Virginia University Press}
}

@incollection{mills2021covid,
  title={COVID-19 Virtual Dilemma: Parents' Perspectives on Math Learning at Home},
  author={Mills, Julie J Williams and Quast, Julie A and Fields, Melanie},
  booktitle={Educational Recovery for PK-12 Education During and After a Pandemic},
  pages={25--45},
  year={2021},
  publisher={IGI Global}
}

@inproceedings{odenwald2020tabletop,
 title={Tabletop teleporter: evaluating the immersiveness of remote board gaming},
 author={Odenwald, Jasmin and Bertel, Sven and Echtler, Florian},
 booktitle={Proceedings of the 9TH ACM International Symposium on Pervasive Displays},
 pages={79--86},
 year={2020}
}

@article{ogg2020process,
  title={Process and context: Longitudinal effects of the interactions between parental involvement, parental warmth, and SES on academic achievement},
  author={Ogg, Julia and Anthony, Christopher J},
  journal={Journal of school psychology},
  volume={78},
  pages={96--114},
  year={2020},
  publisher={Elsevier}
}

@inproceedings{orwin2015using,
  title={Using gamification to create opportunities for engagement, collaboration and communication in a peer-to-peer environment for making and using Remote Access Labs},
  author={Orwin, Lindy and Kist, Alexander A and Maxwell, Andrew D and Maiti, Ananda},
  booktitle={2015 3rd Experiment International Conference (exp. at'15)},
  pages={230--236},
  year={2015},
  organization={IEEE}
}

@article{sailer2017gamification,
  title={How gamification motivates: An experimental study of the effects of specific game design elements on psychological need satisfaction},
  author={Sailer, Michael and Hense, Jan Ulrich and Mayr, Sarah Katharina and Mandl, Heinz},
  journal={Computers in human behavior},
  volume={69},
  pages={371--380},
  year={2017},
  publisher={Elsevier}
}

@article{scheyvens2008experimenting,
  title={Experimenting with active learning in geography: Dispelling the myths that perpetuate resistance},
  author={Scheyvens, Regina and Griffin, Amy L and Jocoy, Christine L and Liu, Yan and Bradford, Michael},
  journal={Journal of Geography in Higher Education},
  volume={32},
  number={1},
  pages={51--69},
  year={2008},
  publisher={Taylor \& Francis}
}

@inproceedings{sharma2019exploring,
  title={Exploring globally inclusive online collaboration for Indian and Finnish schoolchildren},
  author={Sharma, Sumita and Kallioniemi, Pekka and Hakulinen, Jaakko and Keskinen, Tuuli and Turunen, Markku},
  booktitle={Proceedings of the 18th ACM International Conference on Interaction Design and Children},
  pages={153--160},
  year={2019}
}

@inproceedings{shatz2015using,
  title={Using gamification and gaming in order to promote risk taking in the language learning process},
  author={Shatz, Itamar},
  booktitle={Proceedings of the 13th Annual MEITAL National Conference. Haifa, Israel: Technion},
  pages={227--32},
  year={2015}
}

@book{shettleworth2009cognition,
  title={Cognition, evolution, and behavior},
  author={Shettleworth, Sara J},
  year={2009},
  publisher={Oxford university press}
}

@article{stacey1999collaborative,
  title={Collaborative learning in an online environment},
  author={Stacey, Elizabeth},
  journal={Journal of Distance Education},
  volume={14},
  number={2},
  pages={14--33},
  year={1999},
  publisher={CANADIAN ASSOCIATION FOR DISTANCE EDUCATION}
}

@article{tsuei2011development,
  title={Development of a peer-assisted learning strategy in computer-supported collaborative learning environments for elementary school students},
  author={Tsuei, Mengping},
  journal={British Journal of Educational Technology},
  volume={42},
  number={2},
  pages={214--232},
  year={2011},
  publisher={Wiley Online Library}
}

@article{yadav2019leap,
  title={LEAP: Scaffolding collaborative learning of community health workers in India},
  author={Yadav, Deepika and Bhandari, Anushka and Singh, Pushpendra},
  journal={Proceedings of the ACM on Human-Computer Interaction},
  volume={3},
  number={CSCW},
  pages={1--27},
  year={2019},
  publisher={ACM New York, NY, USA}
}

@inproceedings{yarosh2013almost,
  title={" almost touching" parent-child remote communication using the sharetable system},
  author={Yarosh, Svetlana and Tang, Anthony and Mokashi, Sanika and Abowd, Gregory D},
  booktitle={Proceedings of the 2013 conference on Computer supported cooperative work},
  pages={181--192},
  year={2013}
}

@inproceedings{yu2020considering,
  title={Considering parents in coding kit design: Understanding parents' perspectives and roles},
  author={Yu, Junnan and Bai, Chenke and Roque, Ricarose},
  booktitle={Proceedings of the 2020 CHI Conference on Human Factors in Computing Systems},
  pages={1--14},
  year={2020}
}

@article{yu2021parental,
  title={Parental Facilitation of Young Children's Technology-based Learning Experiences from Nondominant Groups During the COVID-19 Pandemic},
  author={Yu, Junnan and Granados, Julisa and Hayden, Ronni and Roque, Ricarose},
  journal={Proceedings of the ACM on Human-Computer Interaction},
  volume={5},
  number={CSCW2},
  pages={1--27},
  year={2021},
  publisher={ACM New York, NY, USA}
}

@inproceedings{yuan2021tabletop,
  title={Tabletop games in the age of remote collaboration: Design opportunities for a socially connected game experience},
  author={Yuan, Ye and Cao, Jan and Wang, Ruotong and Yarosh, Svetlana},
  booktitle={Proceedings of the 2021 CHI Conference on Human Factors in Computing Systems},
  pages={1--14},
  year={2021}
}

