@inproceedings{banerjee2005meteor,
  title={METEOR: An automatic metric for MT evaluation with improved correlation with human judgments},
  author={Banerjee, Satanjeev and Lavie, Alon},
  booktitle={Proceedings of the acl workshop on intrinsic and extrinsic evaluation measures for machine translation and/or summarization},
  pages={65--72},
  year={2005}
}

@inproceedings{bangalore2000evaluation,
  title={Evaluation metrics for generation},
  author={Bangalore, Srinivas and Rambow, Owen and Whittaker, Steve},
  booktitle={INLG’2000 Proceedings of the First International Conference on Natural Language Generation},
  pages={1--8},
  year={2000}
}

@article{bavaresco2024llms,
  title={Llms instead of human judges? a large scale empirical study across 20 nlp evaluation tasks},
  author={Bavaresco, Anna and Bernardi, Raffaella and Bertolazzi, Leonardo and Elliott, Desmond and Fern{\'a}ndez, Raquel and Gatt, Albert and Ghaleb, Esam and Giulianelli, Mario and Hanna, Michael and Koller, Alexander and others},
  journal={arXiv preprint arXiv:2406.18403},
  year={2024}
}

@inproceedings{belz2006comparing,
  title={Comparing automatic and human evaluation of NLG systems},
  author={Belz, Anja and Reiter, Ehud},
  booktitle={11th conference of the european chapter of the association for computational linguistics},
  pages={313--320},
  year={2006}
}

@misc{bowman2021fixbenchmarkingnaturallanguage,
      title={What Will it Take to Fix Benchmarking in Natural Language Understanding?}, 
      author={Samuel R. Bowman and George E. Dahl},
      year={2021},
      eprint={2104.02145},
      archivePrefix={arXiv},
      primaryClass={cs.CL},
      url={https://arxiv.org/abs/2104.02145}, 
}

@article{celikyilmaz2020evaluation,
  title={Evaluation of text generation: A survey},
  author={Celikyilmaz, Asli and Clark, Elizabeth and Gao, Jianfeng},
  journal={arXiv preprint arXiv:2006.14799},
  year={2020}
}

@misc{chan2023chatevalbetterllmbasedevaluators,
      title={ChatEval: Towards Better LLM-based Evaluators through Multi-Agent Debate}, 
      author={Chi-Min Chan and Weize Chen and Yusheng Su and Jianxuan Yu and Wei Xue and Shanghang Zhang and Jie Fu and Zhiyuan Liu},
      year={2023},
      eprint={2308.07201},
      archivePrefix={arXiv},
      primaryClass={cs.CL},
      url={https://arxiv.org/abs/2308.07201}, 
}

@misc{chiang2023largelanguagemodelsalternative,
      title={Can Large Language Models Be an Alternative to Human Evaluations?}, 
      author={Cheng-Han Chiang and Hung-yi Lee},
      year={2023},
      eprint={2305.01937},
      archivePrefix={arXiv},
      primaryClass={cs.CL},
      url={https://arxiv.org/abs/2305.01937}, 
}

@article{clark2021all,
  title={All that's' human'is not gold: Evaluating human evaluation of generated text},
  author={Clark, Elizabeth and August, Tal and Serrano, Sofia and Haduong, Nikita and Gururangan, Suchin and Smith, Noah A},
  journal={arXiv preprint arXiv:2107.00061},
  year={2021}
}

@inproceedings{clinciu2021study,
  title={A Study of Automatic Metrics for the Evaluation of Natural Language Explanations},
  author={Clinciu, Miruna and Eshghi, Arash and Hastie, Helen},
  booktitle={Proceedings of the 16th Conference of the European Chapter of the Association for Computational Linguistics: Main Volume},
  pages={2376--2387},
  year={2021}
}

@inproceedings{doddington2002nist,
  title={Automatic evaluation of machine translation quality using n-gram co-occurrence statistics},
  author={Doddington, George},
  booktitle={Proceedings of the second international conference on Human Language Technology Research},
  pages={138--145},
  year={2002}
}

@article{dorner2024limits,
  title={Limits to scalable evaluation at the frontier: LLM as Judge won't beat twice the data},
  author={Dorner, Florian E and Nastl, Vivian Y and Hardt, Moritz},
  journal={arXiv preprint arXiv:2410.13341},
  year={2024}
}

@misc{finch2023dontforgetabcsevaluating,
      title={Don't Forget Your ABC's: Evaluating the State-of-the-Art in Chat-Oriented Dialogue Systems}, 
      author={Sarah E. Finch and James D. Finch and Jinho D. Choi},
      year={2023},
      eprint={2212.09180},
      archivePrefix={arXiv},
      primaryClass={cs.CL},
      url={https://arxiv.org/abs/2212.09180}, 
}

@inproceedings{fu2024gptscore,
  title={GPTScore: Evaluate as You Desire},
  author={Fu, Jinlan and Ng, See Kiong and Jiang, Zhengbao and Liu, Pengfei},
  booktitle={Proceedings of the 2024 Conference of the North American Chapter of the Association for Computational Linguistics: Human Language Technologies (Volume 1: Long Papers)},
  pages={6556--6576},
  year={2024}
}

@article{gatt2018survey,
  title={Survey of the state of the art in natural language generation: Core tasks, applications and evaluation},
  author={Gatt, Albert and Krahmer, Emiel},
  journal={Journal of Artificial Intelligence Research},
  volume={61},
  pages={65--170},
  year={2018}
}

@article{gehrmann2023repairing,
  title={Repairing the cracked foundation: A survey of obstacles in evaluation practices for generated text},
  author={Gehrmann, Sebastian and Clark, Elizabeth and Sellam, Thibault},
  journal={Journal of Artificial Intelligence Research},
  volume={77},
  pages={103--166},
  year={2023}
}

@inproceedings{howcroft2020twenty,
  title={Twenty years of confusion in human evaluation: NLG needs evaluation sheets and standardised definitions},
  author={Howcroft, David M and Belz, Anya and Clinciu, Miruna and Gkatzia, Dimitra and Hasan, Sadid A and Mahamood, Saad and Mille, Simon and Van Miltenburg, Emiel and Santhanam, Sashank and Rieser, Verena},
  booktitle={13th International Conference on Natural Language Generation 2020},
  pages={169--182},
  year={2020},
  organization={Association for Computational Linguistics}
}

@misc{karpinska2021perilsusingmechanicalturk,
      title={The Perils of Using Mechanical Turk to Evaluate Open-Ended Text Generation}, 
      author={Marzena Karpinska and Nader Akoury and Mohit Iyyer},
      year={2021},
      eprint={2109.06835},
      archivePrefix={arXiv},
      primaryClass={cs.CL},
      url={https://arxiv.org/abs/2109.06835}, 
}

@inproceedings{kusner2015word,
  title={From word embeddings to document distances},
  author={Kusner, Matt and Sun, Yu and Kolkin, Nicholas and Weinberger, Kilian},
  booktitle={International conference on machine learning},
  pages={957--966},
  year={2015},
  organization={PMLR}
}

@inproceedings{lin2004rouge,
  title={Rouge: A package for automatic evaluation of summaries},
  author={Lin, Chin-Yew},
  booktitle={Text summarization branches out},
  pages={74--81},
  year={2004}
}

@article{liu2016hownot,
  title={How not to evaluate your dialogue system: An empirical study of unsupervised evaluation metrics for dialogue response generation},
  author={Liu, Chia-Wei and Lowe, Ryan and Serban, Iulian V and Noseworthy, Michael and Charlin, Laurent and Pineau, Joelle},
  journal={arXiv preprint arXiv:1603.08023},
  year={2016}
}

@inproceedings{novikova2017we,
  title={Why We Need New Evaluation Metrics for NLG},
  author={Novikova, Jekaterina and Du{\v{s}}ek, Ond{\v{r}}ej and Curry, Amanda Cercas and Rieser, Verena},
  booktitle={Proceedings of the 2017 Conference on Empirical Methods in Natural Language Processing},
  pages={2241--2252},
  year={2017}
}

@inproceedings{novikova2018rankme,
  title={RankME: Reliable Human Ratings for Natural Language Generation},
  author={Novikova, Jekaterina and Du{\v{s}}ek, Ond{\v{r}}ej and Rieser, Verena},
  booktitle={Proceedings of the 2018 Conference of the North American Chapter of the Association for Computational Linguistics: Human Language Technologies, Volume 2 (Short Papers)},
  pages={72--78},
  year={2018}
}

@inproceedings{papineni2002bleu,
  title={Bleu: a method for automatic evaluation of machine translation},
  author={Papineni, Kishore and Roukos, Salim and Ward, Todd and Zhu, Wei-Jing},
  booktitle={Proceedings of the 40th annual meeting of the Association for Computational Linguistics},
  pages={311--318},
  year={2002}
}

@article{reiter2018structured,
  title={A structured review of the validity of BLEU},
  author={Reiter, Ehud},
  journal={Computational Linguistics},
  volume={44},
  number={3},
  pages={393--401},
  year={2018},
  publisher={MIT Press One Rogers Street, Cambridge, MA 02142-1209, USA journals-info~…}
}

@misc{roller2020opendomainconversationalagentscurrent,
      title={Open-Domain Conversational Agents: Current Progress, Open Problems, and Future Directions}, 
      author={Stephen Roller and Y-Lan Boureau and Jason Weston and Antoine Bordes and Emily Dinan and Angela Fan and David Gunning and Da Ju and Margaret Li and Spencer Poff and Pratik Ringshia and Kurt Shuster and Eric Michael Smith and Arthur Szlam and Jack Urbanek and Mary Williamson},
      year={2020},
      eprint={2006.12442},
      archivePrefix={arXiv},
      primaryClass={cs.CL},
      url={https://arxiv.org/abs/2006.12442}, 
}

@inproceedings{schuff2021does,
  title={Does External Knowledge Help Explainable Natural Language Inference? Automatic Evaluation vs. Human Ratings},
  author={Schuff, Hendrik and Yang, Hsiu-Yu and Adel, Heike and Vu, Ngoc Thang},
  booktitle={Proceedings of the Fourth Blackbox NLP Workshop on Analyzing and Interpreting Neural Networks for NLP},
  pages={26--41},
  year={2021}
}

@article{sellam2020bleurt,
  title={BLEURT: Learning robust metrics for text generation},
  author={Sellam, Thibault and Das, Dipanjan and Parikh, Ankur P},
  journal={arXiv preprint arXiv:2004.04696},
  year={2020}
}

@misc{smith2022humanevaluationconversationsopen,
      title={Human Evaluation of Conversations is an Open Problem: comparing the sensitivity of various methods for evaluating dialogue agents}, 
      author={Eric Michael Smith and Orion Hsu and Rebecca Qian and Stephen Roller and Y-Lan Boureau and Jason Weston},
      year={2022},
      eprint={2201.04723},
      archivePrefix={arXiv},
      primaryClass={cs.CL},
      url={https://arxiv.org/abs/2201.04723}, 
}

@misc{szymanski2024limitationsllmasajudgeapproachevaluating,
      title={Limitations of the LLM-as-a-Judge Approach for Evaluating LLM Outputs in Expert Knowledge Tasks}, 
      author={Annalisa Szymanski and Noah Ziems and Heather A. Eicher-Miller and Toby Jia-Jun Li and Meng Jiang and Ronald A. Metoyer},
      year={2024},
      eprint={2410.20266},
      archivePrefix={arXiv},
      primaryClass={cs.HC},
      url={https://arxiv.org/abs/2410.20266}, 
}

@article{thakur2024judging,
  title={Judging the Judges: Evaluating Alignment and Vulnerabilities in LLMs-as-Judges},
  author={Thakur, Aman Singh and Choudhary, Kartik and Ramayapally, Venkat Srinik and Vaidyanathan, Sankaran and Hupkes, Dieuwke},
  journal={arXiv preprint arXiv:2406.12624},
  year={2024}
}

@inproceedings{van2019best,
  title={Best practices for the human evaluation of automatically generated text},
  author={Van Der Lee, Chris and Gatt, Albert and Van Miltenburg, Emiel and Wubben, Sander and Krahmer, Emiel},
  booktitle={Proceedings of the 12th International Conference on Natural Language Generation},
  pages={355--368},
  year={2019}
}

@article{van2021human,
  title={Human evaluation of automatically generated text: Current trends and best practice guidelines},
  author={van der Lee, Chris and Gatt, Albert and van Miltenburg, Emiel and Krahmer, Emiel},
  journal={Computer Speech \& Language},
  volume={67},
  pages={101151},
  year={2021},
  publisher={Elsevier}
}

@article{wang2023chatgpt,
  title={Is chatgpt a good nlg evaluator? a preliminary study},
  author={Wang, Jiaan and Liang, Yunlong and Meng, Fandong and Sun, Zengkui and Shi, Haoxiang and Li, Zhixu and Xu, Jinan and Qu, Jianfeng and Zhou, Jie},
  journal={arXiv preprint arXiv:2303.04048},
  year={2023}
}

@article{zhang2019bertscore,
  title={Bertscore: Evaluating text generation with bert},
  author={Zhang, Tianyi and Kishore, Varsha and Wu, Felix and Weinberger, Kilian Q and Artzi, Yoav},
  journal={arXiv preprint arXiv:1904.09675},
  year={2019}
}

@article{zheng2024judging,
  title={Judging llm-as-a-judge with mt-bench and chatbot arena},
  author={Zheng, Lianmin and Chiang, Wei-Lin and Sheng, Ying and Zhuang, Siyuan and Wu, Zhanghao and Zhuang, Yonghao and Lin, Zi and Li, Zhuohan and Li, Dacheng and Xing, Eric and others},
  journal={Advances in Neural Information Processing Systems},
  volume={36},
  year={2024}
}

