@inproceedings{Ernst2014Defects4J,
  author = {Just, Ren\'{e} and Jalali, Darioush and Ernst, Michael D.},
  title = {{Defects4J: A} Database of Existing Faults to Enable Controlled Testing Studies for {Java} Programs},
  booktitle = "ISSTA",
  year = {2014}
}

@article{ahmed2024tdd,
  title={TDD-Bench Verified: Can LLMs Generate Tests for Issues Before They Get Resolved?},
  author={Ahmed, Toufique and Hirzel, Martin and Pan, Rangeet and Shinnar, Avraham and Sinha, Saurabh},
  journal={arXiv:2412.02883},
  year={2024}
}

@misc{aider,
  title        = {{AIDER}},
  author       = {{Aider.AI}},
year = {2025},
  howpublished = {\url{https://github.com/Aider-AI/aider}}
}

@article{chen2021evaluating,
  title={Evaluating Large Language Models Trained on Code},
  author={Chen, Mark and Tworek, Jerry and Jun, Heewoo and Yuan, Qiming and Pinto, Henrique Ponde De Oliveira and Kaplan, Jared and Edwards, Harri and Burda, Yuri and Joseph, Nicholas and Brockman, Greg and others},
  journal={arXiv:2107.03374},
  year={2021}
}

@inproceedings{kang2023large,
  title={Large Language Models are Few-shot Testers: Exploring LLM-based General Bug Reproduction},
  author={Kang, Sungmin and Yoon, Juyeon and Yoo, Shin},
  LONGbooktitle={2023 IEEE/ACM 45th International Conference on Software Engineering (ICSE)},
  LONGpages={2312--2323},
  year={2023},
  booktitle="ICSE",
  LONGorganization={IEEE}
}

@article{kang2024evaluating,
  title={Evaluating Diverse Large Language Models for Automatic and General Bug Reproduction},
  author={Kang, Sungmin and Yoon, Juyeon and Askarbekkyzy, Nargiz and Yoo, Shin},
  journal={TSE},
  year={2024},
  LONGpublisher={IEEE}
}

@inproceedings{lemieux2023codamosa,
  title={CODAMOSA: Escaping Coverage Plateaus in Test Generation with Pre-trained Large Language Models},
  author={Lemieux, Caroline and Inala, Jeevana Priya and Lahiri, Shuvendu K and Sen, Siddhartha},
  booktitle="ICSE",
  LONGpages={919--931},
  year={2023},
  LONGorganization={IEEE}
}

@inproceedings{li2023nuances,
  title={Nuances are the key: Unlocking chatgpt to find failure-inducing tests with differential prompting},
  author={Li, Tsz-On and Zong, Wenxi and Wang, Yibo and Tian, Haoye and Wang, Ying and Cheung, Shing-Chi and Kramer, Jeff},
  booktitle="ASE",
  LONGpages={14--26},
  year={2023},
  LONGorganization={IEEE}
}

@inproceedings{mundler2024swt,
  title={SWT-Bench: Testing and Validating Real-World Bug-Fixes with Code Agents},
  author={M{\"u}ndler, Niels and Mueller, Mark Niklas and He, Jingxuan and Vechev, Martin},
  LONGbooktitle={The Thirty-eighth Annual Conference on Neural Information Processing Systems},
  booktitle="NeurIPS",
  year={2024}
}

@inproceedings{rondon2025passerine,
  title     = {Evaluating Agent-based Program Repair at Google},
  author={Rondon, Pat and Wei, Renyao and Cambronero, Jos{\'e} and Cito, J{\"u}rgen and Sun, Aaron and Sanyam, Siddhant and Tufano, Michele and Chandra, Satish},
  booktitle = "ICSE: SEIP",
  LONGpublisher = {IEEE},
  year      = {2025}
}

@article{schafer2023empirical,
  title={An Empirical Evaluation of Using Large Language Models for Automated Unit Test Generation},
  author={Sch{\"a}fer, Max and Nadi, Sarah and Eghbali, Aryaz and Tip, Frank},
  journal="TSE",
  year={2023},
  LONGpublisher={IEEE}
}

@article{siddiq2023exploring,
  title={Exploring the Effectiveness of Large Language Models in Generating Unit Tests},
  author={Siddiq, Mohammed Latif and Santos, Joanna and Tanvir, Ridwanul Hasan and Ulfat, Noshin and Rifat, FA and Lopes, V Carvalho},
  journal={arXiv:2305.00418},
  year={2023},
  LONGpublisher={Apr}
}

@article{xie2023chatunitest,
  title={ChatUniTest: A Framework for LLM-Based Test Generation},
  author={Xie, Zhuokui and Chen, Yinghao and Zhi, Chen and Deng, Shuiguang and Yin, Jianwei},
  journal={arXiv:2305.04764},
  year={2023}
}

@article{yang2024swe,
  title={SWE-agent: Agent-Computer Interfaces Enable Automated Software Engineering},
  author={Yang, John and Jimenez, Carlos E and Wettig, Alexander and Lieret, Kilian and Yao, Shunyu and Narasimhan, Karthik and Press, Ofir},
  journal={arXiv:2405.15793},
  year={2024}
}

@article{yuan2023no,
  title={No More Manual Tests? Evaluating and Improving ChatGPT for Unit Test Generation},
  author={Yuan, Zhiqiang and Lou, Yiling and Liu, Mingwei and Ding, Shiji and Wang, Kaixin and Chen, Yixuan and Peng, Xin},
  journal={arXiv:2305.04207},
  year={2023}
}

@inproceedings{zhang2024autocoderover,
  title={Autocoderover: Autonomous Program Improvement},
  author={Zhang, Yuntong and Ruan, Haifeng and Fan, Zhiyu and Roychoudhury, Abhik},
  booktitle="ISSTA",
  LONGpages={1592--1604},
  year={2024}
}

