@inproceedings{bettenburg2008duplicate,
  title={Duplicate Bug Reports Considered Harmfulâ€¦ Really?},
  author={Bettenburg, Nicolas and Premraj, Rahul and Zimmermann, Thomas and Kim, Sunghun},
  LONGbooktitle={2008 IEEE International Conference on Software Maintenance},
  LONGpages={337--345},
  booktitle="ICSM",
  year={2008},
  LONGorganization={IEEE}
}

@inproceedings{zimmermann2009cross,
  title={Cross-Project Defect Prediction: A Large Scale Experiment on Data vs. Domain vs. Process},
  author={Zimmermann, Thomas and Nagappan, Nachiappan and Gall, Harald and Giger, Emanuel and Murphy, Brendan},
  LONGbooktitle={Proceedings of the 7th joint meeting of the European software engineering conference and the ACM SIGSOFT symposium on The foundations of software engineering},
  LONGpages={91--100},
  booktitle="ESEC/FSE",
  year={2009}
}

@inproceedings{anvik2006should,
  title={Who Should Fix This Bug?},
  author={Anvik, John and Hiew, Lyndon and Murphy, Gail C},
  LONGbooktitle={Proceedings of the 28th international conference on Software engineering},
  LONGpages={361--370},
  booktitle="ICSE",
  year={2006}
}

@book{winters2020software,
  title={Software Engineering At Google: Lessons Learned From Programming Over Time},
  author={Winters, Titus and Manshreck, Tom and Wright, Hyrum},
  year={2020},
  LONGpublisher={O'Reilly Media}
}

@inproceedings{ko2008debugging,
  title={Debugging Reinvented: Asking and Answering Why and Why Not Questions about Program Behavior},
  author={Ko, Amy J and Myers, Brad A},
  LONGbooktitle={Proceedings of the 30th international conference on Software engineering},
  LONGpages={301--310},
  booktitle="ICSE",
  year={2008}
}

@inproceedings{koyuncu2019ifixr,
  title={iFixR: Bug Report driven Program Repair},
  author={Koyuncu, Anil and Liu, Kui and Bissyand{\'e}, Tegawend{\'e} F and Kim, Dongsun and Monperrus, Martin and Klein, Jacques and Le Traon, Yves},
  LONGbooktitle={Proceedings of the 2019 27th ACM joint meeting on european software engineering conference and symposium on the foundations of software engineering},
  LONGpages={314--325},
  booktitle="ESEC/FSE",
  year={2019}
}

@incollection{sadowski2020critique,
  title     = {Critique: {Google}'s Code Review Tool},
  author    = {Sadowski, Caitlin and Kurnia, Irwan and Rohlfs, Bryant},
  booktitle = {Software Engineering at {Google}: Lessons Learned from Programming Over Time},
  LONGeditor    = {Carey, Lise},
  chapter   = {19},
  publisher = {{O'Reilly Media}},
  year      = {2020},
  LONGurl       = {https://abseil.io/resources/swe-book/html/ch19.html#critique_googleapostrophes_code_review}
}

@inproceedings{kang2023large,
  title={Large Language Models are Few-shot Testers: Exploring LLM-based General Bug Reproduction},
  author={Kang, Sungmin and Yoon, Juyeon and Yoo, Shin},
  LONGbooktitle={2023 IEEE/ACM 45th International Conference on Software Engineering (ICSE)},
  LONGpages={2312--2323},
  year={2023},
  booktitle="ICSE",
  LONGorganization={IEEE}
}

@inproceedings{mundler2024swt,
  title={SWT-Bench: Testing and Validating Real-World Bug-Fixes with Code Agents},
  author={M{\"u}ndler, Niels and Mueller, Mark Niklas and He, Jingxuan and Vechev, Martin},
  LONGbooktitle={The Thirty-eighth Annual Conference on Neural Information Processing Systems},
  booktitle="NeurIPS",
  year={2024}
}

@incollection{tannenbaum2020continuous,
  title     = {Continuous Integration},
  author    = {Tannenbaum, Rod},
  booktitle = {Software Engineering at {Google}: Lessons Learned from Programming Over Time},
  LONGeditor    = {Carey, Lise},
  chapter   = {23},
  LONGpublisher = {{O'Reilly Media}},
  year      = {2020},
  LONGurl       = {https://abseil.io/resources/swe-book/html/ch23.html}
}

@inproceedings{rondon2025passerine,
  title     = {Evaluating Agent-based Program Repair at Google},
  author={Rondon, Pat and Wei, Renyao and Cambronero, Jos{\'e} and Cito, J{\"u}rgen and Sun, Aaron and Sanyam, Siddhant and Tufano, Michele and Chandra, Satish},
  booktitle = "ICSE: SEIP",
  LONGpublisher = {IEEE},
  year      = {2025}
}

@misc{addresssanitizer,
  title        = {{AddressSanitizer}},
  author       = {{Google}},
year = {2025},
  howpublished = {\url{https://github.com/google/sanitizers/wiki/AddressSanitizer}}
}

@misc{aider,
  title        = {{AIDER}},
  author       = {{Aider.AI}},
year = {2025},
  howpublished = {\url{https://github.com/Aider-AI/aider}}
}

@misc{undefinedbehaviorsanitizer,
  title        = {{UndefinedBehaviorSanitizer}},
  author       = {{Google}},
  howpublished = {\url{https://clang.llvm.org/docs/UndefinedBehaviorSanitizer.html}},
  year         = {2025}
}

@article{yuan2023no,
  title={No More Manual Tests? Evaluating and Improving ChatGPT for Unit Test Generation},
  author={Yuan, Zhiqiang and Lou, Yiling and Liu, Mingwei and Ding, Shiji and Wang, Kaixin and Chen, Yixuan and Peng, Xin},
  journal={arXiv:2305.04207},
  year={2023}
}

@article{xie2023chatunitest,
  title={ChatUniTest: A Framework for LLM-Based Test Generation},
  author={Xie, Zhuokui and Chen, Yinghao and Zhi, Chen and Deng, Shuiguang and Yin, Jianwei},
  journal={arXiv:2305.04764},
  year={2023}
}

@inproceedings{lemieux2023codamosa,
  title={CODAMOSA: Escaping Coverage Plateaus in Test Generation with Pre-trained Large Language Models},
  author={Lemieux, Caroline and Inala, Jeevana Priya and Lahiri, Shuvendu K and Sen, Siddhartha},
  booktitle="ICSE",
  LONGpages={919--931},
  year={2023},
  LONGorganization={IEEE}
}

@article{chen2021evaluating,
  title={Evaluating Large Language Models Trained on Code},
  author={Chen, Mark and Tworek, Jerry and Jun, Heewoo and Yuan, Qiming and Pinto, Henrique Ponde De Oliveira and Kaplan, Jared and Edwards, Harri and Burda, Yuri and Joseph, Nicholas and Brockman, Greg and others},
  journal={arXiv:2107.03374},
  year={2021}
}

@article{schafer2023empirical,
  title={An Empirical Evaluation of Using Large Language Models for Automated Unit Test Generation},
  author={Sch{\"a}fer, Max and Nadi, Sarah and Eghbali, Aryaz and Tip, Frank},
  journal="TSE",
  year={2023},
  LONGpublisher={IEEE}
}

@inproceedings{li2023nuances,
  title={Nuances are the key: Unlocking chatgpt to find failure-inducing tests with differential prompting},
  author={Li, Tsz-On and Zong, Wenxi and Wang, Yibo and Tian, Haoye and Wang, Ying and Cheung, Shing-Chi and Kramer, Jeff},
  booktitle="ASE",
  LONGpages={14--26},
  year={2023},
  LONGorganization={IEEE}
}

@article{siddiq2023exploring,
  title={Exploring the Effectiveness of Large Language Models in Generating Unit Tests},
  author={Siddiq, Mohammed Latif and Santos, Joanna and Tanvir, Ridwanul Hasan and Ulfat, Noshin and Rifat, FA and Lopes, V Carvalho},
  journal={arXiv:2305.00418},
  year={2023},
  LONGpublisher={Apr}
}

@article{yao2022react,
  title={ReAct: Synergizing Reasoning and Acting in Language Models},
  author={Yao, Shunyu and Zhao, Jeffrey and Yu, Dian and Du, Nan and Shafran, Izhak and Narasimhan, Karthik and Cao, Yuan},
  journal={arXiv:2210.03629},
  year={2022}
}

@inproceedings{sadowski2015tricorder,
  title={Tricorder: Building a Program Analysis Ecosystem},
  author={Sadowski, Caitlin and Van Gogh, Jeffrey and Jaspan, Ciera and Soderberg, Emma and Winter, Collin},
  booktitle="ICSE",
  LONGvolume={1},
  LONGpages={598--608},
  year={2015},
  LONGorganization={IEEE}
}

@misc{google_style_guides,
  title        = {{Google Style Guides}},
  author       = {{Google}},
  howpublished = {\url{https://google.github.io/styleguide/}},
  year={2025},
}

@article{yang2024swe,
  title={SWE-agent: Agent-Computer Interfaces Enable Automated Software Engineering},
  author={Yang, John and Jimenez, Carlos E and Wettig, Alexander and Lieret, Kilian and Yao, Shunyu and Narasimhan, Karthik and Press, Ofir},
  journal={arXiv:2405.15793},
  year={2024}
}

@article{chen2022codet,
  title={CODET: Code Generation with Generated Tests},
  author={Chen, Bei and Zhang, Fengji and Nguyen, Anh and Zan, Daoguang and Lin, Zeqi and Lou, Jian-Guang and Chen, Weizhu},
  journal={arXiv:2207.10397},
  year={2022}
}


@inproceedings{zhang2024autocoderover,
  title={Autocoderover: Autonomous Program Improvement},
  author={Zhang, Yuntong and Ruan, Haifeng and Fan, Zhiyu and Roychoudhury, Abhik},
  booktitle="ISSTA",
  LONGpages={1592--1604},
  year={2024}
}

@article{chen2024coder,
  title={CodeR: Issue Resolving with Multi-Agent and Task Graphs},
  author={Chen, Dong and Lin, Shaoxin and Zeng, Muhan and Zan, Daoguang and Wang, Jian-Gang and Cheshkov, Anton and Sun, Jun and Yu, Hao and Dong, Guoliang and Aliev, Artem and others},
  journal={arXiv:2406.01304},
  year={2024}
}

@article{hou2024large,
  title={Large Language Models for Software Engineering: A Systematic Literature Review},
  author={Hou, Xinyi and Zhao, Yanjie and Liu, Yue and Yang, Zhou and Wang, Kailong and Li, Li and Luo, Xiapu and Lo, David and Grundy, John and Wang, Haoyu},
  journal="TOSEM",
  LONGpages={1--79},
  year={2024},
}

@article{wong2016survey,
  title={A Survey on Software Fault Localization},
  author={Wong, W Eric and Gao, Ruizhi and Li, Yihao and Abreu, Rui and Wotawa, Franz},
  journal="TSE",
  LONGpages={707--740},
  year={2016},
  LOBGpublisher={IEEE}
}

@article{kang2023preliminary,
  title={A Preliminary Evaluation of LLM-Based Fault Localization},
  author={Kang, Sungmin and An, Gabin and Yoo, Shin},
  journal={arXiv:2308.05487},
  year={2023}
}


@inproceedings{yang2024large,
  title={Large Language Models for Test-Free Fault Localization},
  author={Yang, Aidan ZH and Le Goues, Claire and Martins, Ruben and Hellendoorn, Vincent},
  booktitle="ICSE",
  LONGpages={1--12},
  year={2024}
}

@article{qin2024agentfl,
  title={AgentFL: Scaling LLM-based Fault Localization to Project-Level Context},
  author={Qin, Yihao and Wang, Shangwen and Lou, Yiling and Dong, Jinhao and Wang, Kaixin and Li, Xiaoling and Mao, Xiaoguang},
  journal={arXiv:2403.16362},
  year={2024}
}

@inproceedings{zheng2023judging,
  title={Judging LLM-as-a-Judge with MT-Bench and Chatbot Arena},
  author={Zheng, Lianmin and Chiang, Wei-Lin and Sheng, Ying and Zhuang, Siyuan and Wu, Zhanghao and Zhuang, Yonghao and Lin, Zi and Li, Zhuohan and Li, Dacheng and Xing, Eric and others},
  booktitle="NeurIPS",
  LONGvolume={36},
  LONGpages={46595--46623},
  year={2023}
}


@inproceedings{chaparro2019assessing,
  title={Assessing the Quality of the Steps to Reproduce in Bug Reports},
  author={Chaparro, Oscar and Bernal-C{\'a}rdenas, Carlos and Lu, Jing and Moran, Kevin and Marcus, Andrian and Di Penta, Massimiliano and Poshyvanyk, Denys and Ng, Vincent},
  booktitle="ESEC/FSE",
  LONGpages={86--96},
  year={2019}
}



@inproceedings{Ernst2014Defects4J,
  author = {Just, Ren\'{e} and Jalali, Darioush and Ernst, Michael D.},
  title = {{Defects4J: A} Database of Existing Faults to Enable Controlled Testing Studies for {Java} Programs},
  booktitle = "ISSTA",
  year = {2014}
}


@inproceedings{le2012systematic,
  title={A Systematic Study of Automated Program Repair: Fixing 55 out of 105 Bugs for \$8 Each},
  author={Le Goues, Claire and Dewey-Vogt, Michael and Forrest, Stephanie and Weimer, Westley},
  booktitle="ICSE",
  LONGpages={3--13},
  year={2012},
  LONGorganization={IEEE}
}

@inproceedings{li2019deepfl,
  title={Deepfl: Integrating Multiple Fault Diagnosis Dimensions for Deep Fault Localization},
  author={Li, Xia and Li, Wei and Zhang, Yuqun and Zhang, Lingming},
  booktitle="ISSTA",
  LONGpages={169--180},
  year={2019}
}


@inproceedings{xiong2017precise,
  title={Precise Condition Synthesis for Program Repair},
  author={Xiong, Yingfei and Wang, Jie and Yan, Runfa and Zhang, Jiachen and Han, Shi and Huang, Gang and Zhang, Lu},
  booktitle="ICSE",
  LONGpages={416--426},
  year={2017},
  LONGorganization={IEEE}
}


@inproceedings{saha2017elixir,
  title={Elixir: Effective Object-Oriented Program Repair},
  author={Saha, Ripon K and Lyu, Yingjun and Yoshida, Hiroaki and Prasad, Mukul R},
  booktitle="ASE",
  LONGpages={648--659},
  year={2017},
  LONGorganization={IEEE}
}


@inproceedings{soltani2018single,
  title={Single-Objective Versus Multi-Objectivized Optimization for Evolutionary Crash Reproduction},
  author={Soltani, Mozhan and Derakhshanfar, Pouria and Panichella, Annibale and Devroey, Xavier and Zaidman, Andy and van Deursen, Arie},
  booktitle="SSBSE",
  LONGpages={325--340},
  year={2018},
  LONGorganization={Springer}
}


@inproceedings{nayrolles2015jcharming,
  title={JCHARMING: A Bug Reproduction Approach Using Crash Traces and Directed Model Checking},
  author={Nayrolles, Mathieu and Hamou-Lhadj, Abdelwahab and Tahar, Sofi{\`e}ne and Larsson, Alf},
  LONGbooktitle={2015 IEEE 22nd International Conference on Software Analysis, Evolution, and Reengineering (SANER)},
  booktitle="SANER",
  LONGpages={101--110},
  year={2015},
  LONGorganization={IEEE}
}

@article{jimenez2023swe,
  title={Swe-bench: Can Language Models Resolve Real-World GitHub Issues?},
  author={Jimenez, Carlos E and Yang, John and Wettig, Alexander and Yao, Shunyu and Pei, Kexin and Press, Ofir and Narasimhan, Karthik},
  journal={arXiv:2310.06770},
  year={2023}
}


@article{kang2024evaluating,
  title={Evaluating Diverse Large Language Models for Automatic and General Bug Reproduction},
  author={Kang, Sungmin and Yoon, Juyeon and Askarbekkyzy, Nargiz and Yoo, Shin},
  journal={TSE},
  year={2024},
  LONGpublisher={IEEE}
}


@article{yang2024swebenchmultimodalaisystems,
  title={SWE-bench Multimodal: Do AI Systems Generalize to Visual Software Domains?},
  author={Yang, John and Jimenez, Carlos E and Zhang, Alex L and Lieret, Kilian and Yang, Joyce and Wu, Xindi and Press, Ori and Muennighoff, Niklas and Synnaeve, Gabriel and Narasimhan, Karthik R and others},
  journal={arXiv:2410.03859},
  year={2024}
}



@inproceedings{frommgen2024resolving,
  title={Resolving Code Review Comments with Machine Learning},
  author={Fr{\"o}mmgen, Alexander and Austin, Jacob and Choy, Peter and Ghelani, Nimesh and Kharatyan, Lera and Surita, Gabriela and Khrapko, Elena and Lamblin, Pascal and Manzagol, Pierre-Antoine and Revaj, Marcus and others},
  LONGbooktitle={Proceedings of the 46th International Conference on Software Engineering: Software Engineering in Practice},
  LONGpages={204--215},
  booktitle="ICSE: SEIP",
  year={2024}
}


@inproceedings{fan2023automated,
  title={Automated Repair of Programs From Large Language Models},
  author={Fan, Zhiyu and Gao, Xiang and Mirchev, Martin and Roychoudhury, Abhik and Tan, Shin Hwei},
  LONGbooktitle={2023 IEEE/ACM 45th International Conference on Software Engineering (ICSE)},
  booktitle="ICSE",
  LONGpages={1469--1481},
  year={2023},
  LONGorganization={IEEE}
}

@inproceedings{xia2023automated,
  title={Automated Program Repair in the Era of Large Pre-trained Language Models},
  author={Xia, Chunqiu Steven and Wei, Yuxiang and Zhang, Lingming},
  LONGbooktitle={2023 IEEE/ACM 45th International Conference on Software Engineering (ICSE)},
  booktitle="ICSE",
  LONGpages={1482--1494},
  year={2023},
  LONGorganization={IEEE}
}

@inproceedings{jiang2023impact,
  title={Impact of Code Language Models on Automated Program Repair},
  author={Jiang, Nan and Liu, Kevin and Lutellier, Thibaud and Tan, Lin},
  LONGbooktitle={2023 IEEE/ACM 45th International Conference on Software Engineering (ICSE)},
  booktitle="ICSE",
  LONGpages={1430--1442},
  year={2023},
  LONGorganization={IEEE}
}



@article{grottke2007fighting,
  title={Fighting Bugs: Remove, Retry, Replicate, and Rejuvenate},
  author={Grottke, Michael and Trivedi, Kishor S},
  journal={Computer},
  LONGvolume={40},
  LONGnumber={2},
  LONGpages={107--109},
  year={2007},
  LONGpublisher={IEEE}
}

@inproceedings{beller2018dichotomy,
  title={On the Dichotomy of Debugging Behavior Among Programmers},
  author={Beller, Moritz and Spruit, Niels and Spinellis, Diomidis and Zaidman, Andy},
  LONGbooktitle={Proceedings of the 40th International Conference on Software Engineering},
  booktitle="ICSE",
  LONGpages={572--583},
  year={2018}
}

@inproceedings{just2018comparing,
  title={Comparing Developer-Provided to User-Provided Tests for Fault Localization and Automated Program Repair},
  author={Just, Ren{\'e} and Parnin, Chris and Drosos, Ian and Ernst, Michael D},
  LONGbooktitle={Proceedings of the 27th ACM SIGSOFT International Symposium on Software Testing and Analysis},
  booktitle="ISSTA",
  LONGpages={287--297},
  year={2018}
}

@article{ahmed2024tdd,
  title={TDD-Bench Verified: Can LLMs Generate Tests for Issues Before They Get Resolved?},
  author={Ahmed, Toufique and Hirzel, Martin and Pan, Rangeet and Shinnar, Avraham and Sinha, Saurabh},
  journal={arXiv:2412.02883},
  year={2024}
}