@inproceedings{ainsworth2023git,
title={Git Re-Basin: Merging Models modulo Permutation Symmetries},
author={Samuel Ainsworth and Jonathan Hayase and Siddhartha Srinivasa},
booktitle={The Eleventh International Conference on Learning Representations },
year={2023},
}

@inproceedings{amaduzzi2024llana,
title={{LLaNA}: Large Language and {NeRF} Assistant},
author={Amaduzzi, Andrea and Zama Ramirez, Pierluigi and Lisanti, Giuseppe and Salti, Samuele and Di Stefano, Luigi},
booktitle={The Thirty-eighth Annual Conference on Neural Information Processing Systems},
year={2024},
}

@inproceedings{ballerini2024connecting,
  title={Connecting {NeRFs}, Images, and Text},
  author={Ballerini, Francesco and Zama Ramirez, Pierluigi and Mirabella, Roberto and Salti, Samuele and Di Stefano, Luigi},
  booktitle={Proceedings of the IEEE/CVF Conference on Computer Vision and Pattern Recognition},
  pages={866--876},
  year={2024}
}

@inproceedings{barron2023zip,
  title={{Zip-NeRF}: Anti-aliased grid-based neural radiance fields},
  author={Barron, Jonathan T and Mildenhall, Ben and Verbin, Dor and Srinivasan, Pratul P and Hedman, Peter},
  booktitle={Proceedings of the IEEE/CVF International Conference on Computer Vision},
  pages={19697--19705},
  year={2023}
}

@inproceedings{chan2022efficient,
  title={Efficient geometry-aware 3d generative adversarial networks},
  author={Chan, Eric R and Lin, Connor Z and Chan, Matthew A and Nagano, Koki and Pan, Boxiao and De Mello, Shalini and Gallo, Orazio and Guibas, Leonidas J and Tremblay, Jonathan and Khamis, Sameh and others},
  booktitle={Proceedings of the IEEE/CVF conference on computer vision and pattern recognition},
  pages={16123--16133},
  year={2022}
}

@inproceedings{chen2020simple,
  title={A simple framework for contrastive learning of visual representations},
  author={Chen, Ting and Kornblith, Simon and Norouzi, Mohammad and Hinton, Geoffrey},
  booktitle={International conference on machine learning},
  pages={1597--1607},
  year={2020},
  organization={PMLR}
}

@inproceedings{entezari2022the,
title={The Role of Permutation Invariance in Linear Mode Connectivity of Neural Networks},
author={Rahim Entezari and Hanie Sedghi and Olga Saukh and Behnam Neyshabur},
booktitle={International Conference on Learning Representations},
year={2022}
}

@inproceedings{he2020momentum,
  title={Momentum contrast for unsupervised visual representation learning},
  author={He, Kaiming and Fan, Haoqi and Wu, Yuxin and Xie, Saining and Girshick, Ross},
  booktitle={Proceedings of the IEEE/CVF conference on computer vision and pattern recognition},
  pages={9729--9738},
  year={2020}
}

@incollection{hecht1990algebraic,
  title={On the algebraic structure of feedforward network weight spaces},
  author={Hecht-Nielsen, Robert},
  booktitle={Advanced Neural Computers},
  pages={129--135},
  year={1990},
  publisher={Elsevier}
}

@inproceedings{kofinas2024graph,
title={Graph Neural Networks for Learning Equivariant Representations of Neural Networks},
author={Miltiadis Kofinas and Boris Knyazev and Yan Zhang and Yunlu Chen and Gertjan J. Burghouts and Efstratios Gavves and Cees G. M. Snoek and David W. Zhang},
booktitle={The Twelfth International Conference on Learning Representations},
year={2024}
}

@inproceedings{lim2024graph,
title={Graph Metanetworks for Processing Diverse Neural Architectures},
author={Derek Lim and Haggai Maron and Marc T. Law and Jonathan Lorraine and James Lucas},
booktitle={The Twelfth International Conference on Learning Representations},
year={2024}
}

@article{liu2020neural,
  title={Neural sparse voxel fields},
  author={Liu, Lingjie and Gu, Jiatao and Zaw Lin, Kyaw and Chua, Tat-Seng and Theobalt, Christian},
  journal={Advances in Neural Information Processing Systems},
  volume={33},
  pages={15651--15663},
  year={2020}
}

@article{muller2022instant,
  title={Instant neural graphics primitives with a multiresolution hash encoding},
  author={M{\"u}ller, Thomas and Evans, Alex and Schied, Christoph and Keller, Alexander},
  journal={ACM transactions on graphics (TOG)},
  volume={41},
  number={4},
  pages={1--15},
  year={2022},
  publisher={ACM New York, NY, USA}
}

@inproceedings{navon2023equivariant,
  title={Equivariant architectures for learning in deep weight spaces},
  author={Navon, Aviv and Shamsian, Aviv and Achituve, Idan and Fetaya, Ethan and Chechik, Gal and Maron, Haggai},
  booktitle={International Conference on Machine Learning},
  pages={25790--25816},
  year={2023},
  organization={PMLR}
}

@inproceedings{radford2021learning,
  title={Learning transferable visual models from natural language supervision},
  author={Radford, Alec and Kim, Jong Wook and Hallacy, Chris and Ramesh, Aditya and Goh, Gabriel and Agarwal, Sandhini and Sastry, Girish and Askell, Amanda and Mishkin, Pamela and Clark, Jack and others},
  booktitle={International conference on machine learning},
  pages={8748--8763},
  year={2021},
  organization={PMLR}
}

@article{ramirez2024deep,
  title={Deep Learning on Object-centric {3D} Neural Fields},
  author={Zama Ramirez, Pierluigi and De Luigi, Luca and Sirocchi, Daniele and Cardace, Adriano and Spezialetti, Riccardo and Ballerini, Francesco and Salti, Samuele and Di Stefano, Luigi},
  journal={IEEE Transactions on Pattern Analysis and Machine Intelligence},
  year={2024},
  publisher={IEEE}
}

@inproceedings{zhou2023neural,
title={Neural Functional Transformers},
author={Allan Zhou and Kaien Yang and Yiding Jiang and Kaylee Burns and Winnie Xu and Samuel Sokota and J Zico Kolter and Chelsea Finn},
booktitle={Thirty-seventh Conference on Neural Information Processing Systems},
year={2023},
}

@inproceedings{zhou2023permutation,
title={Permutation Equivariant Neural Functionals},
author={Allan Zhou and Kaien Yang and Kaylee Burns and Adriano Cardace and Yiding Jiang and Samuel Sokota and J Zico Kolter and Chelsea Finn},
booktitle={Thirty-seventh Conference on Neural Information Processing Systems},
year={2023}
}

