@inproceedings{mildenhall2020nerf,
  title={{NeRF}: Representing Scenes as Neural Radiance Fields for View Synthesis},
  author={Mildenhall, Ben and Srinivasan, Pratul P. and Tancik, Matthew and Barron, Jonathan T. and Ramamoorthi, Ravi and Ng, Ren},
  booktitle={European Conference on Computer Vision},
  pages={405--421},
  year={2020}
}

@inproceedings{cardace2024neural,
title={Neural Processing of Tri-Plane Hybrid Neural Fields},
author={Cardace, Adriano and Zama Ramirez, Pierluigi and Ballerini, Francesco and Zhou, Allan and Salti, Samuele and Di Stefano, Luigi},
booktitle={The Twelfth International Conference on Learning Representations},
year={2024}
}

@article{ramirez2024deep,
  title={Deep Learning on Object-centric {3D} Neural Fields},
  author={Zama Ramirez, Pierluigi and De Luigi, Luca and Sirocchi, Daniele and Cardace, Adriano and Spezialetti, Riccardo and Ballerini, Francesco and Salti, Samuele and Di Stefano, Luigi},
  journal={IEEE Transactions on Pattern Analysis and Machine Intelligence},
  year={2024},
  publisher={IEEE}
}

@inproceedings{luigi2023deep,
title={Deep Learning on Implicit Neural Representations of Shapes},
author={De Luigi, Luca and Cardace, Adriano and Spezialetti, Riccardo and Zama Ramirez, Pierluigi and Salti, Samuele and Di Stefano, Luigi},
booktitle={The Eleventh International Conference on Learning Representations },
year={2023}
}

@inproceedings{lim2024graph,
title={Graph Metanetworks for Processing Diverse Neural Architectures},
author={Derek Lim and Haggai Maron and Marc T. Law and Jonathan Lorraine and James Lucas},
booktitle={The Twelfth International Conference on Learning Representations},
year={2024}
}

@inproceedings{zhai2023sigmoid,
  title={Sigmoid loss for language image pre-training},
  author={Zhai, Xiaohua and Mustafa, Basil and Kolesnikov, Alexander and Beyer, Lucas},
  booktitle={Proceedings of the IEEE/CVF International Conference on Computer Vision},
  pages={11975--11986},
  year={2023}
}

@inproceedings{de2023scannerf,
  title={{ScanNeRF}: a scalable benchmark for neural radiance fields},
  author={De Luigi, Luca and Bolognini, Damiano and Domeniconi, Federico and De Gregorio, Daniele and Poggi, Matteo and Di Stefano, Luigi},
  booktitle={Proceedings of the IEEE/CVF Winter Conference on Applications of Computer Vision},
  pages={816--825},
  year={2023}
}

@inproceedings{hu2023nerf,
  title={{NeRF-RPN}: A general framework for object detection in NeRFs},
  author={Hu, Benran and Huang, Junkai and Liu, Yichen and Tai, Yu-Wing and Tang, Chi-Keung},
  booktitle={Proceedings of the IEEE/CVF Conference on Computer Vision and Pattern Recognition},
  pages={23528--23538},
  year={2023}
}

@inproceedings{xie2022neural,
  title={Neural fields in visual computing and beyond},
  author={Xie, Yiheng and Takikawa, Towaki and Saito, Shunsuke and Litany, Or and Yan, Shiqin and Khan, Numair and Tombari, Federico and Tompkin, James and Sitzmann, Vincent and Sridhar, Srinath},
  booktitle={Computer Graphics Forum},
  volume={41},
  number={2},
  pages={641--676},
  year={2022},
  organization={Wiley Online Library}
}

@inproceedings{entezari2022the,
title={The Role of Permutation Invariance in Linear Mode Connectivity of Neural Networks},
author={Rahim Entezari and Hanie Sedghi and Olga Saukh and Behnam Neyshabur},
booktitle={International Conference on Learning Representations},
year={2022}
}

@incollection{hecht1990algebraic,
  title={On the algebraic structure of feedforward network weight spaces},
  author={Hecht-Nielsen, Robert},
  booktitle={Advanced Neural Computers},
  pages={129--135},
  year={1990},
  publisher={Elsevier}
}

@inproceedings{kofinas2024graph,
title={Graph Neural Networks for Learning Equivariant Representations of Neural Networks},
author={Miltiadis Kofinas and Boris Knyazev and Yan Zhang and Yunlu Chen and Gertjan J. Burghouts and Efstratios Gavves and Cees G. M. Snoek and David W. Zhang},
booktitle={The Twelfth International Conference on Learning Representations},
year={2024}
}

@article{liu2020neural,
  title={Neural sparse voxel fields},
  author={Liu, Lingjie and Gu, Jiatao and Zaw Lin, Kyaw and Chua, Tat-Seng and Theobalt, Christian},
  journal={Advances in Neural Information Processing Systems},
  volume={33},
  pages={15651--15663},
  year={2020}
}

@inproceedings{chan2022efficient,
  title={Efficient geometry-aware 3d generative adversarial networks},
  author={Chan, Eric R and Lin, Connor Z and Chan, Matthew A and Nagano, Koki and Pan, Boxiao and De Mello, Shalini and Gallo, Orazio and Guibas, Leonidas J and Tremblay, Jonathan and Khamis, Sameh and others},
  booktitle={Proceedings of the IEEE/CVF conference on computer vision and pattern recognition},
  pages={16123--16133},
  year={2022}
}

@article{muller2022instant,
  title={Instant neural graphics primitives with a multiresolution hash encoding},
  author={M{\"u}ller, Thomas and Evans, Alex and Schied, Christoph and Keller, Alexander},
  journal={ACM transactions on graphics (TOG)},
  volume={41},
  number={4},
  pages={1--15},
  year={2022},
  publisher={ACM New York, NY, USA}
}

@inproceedings{zhou2023permutation,
title={Permutation Equivariant Neural Functionals},
author={Allan Zhou and Kaien Yang and Kaylee Burns and Adriano Cardace and Yiding Jiang and Samuel Sokota and J Zico Kolter and Chelsea Finn},
booktitle={Thirty-seventh Conference on Neural Information Processing Systems},
year={2023}
}

@inproceedings{zhou2023neural,
title={Neural Functional Transformers},
author={Allan Zhou and Kaien Yang and Yiding Jiang and Kaylee Burns and Winnie Xu and Samuel Sokota and J Zico Kolter and Chelsea Finn},
booktitle={Thirty-seventh Conference on Neural Information Processing Systems},
year={2023},
}

@inproceedings{navon2023equivariant,
  title={Equivariant architectures for learning in deep weight spaces},
  author={Navon, Aviv and Shamsian, Aviv and Achituve, Idan and Fetaya, Ethan and Chechik, Gal and Maron, Haggai},
  booktitle={International Conference on Machine Learning},
  pages={25790--25816},
  year={2023},
  organization={PMLR}
}

@inproceedings{ainsworth2023git,
title={Git Re-Basin: Merging Models modulo Permutation Symmetries},
author={Samuel Ainsworth and Jonathan Hayase and Siddhartha Srinivasa},
booktitle={The Eleventh International Conference on Learning Representations },
year={2023},
}

@inproceedings{ballerini2024connecting,
  title={Connecting {NeRFs}, Images, and Text},
  author={Ballerini, Francesco and Zama Ramirez, Pierluigi and Mirabella, Roberto and Salti, Samuele and Di Stefano, Luigi},
  booktitle={Proceedings of the IEEE/CVF Conference on Computer Vision and Pattern Recognition},
  pages={866--876},
  year={2024}
}

@inproceedings{amaduzzi2024llana,
title={{LLaNA}: Large Language and {NeRF} Assistant},
author={Amaduzzi, Andrea and Zama Ramirez, Pierluigi and Lisanti, Giuseppe and Salti, Samuele and Di Stefano, Luigi},
booktitle={The Thirty-eighth Annual Conference on Neural Information Processing Systems},
year={2024},
}

@inproceedings{chen2020simple,
  title={A simple framework for contrastive learning of visual representations},
  author={Chen, Ting and Kornblith, Simon and Norouzi, Mohammad and Hinton, Geoffrey},
  booktitle={International conference on machine learning},
  pages={1597--1607},
  year={2020},
  organization={PMLR}
}

@inproceedings{he2020momentum,
  title={Momentum contrast for unsupervised visual representation learning},
  author={He, Kaiming and Fan, Haoqi and Wu, Yuxin and Xie, Saining and Girshick, Ross},
  booktitle={Proceedings of the IEEE/CVF conference on computer vision and pattern recognition},
  pages={9729--9738},
  year={2020}
}

@inproceedings{radford2021learning,
  title={Learning transferable visual models from natural language supervision},
  author={Radford, Alec and Kim, Jong Wook and Hallacy, Chris and Ramesh, Aditya and Goh, Gabriel and Agarwal, Sandhini and Sastry, Girish and Askell, Amanda and Mishkin, Pamela and Clark, Jack and others},
  booktitle={International conference on machine learning},
  pages={8748--8763},
  year={2021},
  organization={PMLR}
}

@article{battaglia2018relational,
  title={Relational inductive biases, deep learning, and graph networks},
  author={Battaglia, Peter W and Hamrick, Jessica B and Bapst, Victor and Sanchez-Gonzalez, Alvaro and Zambaldi, Vinicius and Malinowski, Mateusz and Tacchetti, Andrea and Raposo, David and Santoro, Adam and Faulkner, Ryan and others},
  journal={arXiv preprint arXiv:1806.01261},
  year={2018}
}

@inproceedings{park2019deepsdf,
  title={{DeepSDF}: Learning continuous signed distance functions for shape representation},
  author={Park, Jeong Joon and Florence, Peter and Straub, Julian and Newcombe, Richard and Lovegrove, Steven},
  booktitle={Proceedings of the IEEE/CVF conference on computer vision and pattern recognition},
  pages={165--174},
  year={2019}
}

@INPROCEEDINGS{girshick2015fast,
  author={Girshick, Ross},
  booktitle={2015 IEEE International Conference on Computer Vision (ICCV)}, 
  title={Fast {R-CNN}}, 
  year={2015},
  volume={},
  number={},
  pages={1440-1448}
}

@article{xu2019disn,
  title={{DISN}: Deep implicit surface network for high-quality single-view 3d reconstruction},
  author={Xu, Qiangeng and Wang, Weiyue and Ceylan, Duygu and Mech, Radomir and Neumann, Ulrich},
  journal={Advances in neural information processing systems},
  volume={32},
  year={2019}
}

@article{vandermaaten08vis,
  author  = {Van der Maaten, Laurens and Hinton, Geoffrey},
  title   = {Visualizing Data using {t-SNE}},
  journal = {Journal of Machine Learning Research},
  year    = {2008},
  volume  = {9},
  number  = {86},
  pages   = {2579--2605},
}

@inproceedings{wang2017deep,
  title={Deep metric learning with angular loss},
  author={Wang, Jian and Zhou, Feng and Wen, Shilei and Liu, Xiao and Lin, Yuanqing},
  booktitle={Proceedings of the IEEE international conference on computer vision},
  pages={2593--2601},
  year={2017}
}

@inproceedings{barron2023zip,
  title={{Zip-NeRF}: Anti-aliased grid-based neural radiance fields},
  author={Barron, Jonathan T and Mildenhall, Ben and Verbin, Dor and Srinivasan, Pratul P and Hedman, Peter},
  booktitle={Proceedings of the IEEE/CVF International Conference on Computer Vision},
  pages={19697--19705},
  year={2023}
}

@article{sitzmann2020implicit,
  title={Implicit neural representations with periodic activation functions},
  author={Sitzmann, Vincent and Martel, Julien and Bergman, Alexander and Lindell, David and Wetzstein, Gordon},
  journal={Advances in neural information processing systems},
  volume={33},
  pages={7462--7473},
  year={2020}
}

@inproceedings{loshchilov2018decoupled,
title={Decoupled Weight Decay Regularization},
author={Ilya Loshchilov and Frank Hutter},
booktitle={International Conference on Learning Representations},
year={2019},
}

@article{shapenet,
  author       = {Angel X. Chang and
                  Thomas A. Funkhouser and
                  Leonidas J. Guibas and
                  Pat Hanrahan and
                  Qi{-}Xing Huang and
                  Zimo Li and
                  Silvio Savarese and
                  Manolis Savva and
                  Shuran Song and
                  Hao Su and
                  Jianxiong Xiao and
                  Li Yi and
                  Fisher Yu},
  title        = {ShapeNet: An Information-Rich 3D Model Repository},
  journal      = {CoRR},
  volume       = {abs/1512.03012},
  year         = {2015},
}

@inproceedings{onecycle,
author = {Leslie N. Smith and Nicholay Topin},
title = {{Super-convergence: very fast training of neural networks using large learning rates}},
volume = {11006},
booktitle = {Artificial Intelligence and Machine Learning for Multi-Domain Operations Applications},
editor = {Tien Pham},
organization = {International Society for Optics and Photonics},
publisher = {SPIE},
pages = {1100612},
keywords = {Deep learning, machine learning, neural networks, learning rates, large batch training},
year = {2019},
}
