@article{Alon2021OnTB,
title={{On the Bottleneck of Graph Neural Networks and its Practical Implications}},
author={Uri Alon and Eran Yahav},
booktitle={International Conference on Learning Representations},
year={2021},
url={https://openreview.net/forum?id=i80OPhOCVH2}
}

@inproceedings{Gu2019LearningMR,
  title={Learning Mixed-Curvature Representations in Product Spaces},
  author={Albert Gu and Frederic Sala and Beliz Gunel and Christopher R{\'e}},
  booktitle={ICLR},
  year={2019}
}

@article{Velickovic2018GraphAN,
  title={Graph Attention Networks},
  author={Petar Veličković and Guillem Cucurull and Arantxa Casanova and Adriana Romero and Pietro Liò and Yoshua Bengio},
  journal={ArXiv},
  year={2018},
}

@article{barbero2024transformers,
  title={Transformers need glasses! Information over-squashing in language tasks},
  author={Barbero, Federico and Banino, Andrea and Kapturowski, Steven and Kumaran, Dharshan and Ara{\'u}jo, Jo{\~a}o GM and Vitvitskyi, Alex and Pascanu, Razvan and Veli{\v{c}}kovi{\'c}, Petar},
  journal={arXiv preprint arXiv:2406.04267},
  year={2024}
}

@misc{behrouz2024graphmamba,
      title={{Graph Mamba: Towards Learning on Graphs with State Space Models}}, 
      author={Ali Behrouz and Farnoosh Hashemi},
      year={2024},
      eprint={2402.08678},
      archivePrefix={arXiv},
      primaryClass={cs.LG},
      url={https://arxiv.org/abs/2402.08678}, 
}

@article{bengio1994learning,
  title={Learning long-term dependencies with gradient descent is difficult},
  author={Bengio, Yoshua},
  journal={IEEE transactions on neural networks},
  volume={5},
  number={2},
  pages={157--166},
  year={1994},
  publisher={IEEE}
}

@article{cai2020note,
  title={A note on over-smoothing for graph neural networks},
  author={Cai, Chen and Wang, Yusu},
  journal={arXiv preprint arXiv:2006.13318},
  year={2020}
}

@article{di2022graph,
  title={Graph Neural Networks as Gradient Flows: understanding graph convolutions via energy},
  author={Di Giovanni, Francesco and Rowbottom, James and Chamberlain, Benjamin P and Markovich, Thomas and Bronstein, Michael M},
  journal={arXiv preprint arXiv:2206.10991},
  year={2022}
}

@inproceedings{di2023over,
  title={On over-squashing in message passing neural networks: The impact of width, depth, and topology},
  author={Di Giovanni, Francesco and Giusti, Lorenzo and Barbero, Federico and Luise, Giulia and Lio, Pietro and Bronstein, Michael M},
  booktitle={International Conference on Machine Learning},
  pages={7865--7885},
  year={2023},
  organization={PMLR}
}

@article{engelken2023lyapunov,
  title={Lyapunov spectra of chaotic recurrent neural networks},
  author={Engelken, Rainer and Wolf, Fred},
  journal={Physical Review Research},
  volume={5},
  number={4},
  pages={043044},
  year={2023},
  publisher={APS}
}

@article{epping2024graph,
  title={Graph Neural Networks Do Not Always Oversmooth},
  author={Epping, Bastian and Ren{\'e}, Alexandre and Helias, Moritz and Schaub, Michael T},
  journal={arXiv preprint arXiv:2406.02269},
  year={2024}
}

@inproceedings{gravina2022anti,
title={{Anti-Symmetric DGN: a stable architecture for Deep Graph Networks}},
author={Alessio Gravina and Davide Bacciu and Claudio Gallicchio},
booktitle={The Eleventh International Conference on Learning Representations },
year={2023},
url={https://openreview.net/forum?id=J3Y7cgZOOS}
}

@article{hochreiter1997long,
  title={Long short-term memory},
  author={Hochreiter, Sepp and Schmidhuber, J{\"u}rgen},
  journal={Neural computation},
  volume={9},
  number={8},
  pages={1735--1780},
  year={1997},
  publisher={MIT press}
}

@article{jaeger2001echo,
  title={The “echo state” approach to analysing and training recurrent neural networks-with an erratum note},
  author={Jaeger, Herbert},
  journal={Bonn, Germany: German National Research Center for Information Technology GMD Technical Report},
  volume={148},
  number={34},
  pages={13},
  year={2001},
  publisher={Bonn}
}

@article{kiani2024unitary,
  title={Unitary convolutions for learning on graphs and groups},
  author={Kiani, Bobak T and Fesser, Lukas and Weber, Melanie},
  journal={arXiv preprint arXiv:2410.05499},
  year={2024}
}

@misc{kipf2017semisupervised,
      title={Semi-Supervised Classification with Graph Convolutional Networks}, 
      author={Thomas N. Kipf and Max Welling},
      year={2017},
      eprint={1609.02907},
      archivePrefix={arXiv},
      primaryClass={cs.LG}
}

@inproceedings{orvieto2023resurrecting,
  title={Resurrecting recurrent neural networks for long sequences},
  author={Orvieto, Antonio and Smith, Samuel L and Gu, Albert and Fernando, Anushan and Gulcehre, Caglar and Pascanu, Razvan and De, Soham},
  booktitle={International Conference on Machine Learning},
  pages={26670--26698},
  year={2023},
  organization={PMLR}
}

@inproceedings{pascanu2013difficulty,
  title={On the difficulty of training recurrent neural networks},
  author={Pascanu, Razvan and Mikolov, Tomas and Bengio, Yoshua},
  booktitle={Proceedings of the 30th International Conference on International Conference on Machine Learning},
  volume={28},
  pages={III--1310},
  year={2013}
}

@inproceedings{rusch2022graph,
  title={Graph-coupled oscillator networks},
  author={Rusch, T Konstantin and Chamberlain, Ben and Rowbottom, James and Mishra, Siddhartha and Bronstein, Michael},
  booktitle={International Conference on Machine Learning},
  pages={18888--18909},
  year={2022},
  organization={PMLR}
}

@inproceedings{rusch2023gradient,
  title={Gradient Gating for Deep Multi-Rate Learning on Graphs},
  author={Rusch, T Konstantin and Chamberlain, Benjamin Paul and Mahoney, Michael W and Bronstein, Michael M and Mishra, Siddhartha},
  booktitle={The Eleventh International Conference on Learning Representations},
    year={2023}
}

@article{rusch2023survey,
  title={A survey on oversmoothing in graph neural networks},
  author={Rusch, T Konstantin and Bronstein, Michael M and Mishra, Siddhartha},
  journal={arXiv preprint arXiv:2303.10993},
  year={2023}
}

@article{scholkemper2024residual,
  title={Residual connections and normalization can provably prevent oversmoothing in gnns},
  author={Scholkemper, Michael and Wu, Xinyi and Jadbabaie, Ali and Schaub, Michael T},
  journal={arXiv preprint arXiv:2406.02997},
  year={2024}
}

@book{strogatz2018nonlinear,
  title={Nonlinear dynamics and chaos: with applications to physics, biology, chemistry, and engineering},
  author={Strogatz, Steven H},
  year={2018},
  publisher={CRC press}
}

@article{topping2021understanding,
  title={Understanding over-squashing and bottlenecks on graphs via curvature},
  author={Topping, Jake and Di Giovanni, Francesco and Chamberlain, Benjamin Paul and Dong, Xiaowen and Bronstein, Michael M},
  journal={arXiv preprint arXiv:2111.14522},
  year={2021}
}

@article{wang2024mamba,
  title={Graph-mamba: Towards long-range graph sequence modeling with selective state spaces},
  author={Wang, Chloe and Tsepa, Oleksii and Ma, Jun and Wang, Bo},
  journal={arXiv preprint arXiv:2402.00789},
  year={2024}
}

