@article{sutton_rl,
author = {Sutton, Richard and Barto, AG},
year = {1999},
month = {01},
pages = {126-134},
title = {Reinforcement learning},
volume = {11},
journal = {Journal of Cognitive Neuroscience}
}

@article{hassan2002nonlinear,
  title={Nonlinear systems},
  author={Hassan, K Khalil and others},
  journal={Departement of Electrical and computer Engineering, Michigan State University},
  year={2002}
}



@article{jordan2020exactly,
  title={Exactly computing the local lipschitz constant of relu networks},
  author={Jordan, Matt and Dimakis, Alexandros G},
  journal={Advances in Neural Information Processing Systems},
  volume={33},
  pages={7344--7353},
  year={2020}
}

@book{chung1997spectral,
  title={Spectral graph theory},
  author={Chung, Fan RK},
  volume={92},
  year={1997},
  publisher={American Mathematical Soc.}
}

@misc{latentgraph,
  doi = {10.48550/ARXIV.2211.16199},
  
  url = {https://arxiv.org/abs/2211.16199},
  
  author = {Sáez de Ocáriz Borde, Haitz and Kazi, Anees and Barbero, Federico and Liò, Pietro},
  
  keywords = {Machine Learning (cs.LG), FOS: Computer and information sciences, FOS: Computer and information sciences},
  
  title = {Latent Graph Inference using Product Manifolds},
  
  publisher = {arXiv},
  
  year = {2022},
  
  copyright = {Creative Commons Attribution 4.0 International}
}

@inproceedings{Franceschi2019LearningDS,
  title={Learning Discrete Structures for Graph Neural Networks},
  author={Luca Franceschi and Mathias Niepert and Massimiliano Pontil and Xiao He},
  booktitle={ICML},
  year={2019}
}

@inproceedings{Wu2019AdversarialEF,
  title={Adversarial Examples for Graph Data: Deep Insights into Attack and Defense},
  author={Huijun Wu and Chen Wang and Yu. O. Tyshetskiy and Andrew Docherty and Kai Lu and Liming Zhu},
  booktitle={International Joint Conference on Artificial Intelligence},
  year={2019}
}

@article{Jin2020GraphSL,
  title={Graph Structure Learning for Robust Graph Neural Networks},
  author={Wei Jin and Yao Ma and Xiaorui Liu and Xianfeng Tang and Suhang Wang and Jiliang Tang},
  journal={Proceedings of the 26th ACM SIGKDD International Conference on Knowledge Discovery \& Data Mining},
  year={2020}
}


@article{Chen2020IterativeDG,
  title={Iterative Deep Graph Learning for Graph Neural Networks: Better and Robust Node Embeddings},
  author={Yu Chen and Lingfei Wu and Mohammed J. Zaki},
  journal={ArXiv},
  year={2020},
  volume={abs/2006.13009}
}

@inproceedings{Du2020CompositionalVG,
  title={Compositional Visual Generation with Energy Based Models},
  author={Yilun Du and Shuang Li and Igor Mordatch},
  booktitle={Neural Information Processing Systems},
  year={2020}
}

@inproceedings{Du2021LearningSM,
  title={Learning Signal-Agnostic Manifolds of Neural Fields},
  author={Yilun Du and Katherine Collins and Joshua B. Tenenbaum and Vincent Sitzmann},
  booktitle={Neural Information Processing Systems},
  year={2021}
}

@article{Chen2022AutomatedDO,
  title={Automated discovery of fundamental variables hidden in experimental data},
  author={Boyuan Chen and Kuang Huang and Sunand Raghupathi and Ishaan Preetam Chandratreya and Qi Du and Hod Lipson},
  journal={Nature Computational Science},
  year={2022}
}

@article{go,
title	= {Mastering the game of Go with deep neural networks and tree search},
author	= {David Silver and Aja Huang and Christopher J. Maddison and Arthur Guez and Laurent Sifre and George van den Driessche and Julian Schrittwieser and Ioannis Antonoglou and Veda Panneershelvam and Marc Lanctot and Sander Dieleman and Dominik Grewe and John Nham and Nal Kalchbrenner and Ilya Sutskever and Timothy Lillicrap and Madeleine Leach and Koray Kavukcuoglu and Thore Graepel and Demis Hassabis},
year	= {2016},
URL	= {http://www.nature.com/nature/journal/v529/n7587/full/nature16961.html},
journal	= {Nature},
pages	= {484--503},
volume	= {529}
}

@misc{tresp2016learning,
      title={Learning with Memory Embeddings}, 
      author={Volker Tresp and Cristóbal Esteban and Yinchong Yang and Stephan Baier and Denis Krompaß},
      year={2016},
      eprint={1511.07972},
      archivePrefix={arXiv},
      primaryClass={cs.AI}
}

@misc{silver2017mastering,
      title={Mastering Chess and Shogi by Self-Play with a General Reinforcement Learning Algorithm}, 
      author={David Silver and Thomas Hubert and Julian Schrittwieser and Ioannis Antonoglou and Matthew Lai and Arthur Guez and Marc Lanctot and Laurent Sifre and Dharshan Kumaran and Thore Graepel and Timothy Lillicrap and Karen Simonyan and Demis Hassabis},
      year={2017},
      eprint={1712.01815},
      archivePrefix={arXiv},
      primaryClass={cs.AI}
}

@article{Vaswani2017AttentionIA,
  title={Attention is All you Need},
  author={Ashish Vaswani and Noam M. Shazeer and Niki Parmar and Jakob Uszkoreit and Llion Jones and Aidan N. Gomez and Lukasz Kaiser and Illia Polosukhin},
  journal={ArXiv},
  year={2017},
}



@inproceedings{Derrow_Pinion_2021,
	year = 2021,
	month = {oct},
  
	publisher = {{ACM}
},
  
	author = {Austin Derrow-Pinion and Jennifer She and David Wong and Oliver Lange and Todd Hester and Luis Perez and Marc Nunkesser and Seongjae Lee and Xueying Guo and Brett Wiltshire and Peter W. Battaglia and Vishal Gupta and Ang Li and Zhongwen Xu and Alvaro Sanchez-Gonzalez and Yujia Li and Petar Veličković},
  
	title = {{ETA} Prediction with Graph Neural Networks in Google Maps},
  
	booktitle = {Proceedings of the 30th {ACM} International Conference on Information {\&}amp; Knowledge Management}
}

@article{Qi2017PointNetDL,
  title={PointNet: Deep Learning on Point Sets for 3D Classification and Segmentation},
  author={C. Qi and Hao Su and Kaichun Mo and Leonidas J. Guibas},
  journal={2017 IEEE Conference on Computer Vision and Pattern Recognition (CVPR)},
  year={2017},
  pages={77-85}
}

@article{Dong2019LearningGF,
  title={Learning Graphs From Data: A Signal Representation Perspective},
  author={Xiaowen Dong and Dorina Thanou and Michael G. Rabbat and Pascal Frossard},
  journal={IEEE Signal Processing Magazine},
  year={2019},
  volume={36},
  pages={44-63}
}

@article{Tran2018OnFS,
  title={On Filter Size in Graph Convolutional Networks},
  author={Dinh Van Tran and Nicol{\`o} Navarin and Alessandro Sperduti},
  journal={2018 IEEE Symposium Series on Computational Intelligence (SSCI)},
  year={2018},
  pages={1534-1541}
}

@article{Wang2019DynamicGC,
  title={Dynamic Graph CNN for Learning on Point Clouds},
  author={Yue Wang and Yongbin Sun and Ziwei Liu and Sanjay E. Sarma and Michael M. Bronstein and Justin M. Solomon},
  journal={ACM Transactions on Graphics (TOG)},
  year={2019},
  volume={38},
  pages={1 - 12}
}

@inproceedings{Cosmo2020LatentGraphLF,
  title={Latent-Graph Learning for Disease Prediction},
  author={Luca Di Cosmo and Anees Kazi and Seyed-Ahmad Ahmadi and Nassir Navab and Michael M. Bronstein},
  booktitle={MICCAI},
  year={2020}
}

@article{Mateos2019ConnectingTD,
  title={Connecting the Dots: Identifying Network Structure via Graph Signal Processing},
  author={Gonzalo Mateos and Santiago Segarra and Antonio Garcia Marques and Alejandro Ribeiro},
  journal={IEEE Signal Processing Magazine},
  year={2019},
  volume={36},
  pages={16-43}
}

@book{riemannian,
author = {Petersen, Peter},
year = {2006},
month = {01},
pages = {},
title = {Riemannian Geometry},
isbn = {978-0-387-29246-5},
doi = {10.1007/0-387-29403-1}
}

@misc{gatv2,
  
  
  author = {Brody, Shaked and Alon, Uri and Yahav, Eran},
  
  keywords = {Machine Learning (cs.LG), FOS: Computer and information sciences, FOS: Computer and information sciences},
  
  title = {How Attentive are Graph Attention Networks?},
  
  publisher = {arXiv},
  
  year = {2021},
  
  copyright = {arXiv.org perpetual, non-exclusive license}
}


@article{Verbeek2014MetricEH,
  title={Metric Embedding, Hyperbolic Space, and Social Networks},
  author={Kevin Verbeek and Subhash Suri},
  journal={Proceedings of the thirtieth annual symposium on Computational geometry},
  year={2014}
}

@misc{heterogeneous_manifolds,
  
  author = {Di Giovanni, Francesco and Luise, Giulia and Bronstein, Michael},
  
  keywords = {Machine Learning (stat.ML), Machine Learning (cs.LG), FOS: Computer and information sciences, FOS: Computer and information sciences},
  
  title = {Heterogeneous manifolds for curvature-aware graph embedding},
  
  publisher = {arXiv},
  
  year = {2022},
  
  copyright = {arXiv.org perpetual, non-exclusive license}
}


@misc{manifold_hypothesis,

  
  author = {Bengio, Yoshua and Courville, Aaron and Vincent, Pascal},
  
  keywords = {Machine Learning (cs.LG), FOS: Computer and information sciences, FOS: Computer and information sciences},
  
  title = {Representation Learning: A Review and New Perspectives},
  
  publisher = {arXiv},
  
  year = {2012},
  
  copyright = {arXiv.org perpetual, non-exclusive license}
}

@article{Gao2018LargeScaleLG,
  title={Large-Scale Learnable Graph Convolutional Networks},
  author={Hongyang Gao and Zhengyang Wang and Shuiwang Ji},
  journal={Proceedings of the 24th ACM SIGKDD International Conference on Knowledge Discovery \& Data Mining},
  year={2018}
}

@inproceedings{Atwood2016DiffusionConvolutionalNN,
  title={Diffusion-Convolutional Neural Networks},
  author={James Atwood and Donald F. Towsley},
  booktitle={NIPS},
  year={2016}
}


@inproceedings{
barbero2022sheaf2,
title={Sheaf Attention Networks},
author={Federico Barbero and Cristian Bodnar and Haitz S{\'a}ez de Oc{\'a}riz Borde and Pietro Li{\`o}},
booktitle={NeurIPS 2022 Workshop on Symmetry and Geometry in Neural Representations},
year={2022},
url={https://openreview.net/forum?id=LIDvgVjpkZr}
}


@article{Elsken2019NeuralAS,
  title={Neural Architecture Search: A Survey},
  author={Thomas Elsken and Jan Hendrik Metzen and Frank Hutter},
  journal={ArXiv},
  year={2019},
  volume={abs/1808.05377}
}

@article{Velickovic2018GraphAN,
  title={Graph Attention Networks},
  author={Petar Veličković and Guillem Cucurull and Arantxa Casanova and Adriana Romero and Pietro Liò and Yoshua Bengio},
  journal={ArXiv},
  year={2018},
}

@inproceedings{Cayton2005AlgorithmsFM,
  title={Algorithms for manifold learning},
  author={Lawrence Cayton},
  year={2005}
}

@inproceedings{Crane:2013:DGP,
                  author = {Keenan Crane, Fernando de Goes, Mathieu Desbrun, Peter Schröder},
                  title = {Digital Geometry Processing with Discrete Exterior Calculus},
                  booktitle = {ACM SIGGRAPH 2013 courses},
                  series = {SIGGRAPH '13},
                  year = {2013},
                  location = {Anaheim, California},
                  numpages = {126},
                  publisher = {ACM},
                  address = {New York, NY, USA},
                  }

@inproceedings{Isham1989ModernDG,
  title={Modern Differential Geometry For Physicists},
  author={Christopher John Isham},
  year={1989}
}
@article{Hensel2021ASO,
  title={A Survey of Topological Machine Learning Methods},
  author={Felix Hensel and Michael Moor and Bastian Alexander Rieck},
  journal={Frontiers in Artificial Intelligence},
  year={2021},
  volume={4}
}

@misc{snns_barbero,
  doi = {10.48550/ARXIV.2206.08702},
  
  url = {https://arxiv.org/abs/2206.08702},
  
  author = {Barbero, Federico and Bodnar, Cristian and Borde, Haitz Sáez de Ocáriz and Bronstein, Michael and Veličković, Petar and Liò, Pietro},
  
  keywords = {Machine Learning (cs.LG), Algebraic Topology (math.AT), Differential Geometry (math.DG), FOS: Computer and information sciences, FOS: Computer and information sciences, FOS: Mathematics, FOS: Mathematics},
  
  title = {Sheaf Neural Networks with Connection Laplacians},
  
  publisher = {arXiv},
  
  year = {2022},
  
  copyright = {arXiv.org perpetual, non-exclusive license}
}


@article{Fefferman2013TestingTM,
  title={Testing the Manifold Hypothesis},
  author={Charles Fefferman and Sanjoy K. Mitter and Hariharan Narayanan},
  journal={arXiv: Statistics Theory},
  year={2013}
}

@misc{Tabaghi2021LinearCI,
  title={Linear Classifiers in Product Space Forms},
  author={Puoya Tabaghi and Eli Chien and Chao Pan and Jianhao Peng and Olgica Milenković},
  year={2021}
}
@misc{book_gallier,
author = {Gallier, Jean and Quaintance, Jocelyn},
year = {2020},
pages = {},
title = {Differential Geometry and Lie Groups: A Computational Perspective},
isbn = {978-3-030-46039-6},
}

@misc{Khnel2005DifferentialGC,
  title={Differential Geometry: Curves - Surfaces - Manifolds, Second Edition},
  author={Wolfgang K{\"u}hnel},
  year={2005}
}

@misc{HGCN,
  
  author = {Chami, Ines and Ying, Rex and Ré, Christopher and Leskovec, Jure},
  
  keywords = {Machine Learning (cs.LG), Machine Learning (stat.ML), FOS: Computer and information sciences, FOS: Computer and information sciences},
  
  title = {Hyperbolic Graph Convolutional Neural Networks},
  
  publisher = {arXiv},
  
  year = {2019},
  
  copyright = {arXiv.org perpetual, non-exclusive license}
}


@misc{top-k,

  
  author = {Kool, Wouter and van Hoof, Herke and Welling, Max},
  
  keywords = {Machine Learning (cs.LG), Machine Learning (stat.ML), FOS: Computer and information sciences, FOS: Computer and information sciences},
  
  title = {Stochastic Beams and Where to Find Them: The Gumbel-Top-k Trick for Sampling Sequences Without Replacement},
  
  publisher = {arXiv},
  
  year = {2019},
  
  copyright = {arXiv.org perpetual, non-exclusive license}
}

@article{Maheshwari2018ACS,
  title={A Comparative Study of Machine Learning Techniques for Aviation Applications},
  author={Apoorv Maheshwari and Navindran Davendralingam and Daniel DeLaurentis},
  journal={2018 Aviation Technology, Integration, and Operations Conference},
  year={2018}
}

@misc{barbero2022sheaf,
      title={Sheaf Neural Networks with Connection Laplacians}, 
      author={Federico Barbero and Cristian Bodnar and Haitz Sáez de Ocáriz Borde and Michael Bronstein and Petar Veličković and Pietro Liò},
      year={2022},
      archivePrefix={arXiv},
      primaryClass={cs.LG}
}


@misc{bodnar2022neural,
      title={Neural Sheaf Diffusion: A Topological Perspective on Heterophily and Oversmoothing in {GNN}s}, 
      author={Cristian Bodnar and Francesco Di Giovanni and Benjamin P. Chamberlain and Pietro Liò and Michael M. Bronstein},
      year={2022},
      archivePrefix={arXiv},
      primaryClass={cs.LG}
}


@misc{snns,
  
  author = {Hansen, Jakob and Gebhart, Thomas},
  
  keywords = {Machine Learning (cs.LG), Algebraic Topology (math.AT), FOS: Computer and information sciences, FOS: Computer and information sciences, FOS: Mathematics, FOS: Mathematics},
  
  title = {Sheaf Neural Networks},
  
  publisher = {arXiv},
  
  year = {2020},
  
  copyright = {arXiv.org perpetual, non-exclusive license}
}

@article{Jin2021AutomatedSL,
  title={Automated Self-Supervised Learning for Graphs},
  author={Wei Jin and Xiaorui Liu and Xiangyu Zhao and Yao Ma and Neil Shah and Jiliang Tang},
  journal={ArXiv},
  year={2021},
}


@article{Zhu2020BeyondHI,
  title={Beyond Homophily in Graph Neural Networks: Current Limitations and Effective Designs},
  author={Jiong Zhu and Yujun Yan and Lingxiao Zhao and Mark Heimann and Leman Akoglu and Danai Koutra},
  journal={arXiv: Learning},
  year={2020}
}

@article{McPherson2001BirdsOA,
  title={Birds of a Feather: Homophily in Social Networks},
  author={Miller McPherson and Lynn Smith-Lovin and James M. Cook},
  journal={Review of Sociology},
  year={2001},
  volume={27},
  pages={415-444}
}

@article{Kroly2021DeepLI,
  title={Deep Learning in Robotics: Survey on Model Structures and Training Strategies},
  author={Art{\'u}r Istv{\'a}n K{\'a}roly and P{\'e}ter Galambos and J{\'o}zsef Kuti and Imre J. Rudas},
  journal={IEEE Transactions on Systems, Man, and Cybernetics: Systems},
  year={2021},
  volume={51},
  pages={266-279}
}


@article{Bhangale2022SurveyOD,
  title={Survey of Deep Learning Paradigms for Speech Processing},
  author={Kishor Barasu Bhangale and Mohanaprasad Kothandaraman},
  journal={Wirel. Pers. Commun.},
  year={2022},
  volume={125},
  pages={1913-1949}
}

@article{Cybenko1989ApproximationBS,
  title={Approximation by superpositions of a sigmoidal function},
  author={George V. Cybenko},
  journal={Mathematics of Control, Signals and Systems},
  year={1989},
  volume={2},
  pages={303-314}
}

@misc{Chai2021DeepLI,
  title={Deep learning in computer vision: A critical review of emerging techniques and application scenarios},
  author={Junyi Chai and Hao Zeng and Anming Li and Eric W. T. Ngai},
  year={2021},
}



@article{Kazi_2022,
  
  
	year = 2022,
	publisher = {Institute of Electrical and Electronics Engineers ({IEEE})},
  
	pages = {1--1},
  
	author = {Anees Kazi and Luca Cosmo and Seyed-Ahmad Ahmadi and Nassir Navab and Michael Bronstein},
  
	title = {Differentiable Graph Module ({DGM}) for Graph Convolutional Networks},
  
	journal = {{IEEE} Transactions on Pattern Analysis and Machine Intelligence}
}

@inproceedings{Marcheggiani2018DeepGC,
  title={Deep Graph Convolutional Encoders for Structured Data to Text Generation},
  author={Diego Marcheggiani and Laura Perez-Beltrachini},
  booktitle={INLG},
  year={2018}
}

@inproceedings{Le2014DistributedRO,
  title={Distributed Representations of Sentences and Documents},
  author={Quoc V. Le and Tomas Mikolov},
  booktitle={ICML},
  year={2014}
}

@article{Reimers2019SentenceBERTSE,
  title={Sentence-BERT: Sentence Embeddings using Siamese BERT-Networks},
  author={Nils Reimers and Iryna Gurevych},
  journal={ArXiv},
  year={2019},
  volume={abs/1908.10084}
}

@article{Cohan2020SPECTERDR,
  title={SPECTER: Document-level Representation Learning using Citation-informed Transformers},
  author={Arman Cohan and Sergey Feldman and Iz Beltagy and Doug Downey and Daniel S. Weld},
  journal={ArXiv},
  year={2020},
  volume={abs/2004.07180}
}

@article{Torfi2020NaturalLP,
  title={Natural Language Processing Advancements By Deep Learning: A Survey},
  author={Amirsina Torfi and Rouzbeh A. Shirvani and Yaser Keneshloo and Nader Tavvaf and Edward A. Fox},
  journal={ArXiv},
  year={2020},
  volume={abs/2003.01200}
}

@inproceedings{KoncelKedziorski2019TextGF,
  title={Text Generation from Knowledge Graphs with Graph Transformers},
  author={Rik Koncel-Kedziorski and Dhanush Bekal and Yi Luan and Mirella Lapata and Hannaneh Hajishirzi},
  booktitle={NAACL},
  year={2019}
}


@misc{vanhasselt2015deep,
      title={Deep Reinforcement Learning with Double Q-learning}, 
      author={Hado van Hasselt and Arthur Guez and David Silver},
      year={2015},
      eprint={1509.06461},
      archivePrefix={arXiv},
      primaryClass={cs.LG}
}

@article{Konstas2017NeuralAS,
  title={Neural AMR: Sequence-to-Sequence Models for Parsing and Generation},
  author={Ioannis Konstas and Srini Iyer and Mark Yatskar and Yejin Choi and Luke Zettlemoyer},
  journal={ArXiv},
  year={2017},
  volume={abs/1704.08381}
}


@misc{transductive1,
  
  author = {Baek, Jinheon and Lee, Dong Bok and Hwang, Sung Ju},
  
  keywords = {Machine Learning (cs.LG), Machine Learning (stat.ML), FOS: Computer and information sciences, FOS: Computer and information sciences},
  
  title = {Learning to Extrapolate Knowledge: Transductive Few-shot Out-of-Graph Link Prediction},
  
  publisher = {arXiv},
  
  year = {2020},
  
  copyright = {arXiv.org perpetual, non-exclusive license}
}

@article{Hu2020OpenGB,
  title={Open Graph Benchmark: Datasets for Machine Learning on Graphs},
  author={Weihua Hu and Matthias Fey and Marinka Zitnik and Yuxiao Dong and Hongyu Ren and Bowen Liu and Michele Catasta and Jure Leskovec},
  journal={ArXiv},
  year={2020},

}

@article{keops,
  author  = {Benjamin Charlier and Jean Feydy and Joan Alexis Glaunès and François-David Collin and Ghislain Durif},
  title   = {Kernel Operations on the GPU, with Autodiff, without Memory Overflows},
  journal = {Journal of Machine Learning Research},
  year    = {2021},
  volume  = {22},
  number  = {74},
  pages   = {1-6},
}

@article{Alon2021OnTB,
title={{On the Bottleneck of Graph Neural Networks and its Practical Implications}},
author={Uri Alon and Eran Yahav},
booktitle={International Conference on Learning Representations},
year={2021},
url={https://openreview.net/forum?id=i80OPhOCVH2}
}


@article{diffusion_improves,
  title={Diffusion improves graph learning},
  author={Gasteiger, Johannes and Wei{\ss}enberger, Stefan and G{\"u}nnemann, Stephan},
  journal={Advances in neural information processing systems},
  volume={32},
  year={2019}
}


@misc{squashing,
  
  author = {Topping, Jake and Di Giovanni, Francesco and Chamberlain, Benjamin Paul and Dong, Xiaowen and Bronstein, Michael M.},
  
  keywords = {Machine Learning (stat.ML), Machine Learning (cs.LG), FOS: Computer and information sciences, FOS: Computer and information sciences},
  
  title = {Understanding over-squashing and bottlenecks on graphs via curvature},
  
  publisher = {arXiv},
  
  year = {2021},
  
  copyright = {arXiv.org perpetual, non-exclusive license}
}


@article{Stokes2020ADL,
  title={A Deep Learning Approach to Antibiotic Discovery},
  author={Jonathan M. Stokes and Kevin Yang and Kyle Swanson and Wengong Jin and Andres Cubillos-Ruiz and Nina M. Donghia and Craig R. MacNair and Shawn French and Lindsey A. Carfrae and Zohar Bloom-Ackermann and Victoria M. Tran and Anush Chiappino-Pepe and Ahmed H. Badran and Ian W. Andrews and Emma J. Chory and George M. Church and Eric D. Brown and T. Jaakkola and Regina Barzilay and James J. Collins},
  journal={Cell},
  year={2020},
  volume={180},
  pages={688-702.e13}
}

@article{scarselli2008graph,
  title={The graph neural network model},
  author={Scarselli, Franco and Gori, Marco and Tsoi, Ah Chung and Hagenbuchner, Markus and Monfardini, Gabriele},
  journal={IEEE transactions on neural networks},
  volume={20},
  number={1},
  pages={61--80},
  year={2008},
  publisher={IEEE}
}

@article{deep_recurrent,
author = {Hausknecht, Matthew and Stone, Peter},
year = {2015},
month = {07},
pages = {},
title = {Deep Recurrent Q-Learning for Partially Observable MDPs}
}

@misc{wang2016dueling,
      title={Dueling Network Architectures for Deep Reinforcement Learning}, 
      author={Ziyu Wang and Tom Schaul and Matteo Hessel and Hado van Hasselt and Marc Lanctot and Nando de Freitas},
      year={2016},
      eprint={1511.06581},
      archivePrefix={arXiv},
      primaryClass={cs.LG}
}

@article{dl,
author = {LeCun, Yann and Bengio, Y. and Hinton, Geoffrey},
year = {2015},
month = {05},
pages = {436-44},
title = {Deep Learning},
volume = {521},
journal = {Nature},
doi = {10.1038/nature14539}
}

@article{humanlevelcontrol,
  author={Volodymyr Mnih and Koray Kavukcuoglu and David Silver and Andrei A. Rusu and Joel Veness and Marc G. Bellemare and Alex Graves and Martin A. Riedmiller and Andreas Fidjeland and Georg Ostrovski and Stig Petersen and Charles Beattie and Amir Sadik and Ioannis Antonoglou and Helen King and Dharshan Kumaran and Daan Wierstra and Shane Legg and Demis Hassabis},
  title={Human-level control through deep reinforcement learning.},
  year={2015},
  cdate={1420070400000},
  journal={Nature},
  volume={518},
  number={7540},
  pages={529-533},
  url={https://doi.org/10.1038/nature14236}
}

@misc{levine2016endtoend,
      title={End-to-End Training of Deep Visuomotor Policies}, 
      author={Sergey Levine and Chelsea Finn and Trevor Darrell and Pieter Abbeel},
      year={2016},
      eprint={1504.00702},
      archivePrefix={arXiv},
      primaryClass={cs.LG}
}
@misc{handeye,
      title={Learning Hand-Eye Coordination for Robotic Grasping with Deep Learning and Large-Scale Data Collection}, 
      author={Sergey Levine and Peter Pastor and Alex Krizhevsky and Deirdre Quillen},
      year={2016},
      eprint={1603.02199},
      archivePrefix={arXiv},
      primaryClass={cs.LG}
}

@misc{hausknecht2017deep,
      title={Deep Recurrent Q-Learning for Partially Observable MDPs}, 
      author={Matthew Hausknecht and Peter Stone},
      year={2017},
      eprint={1507.06527},
      archivePrefix={arXiv},
      primaryClass={cs.LG}
}

@article{2019,
   title={Human-level performance in 3D multiplayer games with population-based reinforcement learning},
   volume={364},
   ISSN={1095-9203},
   url={http://dx.doi.org/10.1126/science.aau6249},
   DOI={10.1126/science.aau6249},
   number={6443},
   journal={Science},
   publisher={American Association for the Advancement of Science (AAAS)},
   author={Jaderberg, Max and Czarnecki, Wojciech M. and Dunning, Iain and Marris, Luke and Lever, Guy and Castañeda, Antonio Garcia and Beattie, Charles and Rabinowitz, Neil C. and Morcos, Ari S. and Ruderman, Avraham and et al.},
   year={2019},
   month={May},
   pages={859–865}
}

@article{lake,
author = {Lake, Brenden and Salakhutdinov, Ruslan and Tenenbaum, Joshua},
year = {2015},
month = {12},
pages = {1332-1338},
title = {Human-level concept learning through probabilistic program induction},
volume = {350},
journal = {Science},
doi = {10.1126/science.aab3050}
}

@misc{marcus2018deep,
      title={Deep Learning: A Critical Appraisal}, 
      author={Gary Marcus},
      year={2018},
      eprint={1801.00631},
      archivePrefix={arXiv},
      primaryClass={cs.AI}
}

@misc{goyal2021inductive,
      title={Inductive Biases for Deep Learning of Higher-Level Cognition}, 
      author={Anirudh Goyal and Yoshua Bengio},
      year={2021},
      eprint={2011.15091},
      archivePrefix={arXiv},
      primaryClass={cs.LG}
}

@misc{kirkpatrick2017overcoming,
      title={Overcoming catastrophic forgetting in neural networks}, 
      author={James Kirkpatrick and Razvan Pascanu and Neil Rabinowitz and Joel Veness and Guillaume Desjardins and Andrei A. Rusu and Kieran Milan and John Quan and Tiago Ramalho and Agnieszka Grabska-Barwinska and Demis Hassabis and Claudia Clopath and Dharshan Kumaran and Raia Hadsell},
      year={2017},
      eprint={1612.00796},
      archivePrefix={arXiv},
      primaryClass={cs.LG}
}

@misc{alet2021tailoring,
      title={Tailoring: encoding inductive biases by optimizing unsupervised objectives at prediction time}, 
      author={Ferran Alet and Maria Bauza and Kenji Kawaguchi and Nurullah Giray Kuru and Tomas Lozano-Perez and Leslie Pack Kaelbling},
      year={2021},
      eprint={2009.10623},
      archivePrefix={arXiv},
      primaryClass={cs.LG}
}

@misc{roy2021machine,
      title={From Machine Learning to Robotics: Challenges and Opportunities for Embodied Intelligence}, 
      author={Nicholas Roy and Ingmar Posner and Tim Barfoot and Philippe Beaudoin and Yoshua Bengio and Jeannette Bohg and Oliver Brock and Isabelle Depatie and Dieter Fox and Dan Koditschek and Tomas Lozano-Perez and Vikash Mansinghka and Christopher Pal and Blake Richards and Dorsa Sadigh and Stefan Schaal and Gaurav Sukhatme and Denis Therien and Marc Toussaint and Michiel Van de Panne},
      year={2021},
      eprint={2110.15245},
      archivePrefix={arXiv},
      primaryClass={cs.RO}
}

@article{watson,
author = {Watson, Richard and Szathmáry, Eörs},
year = {2015},
month = {12},
pages = {},
title = {How Can Evolution Learn?},
volume = {31},
journal = {Trends in ecology \& evolution},
doi = {10.1016/j.tree.2015.11.009}
}

@article{Ames2018LearningSR,
  title={Learning Symbolic Representations for Planning with Parameterized Skills},
  author={Barrett Ames and Allison Thackston and George Dimitri Konidaris},
  journal={2018 IEEE/RSJ International Conference on Intelligent Robots and Systems (IROS)},
  year={2018},
  pages={526-533}
}

@article{fast_and_slow,
author = {Botvinick, Mathew and Ritter, Sam and Wang, Jane and Kurth-Nelson, Zeb and Blundell, Charles and Hassabis, Demis},
year = {2019},
month = {04},
pages = {},
title = {Reinforcement Learning, Fast and Slow},
volume = {23},
journal = {Trends in Cognitive Sciences},
doi = {10.1016/j.tics.2019.02.006}
}

@inproceedings{Posner2020RobotsTF,
  title={Robots Thinking Fast and Slow: On Dual Process Theory and Metacognition in Embodied AI},
  author={Ingmar Posner},
  year={2020}
}

@misc{pritzel2017neural,
      title={Neural Episodic Control}, 
      author={Alexander Pritzel and Benigno Uria and Sriram Srinivasan and Adrià Puigdomènech and Oriol Vinyals and Demis Hassabis and Daan Wierstra and Charles Blundell},
      year={2017},
      eprint={1703.01988},
      archivePrefix={arXiv},
      primaryClass={cs.LG}
}


@article{Gershman2017ReinforcementLA,
  title={Reinforcement Learning and Episodic Memory in Humans and Animals: An Integrative Framework},
  author={Samuel J. Gershman and Nathaniel D. Daw},
  journal={Annual Review of Psychology},
  year={2017},
  volume={68},
  pages={101–128}
}

@inproceedings{Lengyel2007HippocampalCT,
  title={Hippocampal Contributions to Control: The Third Way},
  author={M{\'a}t{\'e} Lengyel and Peter Dayan},
  booktitle={NIPS},
  year={2007}
}

@book{bishop,
author = {Bishop, Christopher},
year = {2007},
month = {10},
pages = {},
title = {Pattern Recognition and Machine Learning (Information Science and Statistics)},
isbn = {0387310738}
}

@article{Logan1987TowardAI,
  title={Toward an instance theory of automatization.},
  author={Gordon D. Logan},
  journal={Psychological Review},
  year={1987},
  volume={95},
  pages={492-527}
}
@misc{blundell2016modelfree,
      title={Model-Free Episodic Control}, 
      author={Charles Blundell and Benigno Uria and Alexander Pritzel and Yazhe Li and Avraham Ruderman and Joel Z Leibo and Jack Rae and Daan Wierstra and Demis Hassabis},
      year={2016},
      eprint={1606.04460},
      archivePrefix={arXiv},
      primaryClass={stat.ML}
}

@article{cerebral_cortex,
author = {Schnepel, Philipp and Kumar, Arvind and Zohar, Mihael and Aertsen, Ad and Boucsein, Clemens},
year = {2014},
month = {11},
pages = {},
title = {Physiology and Impact of Horizontal Connections in Rat Neocortex},
volume = {25},
journal = {Cerebral cortex (New York, N.Y. : 1991)},
doi = {10.1093/cercor/bhu265}
}

@misc{grace2018ai,
      title={When Will AI Exceed Human Performance? Evidence from AI Experts}, 
      author={Katja Grace and John Salvatier and Allan Dafoe and Baobao Zhang and Owain Evans},
      year={2018},
      eprint={1705.08807},
      archivePrefix={arXiv},
      primaryClass={cs.AI}
}

@article{hosoya,
author = {Hosoya, Toshihiko},
year = {2019},
month = {07},
pages = {303-311},
title = {The basic repeating modules of the cerebral cortical circuit},
volume = {95},
journal = {Proceedings of the Japan Academy, Series B},
doi = {10.2183/pjab.95.022}
}


@ARTICLE{10.3389/fnint.2019.00054,
  
AUTHOR={Li, Dong and Wang, Guangyu and Xie, Hong and Hu, Yi and Guan, Ji-Song and Hilgetag, Claus C.},   
	 
TITLE={Multimodal Memory Components and Their Long-Term Dynamics Identified in Cortical Layers II/III but Not Layer V},      
	
JOURNAL={Frontiers in Integrative Neuroscience},      
	
VOLUME={13},      

PAGES={54},     
	
YEAR={2019},      
	  
URL={https://www.frontiersin.org/article/10.3389/fnint.2019.00054},       
	
DOI={10.3389/fnint.2019.00054},      
	
ISSN={1662-5145},   
   
ABSTRACT={Activity patterns of cerebral cortical regions represent the current environment in which animals receive multi-modal inputs. These patterns are also shaped by the history of activity that reflects learned information on past multimodal exposures. We studied the long-term dynamics of cortical activity patterns during the formation of multimodal memories by analyzing in vivo high-resolution 2-photon mouse brain imaging data of Immediate Early Gene (IEG) expression, resolved by cortical layers. Strikingly, in superficial layers II/III, the patterns showed similar dynamics across structurally and functionally distinct cortical areas and the consistency of dynamic patterns lasted for one to several days. By contrast, in deep layer V, the activity dynamics varied across different areas, and the current activities were sensitive to the previous activities at different time points, depending on the cortical locations, indicating that the information stored in the cortex at different time points was distributed across different cortical areas. These results suggest different roles of superficial and deep layer neurons in the long-term multimodal representation of the environment.}
}

@article{synapses,
   title={Why Neurons Have Thousands of Synapses, a Theory of Sequence Memory in Neocortex},
   volume={10},
   ISSN={1662-5110},
   url={http://dx.doi.org/10.3389/fncir.2016.00023},
   DOI={10.3389/fncir.2016.00023},
   journal={Frontiers in Neural Circuits},
   publisher={Frontiers Media SA},
   author={Hawkins, Jeff and Ahmad, Subutai},
   year={2016},
   month={Mar}
}


@article{Hawkins2017ATO,
  title={A Theory of How Columns in the Neocortex Enable Learning the Structure of the World},
  author={Jeff Hawkins and Subutai Ahmad and Yuwei Cui},
  journal={Frontiers in Neural Circuits},
  year={2017},
  volume={11}
}

@article{multimodal_learning,
author = {Liu, Chang and Sun, Fuchun and Zhang, Bo},
year = {2018},
month = {09},
pages = {61-72},
title = {Brain-inspired Multimodal Learning Based on Neural Networks},
volume = {4},
journal = {Brain Science Advances},
doi = {10.26599/BSA.2018.9050004}
}

@misc{malinowski2015multiworld,
      title={A Multi-World Approach to Question Answering about Real-World Scenes based on Uncertain Input}, 
      author={Mateusz Malinowski and Mario Fritz},
      year={2015},
      eprint={1410.0210},
      archivePrefix={arXiv},
      primaryClass={cs.AI}
}

@misc{malinowski2016ask,
      title={Ask Your Neurons: A Deep Learning Approach to Visual Question Answering}, 
      author={Mateusz Malinowski and Marcus Rohrbach and Mario Fritz},
      year={2016},
      eprint={1605.02697},
      archivePrefix={arXiv},
      primaryClass={cs.CV}
}

@misc{radford2021learning,
      title={Learning Transferable Visual Models From Natural Language Supervision}, 
      author={Alec Radford and Jong Wook Kim and Chris Hallacy and Aditya Ramesh and Gabriel Goh and Sandhini Agarwal and Girish Sastry and Amanda Askell and Pamela Mishkin and Jack Clark and Gretchen Krueger and Ilya Sutskever},
  year={2021},
      eprint={2103.00020},
      archivePrefix={arXiv},
      primaryClass={cs.CV}
}

@article{goh2021multimodal,
  author = {Goh, Gabriel and †, Nick Cammarata and †, Chelsea Voss and Carter, Shan and Petrov, Michael and Schubert, Ludwig and Radford, Alec and Olah, Chris},
  title = {Multimodal Neurons in Artificial Neural Networks},
  journal = {Distill},
  year = {2021},
  note = {https://distill.pub/2021/multimodal-neurons},
  doi = {10.23915/distill.00030}
}


@article{Rozemberczki2021MultiscaleAN,
  title={Multi-scale Attributed Node Embedding},
  author={Benedek Rozemberczki and Carl Allen and Rik Sarkar},
  journal={J. Complex Networks},
  year={2021},
  volume={9}
}

@article{Pei2020GeomGCNGG,
 title={Geom-GCN: Geometric Graph Convolutional Networks},
author={Hongbin Pei and Bingzhe Wei and Kevin Chen-Chuan Chang and Yu Lei and Bo Yang},
booktitle={International Conference on Learning Representations},
year={2020},
url={https://openreview.net/forum?id=S1e2agrFvS}
}

@misc{bronstein2021geometric,
      title={Geometric Deep Learning: Grids, Groups, Graphs, Geodesics, and Gauges}, 
      author={Michael M. Bronstein and Joan Bruna and Taco Cohen and Petar Veličković},
      year={2021},
      archivePrefix={arXiv},
      primaryClass={cs.LG}
}

@misc{zhou2021graph,
      title={Graph Neural Networks: A Review of Methods and Applications}, 
      author={Jie Zhou and Ganqu Cui and Shengding Hu and Zhengyan Zhang and Cheng Yang and Zhiyuan Liu and Lifeng Wang and Changcheng Li and Maosong Sun},
      year={2021},
      eprint={1812.08434},
      archivePrefix={arXiv},
      primaryClass={cs.LG}
}

@article{STOKES2020688,
title = {A Deep Learning Approach to Antibiotic Discovery},
journal = {Cell},
volume = {180},
number = {4},
pages = {688-702.e13},
year = {2020},
issn = {0092-8674},
doi = {https://doi.org/10.1016/j.cell.2020.01.021},
url = {https://www.sciencedirect.com/science/article/pii/S0092867420301021},
author = {Jonathan M. Stokes and Kevin Yang and Kyle Swanson and Wengong Jin and Andres Cubillos-Ruiz and Nina M. Donghia and Craig R. MacNair and Shawn French and Lindsey A. Carfrae and Zohar Bloom-Ackermann and Victoria M. Tran and Anush Chiappino-Pepe and Ahmed H. Badran and Ian W. Andrews and Emma J. Chory and George M. Church and Eric D. Brown and Tommi S. Jaakkola and Regina Barzilay and James J. Collins},
keywords = {antibiotics, antibiotic resistance, antibiotic tolerance, machine learning, drug discovery},
abstract = {Summary
Due to the rapid emergence of antibiotic-resistant bacteria, there is a growing need to discover new antibiotics. To address this challenge, we trained a deep neural network capable of predicting molecules with antibacterial activity. We performed predictions on multiple chemical libraries and discovered a molecule from the Drug Repurposing Hub—halicin—that is structurally divergent from conventional antibiotics and displays bactericidal activity against a wide phylogenetic spectrum of pathogens including Mycobacterium tuberculosis and carbapenem-resistant Enterobacteriaceae. Halicin also effectively treated Clostridioides difficile and pan-resistant Acinetobacter baumannii infections in murine models. Additionally, from a discrete set of 23 empirically tested predictions from >107 million molecules curated from the ZINC15 database, our model identified eight antibacterial compounds that are structurally distant from known antibiotics. This work highlights the utility of deep learning approaches to expand our antibiotic arsenal through the discovery of structurally distinct antibacterial molecules.}
}

@misc{sanchezgonzalez2020learning,
      title={Learning to Simulate Complex Physics with Graph Networks}, 
      author={Alvaro Sanchez-Gonzalez and Jonathan Godwin and Tobias Pfaff and Rex Ying and Jure Leskovec and Peter W. Battaglia},
      year={2020},
      eprint={2002.09405},
      archivePrefix={arXiv},
      primaryClass={cs.LG}
}
@misc{monti2019fake,
      title={Fake News Detection on Social Media using Geometric Deep Learning}, 
      author={Federico Monti and Fabrizio Frasca and Davide Eynard and Damon Mannion and Michael M. Bronstein},
      year={2019},
      eprint={1902.06673},
      archivePrefix={arXiv},
      primaryClass={cs.SI}
}

@article{googlemaps,
   title={ETA Prediction with Graph Neural Networks in Google Maps},
   url={http://dx.doi.org/10.1145/3459637.3481916},
   DOI={10.1145/3459637.3481916},
   journal={Proceedings of the 30th ACM International Conference on Information \& Knowledge Management},
   publisher={ACM},
   author={Derrow-Pinion, Austin and She, Jennifer and Wong, David and Lange, Oliver and Hester, Todd and Perez, Luis and Nunkesser, Marc and Lee, Seongjae and Guo, Xueying and Wiltshire, Brett and et al.},
   year={2021},
   month={Oct}
}

@misc{zhu2020datadriven,
      title={A Data-driven Approach for Turbulence Modeling}, 
      author={Yangmo Zhu and Nam Dinh},
      year={2020},
      archivePrefix={arXiv},
      primaryClass={physics.flu-dyn}
}

@inproceedings{Chen2020MeasuringAR,
  title={Measuring and Relieving the Over-smoothing Problem for Graph Neural Networks from the Topological View},
  author={Deli Chen and Yankai Lin and Wei Li and Peng Li and Jie Zhou and Xu Sun},
  booktitle={AAAI},
  year={2020}
}

@article{Fetaya2018NeuralRI,
  title={Neural Relational Inference for Interacting Systems},
  author={T. Fetaya and Elias Wang and K. C. Welling and Michelle Zemel and Thomas Kipf and Ethan Fetaya and Kuan-Chieh Wang and Max Welling and Richard S. Zemel},
  journal={arXiv: Machine Learning},
  year={2018}
}

@article{Ladkin2005InterpretingMF,
  title={Interpreting Message Flow Graphs},
  author={Peter B. Ladkin and Stefan Leue},
  journal={Formal Aspects of Computing},
  year={2005},
  volume={7},
  pages={473-509}
}

@article{ling2016reynolds,
  title={Reynolds averaged turbulence modelling using deep neural networks with
embedded invariance},
  author={Ling, Julia and Kurzawski, Andrew and Templeton, Jeremy},
  journal={Journal of Fluid Mechanics},
  volume={807},
  pages={155--166},
  year={2016},
  publisher={Cambridge University Press}
}

@article{fang2018deep,
  title={Neural network models for the anisotropic Reynolds stress tensor in turbulent channel flow},
  author={Rui Fang and David Sondak and Pavlos Protopapas and Sauro Succi},
  journal={Journal of Turbulence},
  year={2019},
  volume={21},
  pages={525 - 543}
}

@article{nt2019revisiting,
  title={Revisiting graph neural networks: All we have is low-pass filters},
  author={Nt, Hoang and Maehara, Takanori},
  journal={arXiv preprint arXiv:1905.09550},
  year={2019}
}


@article{rusch2023survey,
  title={A survey on oversmoothing in graph neural networks},
  author={Rusch, T Konstantin and Bronstein, Michael M and Mishra, Siddhartha},
  journal={arXiv preprint arXiv:2303.10993},
  year={2023}
}

@misc{multitask,
  
  author = {Sáez de Ocáriz Borde, Haitz and Sondak, David and Protopapas, Pavlos},
  
  keywords = {Fluid Dynamics (physics.flu-dyn), Machine Learning (cs.LG), FOS: Physical sciences, FOS: Physical sciences, FOS: Computer and information sciences, FOS: Computer and information sciences},
  
  title = {Multi-Task Learning based Convolutional Models with Curriculum Learning for the Anisotropic Reynolds Stress Tensor in Turbulent Duct Flow},
  
  publisher = {arXiv},
  
  year = {2021},
  
  copyright = {Creative Commons Attribution 4.0 International}
}

@article{Xu2021MachineLF,
  title={Machine learning for adjoint vector in aerodynamic shape optimization},
  author={Mengfei Xu and Shufang Song and Xuxiang Sun and Wengang Chen and Weiwei Zhang},
  journal={Acta Mechanica Sinica},
  year={2021}
}

@article{Borde2021ConvolutionalNN,
  title={Convolutional neural network models and interpretability for the anisotropic reynolds stress tensor in turbulent one-dimensional flows},
  author={Sáez de Ocáriz Borde, Haitz and Sondak,David and Protopapas, Pavlos},
  journal={Journal of Turbulence},
  year={2021},
  volume={23},
  pages={1 - 28}
}


@misc{tadpole,
  
  author = {Marinescu, Razvan V. and Oxtoby, Neil P. and Young, Alexandra L. and Bron, Esther E. and Toga, Arthur W. and Weiner, Michael W. and Barkhof, Frederik and Fox, Nick C. and Eshaghi, Arman and Toni, Tina and Salaterski, Marcin and Lunina, Veronika and Ansart, Manon and Durrleman, Stanley and Lu, Pascal and Iddi, Samuel and Li, Dan and Thompson, Wesley K. and Donohue, Michael C. and Nahon, Aviv and Levy, Yarden and Halbersberg, Dan and Cohen, Mariya and Liao, Huiling and Li, Tengfei and Yu, Kaixian and Zhu, Hongtu and Tamez-Pena, Jose G. and Ismail, Aya and Wood, Timothy and Bravo, Hector Corrada and Nguyen, Minh and Sun, Nanbo and Feng, Jiashi and Yeo, B. T. Thomas and Chen, Gang and Qi, Ke and Chen, Shiyang and Qiu, Deqiang and Buciuman, Ionut and Kelner, Alex and Pop, Raluca and Rimocea, Denisa and Ghazi, Mostafa M. and Nielsen, Mads and Ourselin, Sebastien and Sorensen, Lauge and Venkatraghavan, Vikram and Liu, Keli and Rabe, Christina and Manser, Paul and Hill, Steven M. and Howlett, James and Huang, Zhiyue and Kiddle, Steven and Mukherjee, Sach and Rouanet, Anais and Taschler, Bernd and Tom, Brian D. M. and White, Simon R. and Faux, Noel and Sedai, Suman and Oriol, Javier de Velasco and Clemente, Edgar E. V. and Estrada, Karol and Aksman, Leon and Altmann, Andre and Stonnington, Cynthia M. and Wang, Yalin and Wu, Jianfeng and Devadas, Vivek and Fourrier, Clementine and Raket, Lars Lau and Sotiras, Aristeidis and Erus, Guray and Doshi, Jimit and Davatzikos, Christos and Vogel, Jacob and Doyle, Andrew and Tam, Angela and Diaz-Papkovich, Alex and Jammeh, Emmanuel and Koval, Igor and Moore, Paul and Lyons, Terry J. and Gallacher, John and Tohka, Jussi and Ciszek, Robert and Jedynak, Bruno and Pandya, Kruti and Bilgel, Murat and Engels, William and Cole, Joseph and Golland, Polina and Klein, Stefan and Alexander, Daniel C.},
  
  keywords = {Populations and Evolution (q-bio.PE), Applications (stat.AP), FOS: Biological sciences, FOS: Biological sciences, FOS: Computer and information sciences, FOS: Computer and information sciences},
  
  title = {The Alzheimer's Disease Prediction Of Longitudinal Evolution (TADPOLE) Challenge: Results after 1 Year Follow-up},
  
  publisher = {arXiv},
  
  year = {2020},
  
  copyright = {Creative Commons Attribution 4.0 International}
}


@misc{alchemy,
  
  author = {Chen, Guangyong and Chen, Pengfei and Hsieh, Chang-Yu and Lee, Chee-Kong and Liao, Benben and Liao, Renjie and Liu, Weiwen and Qiu, Jiezhong and Sun, Qiming and Tang, Jie and Zemel, Richard and Zhang, Shengyu},
  
  keywords = {Machine Learning (cs.LG), Machine Learning (stat.ML), FOS: Computer and information sciences, FOS: Computer and information sciences},
  
  title = {Alchemy: A Quantum Chemistry Dataset for Benchmarking AI Models},
  
  publisher = {arXiv},
  
  year = {2019},
  
  copyright = {arXiv.org perpetual, non-exclusive license}
}


@misc{moleculenet,

  
  author = {Wu, Zhenqin and Ramsundar, Bharath and Feinberg, Evan N. and Gomes, Joseph and Geniesse, Caleb and Pappu, Aneesh S. and Leswing, Karl and Pande, Vijay},
  
  keywords = {Machine Learning (cs.LG), Chemical Physics (physics.chem-ph), Machine Learning (stat.ML), FOS: Computer and information sciences, FOS: Computer and information sciences, FOS: Physical sciences, FOS: Physical sciences},
  
  title = {MoleculeNet: A Benchmark for Molecular Machine Learning},
  
  publisher = {arXiv},
  
  year = {2017},
  
  copyright = {arXiv.org perpetual, non-exclusive license}
}


@misc{eksombatchai2017pixie,
      title={Pixie: A System for Recommending 3+ Billion Items to 200+ Million Users in Real-Time}, 
      author={Chantat Eksombatchai and Pranav Jindal and Jerry Zitao Liu and Yuchen Liu and Rahul Sharma and Charles Sugnet and Mark Ulrich and Jure Leskovec},
      year={2017},
      eprint={1711.07601},
      archivePrefix={arXiv},
      primaryClass={cs.IR}
}

@inproceedings{reco_graph,
author = {Fan, Wenqi and Ma, Yao and Li, Qing and He, Yuan and Zhao, Eric and Tang, Jiliang and Yin, Dawei},
title = {Graph Neural Networks for Social Recommendation},
year = {2019},
isbn = {9781450366748},
publisher = {Association for Computing Machinery},
address = {New York, NY, USA},
url = {https://doi.org/10.1145/3308558.3313488},
doi = {10.1145/3308558.3313488},
abstract = {In recent years, Graph Neural Networks (GNNs), which can naturally integrate node information and topological structure, have been demonstrated to be powerful in learning on graph data. These advantages of GNNs provide great potential to advance social recommendation since data in social recommender systems can be represented as user-user social graph and user-item graph; and learning latent factors of users and items is the key. However, building social recommender systems based on GNNs faces challenges. For example, the user-item graph encodes both interactions and their associated opinions; social relations have heterogeneous strengths; users involve in two graphs (e.g., the user-user social graph and the user-item graph). To address the three aforementioned challenges simultaneously, in this paper, we present a novel graph neural network framework (GraphRec) for social recommendations. In particular, we provide a principled approach to jointly capture interactions and opinions in the user-item graph and propose the framework GraphRec, which coherently models two graphs and heterogeneous strengths. Extensive experiments on two real-world datasets demonstrate the effectiveness of the proposed framework GraphRec.},
booktitle = {The World Wide Web Conference},
pages = {417–426},
numpages = {10},
keywords = {Social Recommendation, Neural Networks, Graph Neural Networks, Social Network, Recommender Systems},
location = {San Francisco, CA, USA},
series = {WWW '19}
}

@article{Zou2019DimensionalRG,
  title={Dimensional Reweighting Graph Convolutional Networks},
  author={Xu Zou and Qiuye Jia and Jianwei Zhang and Chang Zhou and Hongxia Yang and Jie Tang},
  journal={ArXiv},
  year={2019},
}

@article{Hu2020StrategiesFP,
  title={Strategies for Pre-training Graph Neural Networks},
  author={Weihua Hu and Bowen Liu and Joseph Gomes and Marinka Zitnik and Percy Liang and Vijay S. Pande and Jure Leskovec},
  journal={arXiv: Learning},
  year={2020}
}

@article{Dwivedi2020BenchmarkingGN,
  title={Benchmarking Graph Neural Networks},
  author={Vijay Prakash Dwivedi and Chaitanya K. Joshi and Thomas Laurent and Yoshua Bengio and Xavier Bresson},
  journal={ArXiv},
  year={2020},
}

@article{Wu2019SimplifyingGC,
  title={Simplifying Graph Convolutional Networks},
  author={Felix Wu and Tianyi Zhang and Amauri H. de Souza and Christopher Fifty and Tao Yu and Kilian Q. Weinberger},
  journal={ArXiv},
  year={2019},
}

@misc{zhang2020deep,
      title={Deep Learning on Graphs: A Survey}, 
      author={Ziwei Zhang and Peng Cui and Wenwu Zhu},
      year={2020},
      eprint={1812.04202},
      archivePrefix={arXiv},
      primaryClass={cs.LG}
}

@article{ruddigkeit2012enumeration,
  title={Enumeration of 166 billion organic small molecules in the chemical universe database GDB-17},
  author={Ruddigkeit, Lars and Van Deursen, Ruud and Blum, Lorenz C and Reymond, Jean-Louis},
  journal={Journal of chemical information and modeling},
  volume={52},
  number={11},
  pages={2864--2875},
  year={2012},
  publisher={ACS Publications}
}

@misc{Needham1997VisualCA,
  title={Visual Complex Analysis},
  author={Tristan Needham},
  year={1997}
}

@article{Ramakrishnan2015ElectronicSF,
  title={Electronic spectra from TDDFT and machine learning in chemical space.},
  author={Raghunathan Ramakrishnan and Mia Hartmann and Enrico Tapavicza and O. Anatole von Lilienfeld},
  journal={The Journal of chemical physics},
  year={2015},
  volume={143 8},
  pages={
          084111
        }
}

@misc{pitfalls,
  
  author = {Shchur, Oleksandr and Mumme, Maximilian and Bojchevski, Aleksandar and Günnemann, Stephan},
  
  keywords = {Machine Learning (cs.LG), Social and Information Networks (cs.SI), Machine Learning (stat.ML), FOS: Computer and information sciences, FOS: Computer and information sciences},
  
  title = {Pitfalls of Graph Neural Network Evaluation},
  
  publisher = {arXiv},
  
  year = {2018},
  
  copyright = {arXiv.org perpetual, non-exclusive license}
}

@article{Maglietta2007SelectionOR,
  title={Selection of relevant genes in cancer diagnosis based on their prediction accuracy},
  author={Rosalia Maglietta and Annarita D’Addabbo and Ada Piepoli and Francesco Perri and Sabino Liuni and Graziano Pesole and Nicola Ancona},
  journal={Artificial intelligence in medicine},
  year={2007},
  volume={40 1},
  pages={
          29-44
        }
}

@article{Krizhevsky2012ImageNetCW,
  title={ImageNet classification with deep convolutional neural networks},
  author={Alex Krizhevsky and Ilya Sutskever and Geoffrey E. Hinton},
  journal={Communications of the ACM},
  year={2012},
  volume={60},
  pages={84 - 90}
}

@article{LeCun1998GradientbasedLA,
  title={Gradient-based learning applied to document recognition},
  author={Yann LeCun and L{\'e}on Bottou and Yoshua Bengio and Patrick Haffner},
  journal={Proc. IEEE},
  year={1998},
  volume={86},
  pages={2278-2324}
}

@article{Keriven2019UniversalIA,
  title={Universal Invariant and Equivariant Graph Neural Networks},
  author={Nicolas Keriven and Gabriel Peyr{\'e}},
  journal={ArXiv},
  year={2019},
}

@article{Jing2021EquivariantGN,
  title={Equivariant Graph Neural Networks for 3D Macromolecular Structure},
  author={Bowen Jing and Stephan Eismann and Pratham N. Soni and Ron O. Dror},
  journal={ArXiv},
  year={2021},
}

@misc{satorras,
  
  author = {Satorras, Victor Garcia and Hoogeboom, Emiel and Welling, Max},
  
  keywords = {Machine Learning (cs.LG), Machine Learning (stat.ML), FOS: Computer and information sciences, FOS: Computer and information sciences},
  
  title = {E(n) Equivariant Graph Neural Networks},
  
  publisher = {arXiv},
  
  year = {2021},
  
  copyright = {arXiv.org perpetual, non-exclusive license}
}


@article{Mesquita2020RethinkingPI,
  title={Rethinking pooling in graph neural networks},
  author={Diego Mesquita and Amauri H. de Souza and Samuel Kaski},
  journal={ArXiv},
  year={2020},
}

@article{WIEDER20201,
title = {A compact review of molecular property prediction with graph neural networks},
journal = {Drug Discovery Today: Technologies},
volume = {37},
pages = {1-12},
year = {2020},
issn = {1740-6749},
author = {Oliver Wieder and Stefan Kohlbacher and Mélaine Kuenemann and Arthur Garon and Pierre Ducrot and Thomas Seidel and Thierry Langer},
keywords = {AI, Deep-learning, Neural-networks, Graph neural-networks, Molecular representation, Molecular property, Drug discovery, Computational chemistry},
abstract = {As graph neural networks are becoming more and more powerful and useful in the field of drug discovery, many pharmaceutical companies are getting interested in utilizing these methods for their own in-house frameworks. This is especially compelling for tasks such as the prediction of molecular properties which is often one of the most crucial tasks in computer-aided drug discovery workflows. The immense hype surrounding these kinds of algorithms has led to the development of many different types of promising architectures and in this review we try to structure this highly dynamic field of AI-research by collecting and classifying 80 GNNs that have been used to predict more than 20 molecular properties using 48 different datasets.}
}

@article{Zhang2021MotifbasedGS,
  title={Motif-based Graph Self-Supervised Learning for Molecular Property Prediction},
  author={Zaixin Zhang and Qi Liu and Hao Wang and Chengqiang Lu and Chee-Kong Lee},
  journal={ArXiv},
  year={2021},
}

@misc{PyMOL,
	Annote = {PyMOL

The PyMOL Molecular Graphics System, Version 1.8, Schr{\"o}dinger, LLC.},
	Author = {{Schr\"odinger, LLC}},
	Date-Added = {2010-08-19 17:29:55 -0400},
	Date-Modified = {2015-12-22 18:04:08 -0400},
	Title = {The {PyMOL} Molecular Graphics System, Version~1.8},
	Year = {2015}}
 
@misc{Godwin2021SimpleGR,
  title={Simple {GNN} Regularisation for 3{D} Molecular Property Prediction $\&$ Beyond},
  author={Jonathan Godwin and Michael Schaarschmidt and Alex Gaunt and Alvaro Sanchez-Gonzalez and Yulia Rubanova and Petar Veličković and James Kirkpatrick and Peter W. Battaglia},
  year={2021}
}


@article{Li2021GeomGCLGG,
  title={GeomGCL: Geometric Graph Contrastive Learning for Molecular Property Prediction},
  author={Shuangli Li and Jingbo Zhou and Tong Xu and Dejing Dou and Hui Xiong},
  journal={ArXiv},
  year={2021},
}

@article{Stark20213DII,
  title={3D Infomax improves {GNN}s for Molecular Property Prediction},
  author={Hannes Stark and D. Beaini and Gabriele Corso and Prudencio Tossou and Christian Dallago and Stephan Gunnemann and Pietro Liò},
  journal={ArXiv},
  year={2021},
}

@misc{tudataset,
  
  author = {Morris, Christopher and Kriege, Nils M. and Bause, Franka and Kersting, Kristian and Mutzel, Petra and Neumann, Marion},
  
  keywords = {Machine Learning (cs.LG), Neural and Evolutionary Computing (cs.NE), Machine Learning (stat.ML), FOS: Computer and information sciences, FOS: Computer and information sciences},
  
  title = {TUDataset: A collection of benchmark datasets for learning with graphs},
  
  publisher = {arXiv},
  
  year = {2020},
  
  copyright = {arXiv.org perpetual, non-exclusive license}
}


@article{Gama2019AggregationGN,
  title={Aggregation Graph Neural Networks},
  author={Fernando Gama and Antonio Garcia Marques and Alejandro Ribeiro and Geert Leus},
  journal={ICASSP 2019 - 2019 IEEE International Conference on Acoustics, Speech and Signal Processing (ICASSP)},
  year={2019},
  pages={4943-4947}
}

@article{Bach2017BreakingTC,
  title={Breaking the Curse of Dimensionality with Convex Neural Networks},
  author={Francis R. Bach},
  journal={J. Mach. Learn. Res.},
  year={2017},
  volume={18},
  pages={19:1-19:53}
}

@article{Montanelli2021DeepRN,
  title={Deep ReLU Networks Overcome the Curse of Dimensionality for Generalized Bandlimited Functions},
  author={Hadrien Montanelli},
  journal={Journal of Computational Mathematics},
  year={2021}
}

@article{Bauer2019OnDL,
  title={On deep learning as a remedy for the curse of dimensionality in nonparametric regression},
  author={Benedikt Bauer and Michael Kohler},
  journal={The Annals of Statistics},
  year={2019}
}

@article{Li2021MessageAwareGA,
  title={Message-Aware Graph Attention Networks for Large-Scale Multi-Robot Path Planning},
  author={Qingbiao Li and Weizhe Lin and Zhe Liu and Amanda Prorok},
  journal={IEEE Robotics and Automation Letters},
  year={2021},
  volume={6},
  pages={5533-5540}
}

@article{Wang2021JointOD,
  title={Joint Object Detection and Multi-Object Tracking with Graph Neural Networks},
  author={Yongxin Wang and Kris Kitani and Xinshuo Weng},
  journal={2021 IEEE International Conference on Robotics and Automation (ICRA)},
  year={2021},
  pages={13708-13715}
}

@article{Dighe2020LatticeBasedIF,
  title={Lattice-Based Improvements for Voice Triggering Using Graph Neural Networks},
  author={Pranay Dighe and Saurabh N. Adya and Nuoyu Li and Srikanth Vishnubhotla and Devang Naik and Adithya Sagar and Ying Ma and Stephen G. Pulman and Jason Williams},
  journal={ICASSP 2020 - 2020 IEEE International Conference on Acoustics, Speech and Signal Processing (ICASSP)},
  year={2020},
  pages={7459-7463}
}

@inproceedings{Liu2019OnTU,
  title={On the Use of Pitch Features for Disordered Speech Recognition},
  author={Shansong Liu and Shoukang Hu and Xunying Liu and Helen M. Meng},
  booktitle={INTERSPEECH},
  year={2019}
}

@article{Tang2022GraphNN,
  title={Graph Neural Networks in Computer Vision},
  author={Siliang Tang and Wenqiao Zhang and Zongshen Mu and Kai Shen and Juncheng Li and Jiacheng Li and Lingfei Wu},
  journal={Graph Neural Networks: Foundations, Frontiers, and Applications},
  year={2022}
}

@article{Pradhyumna2021GraphNN,
  title={Graph Neural Network (GNN) in Image and Video Understanding Using Deep Learning for Computer Vision Applications},
  author={P Pradhyumna and Garge Shreya and Mohana},
  journal={2021 Second International Conference on Electronics and Sustainable Communication Systems (ICESC)},
  year={2021},
  pages={1183-1189}
}

@article{Bronstein2017GeometricDL,
  title={Geometric Deep Learning: Going beyond Euclidean data},
  author={Michael M. Bronstein and Joan Bruna and Yann LeCun and Arthur D. Szlam and Pierre Vandergheynst},
  journal={IEEE Signal Processing Magazine},
  year={2017},
  volume={34},
  pages={18-42}
}

@article{Beltramo2021EulerCS,
  title={Euler Characteristic Surfaces},
  author={Gabriele Beltramo and Rayna Andreeva and Ylenia Giarratano and Miguel O. Bernabeu and Rik Sarkar and Primoz Skraba},
  journal={ArXiv},
  year={2021},
}

@inproceedings{Lee2019SetTA,
  title={Set Transformer: A Framework for Attention-based Permutation-Invariant Neural Networks},
  author={Juho Lee and Yoonho Lee and Jungtaek Kim and Adam R. Kosiorek and Seungjin Choi and Yee Whye Teh},
  booktitle={ICML},
  year={2019}
}

@inproceedings{Wu2021HierarchicalIP,
  title={Hierarchical Inducing Point Gaussian Process for Inter-domain Observations},
  author={Luhuan Wu and Andrew Miller and Lauren Anderson and Geoff Pleiss and David M. Blei and John P. Cunningham},
  booktitle={AISTATS},
  year={2021}
}

@article{GalyFajou2021AdaptiveIP,
  title={Adaptive Inducing Points Selection For Gaussian Processes},
  author={Th{\'e}o Galy-Fajou and Manfred Opper},
  journal={ArXiv},
  year={2021},

}

@article{interneurons,
  title={Interneurons of the hippocampus},
  author={Tam{\'a}s F. Freund and Gy{\"o}rgy Buzs{\'a}ki},
  journal={Hippocampus},
  year={1996},
  volume={6}
}

@article{Kowalski1989CurvatureHR,
  title={Curvature homogeneous Riemannian manifolds},
  author={Oldřich Kowalski and Franco Tricerri and Lieven Vanhecke},
  journal={Journal de Math{\'e}matiques Pures et Appliqu{\'e}es},
  year={1989},
  volume={71},
  pages={471-501}
}

@article{BeltramiTeoriaFD,
  title={Teoria fondamentale degli spazii di curvatura costante},
  author={Eugenio Beltrami},
  journal={Annali di Matematica Pura ed Applicata (1867-1897)},
  volume={2},
  pages={232-255}
}

@inproceedings{Frank1998UsingAP,
  title={Using a Permutation Test for Attribute Selection in Decision Trees},
  author={Eibe Frank and Ian H. Witten},
  booktitle={ICML},
  year={1998}
}
@misc{2014DataMP,
  title={Data mining: practical machine learning tools and techniques, 3rd Edition},
  author={Ian H. Witten and Eibe Frank and Mark A. Hall},
  year={1999}
}

@article{Good1995PermutationTA,
  title={Permutation Tests: A Practical Guide to Resampling Methods for Testing Hypotheses},
  author={Phillip Good},
  journal={Technometrics},
  year={1995},
  volume={37},
  pages={341-342}
}

@article{Ojala2009PermutationTF,
  title={Permutation Tests for Studying Classifier Performance},
  author={Markus Ojala and Gemma C. Garriga},
  journal={2009 Ninth IEEE International Conference on Data Mining},
  year={2009},
  pages={908-913}
}



@InProceedings{cora,
  title = 	 {Revisiting Semi-Supervised Learning with Graph Embeddings},
  author = 	 {Yang, Zhilin and Cohen, William and Salakhudinov, Ruslan},
  booktitle = 	 {Proceedings of The 33rd International Conference on Machine Learning},
  pages = 	 {40--48},
  year = 	 {2016},
  volume = 	 {48},
  series = 	 {Proceedings of Machine Learning Research},
  address = 	 {New York, New York, USA},
  month = 	 {20--22 Jun},
  publisher =    {PMLR}
}



@article{Sen2008CollectiveCI,
  title={Collective Classification in Network Data},
  author={Prithviraj Sen and Galileo Namata and Mustafa Bilgic and Lise Getoor and Brian Gallagher and Tina Eliassi-Rad},
  journal={AI Mag.},
  year={2008},
  volume={29},
  pages={93-106}
}

@inproceedings{Lu2003LinkBasedC,
  title={Link-Based Classification},
  author={Qing Lu and Lise Getoor},
  booktitle={Encyclopedia of Machine Learning and Data Mining},
  year={2003}
}

@article{ramakrishnan2014quantum,
  title={Quantum chemistry structures and properties of 134 kilo molecules},
  author={Ramakrishnan, Raghunathan and Dral, Pavlo O and Rupp, Matthias and Von Lilienfeld, O Anatole},
  journal={Scientific data},
  volume={1},
  number={1},
  pages={1--7},
  year={2014},
  publisher={Nature Publishing Group}
}

@inproceedings{Hamilton2017InductiveRL,
  title={Inductive Representation Learning on Large Graphs},
  author={William L. Hamilton and Zhitao Ying and Jure Leskovec},
  booktitle={NIPS},
  year={2017}
}

@article{blum,
  author  = {L. C. Blum and J.-L. Reymond},
  title   = {970 Million Druglike Small Molecules for Virtual Screening in the Chemical Universe Database {GDB-13}},
  journal = "J. Am. Chem. Soc.",
  volume  = 131,
  pages   = 8732,
  year    = 2009
}

@article{monta,
author = {Montavon, Grégoire and Rupp, Matthias and Gobre, Vivekanand and Vazquez-Mayagoitia, Alvaro and Hansen, Katja and Tkatchenko, Alexandre and Müller, Klaus-Robert and von Lilienfeld, Anatole},
year = {2013},
pages = {},
title = {Machine Learning of Molecular Electronic Properties in Chemical Compound Space},
volume = {15},
journal = {New Journal of Physics},
}

@ARTICLE{rupp,
  author  = {M. Rupp and A. Tkatchenko and K.-R. M\"uller and O. A. von Lilienfeld},
  title   = {Fast and accurate modeling of molecular atomization energies with machine learning},
  journal = "Physical Review Letters",
  year    = 2012,
  volume  = 108,
  pages   = 058301
}



@article{beyond_eucliden,
   title={Geometric Deep Learning: Going beyond Euclidean data},
   volume={34},
   ISSN={1558-0792},
   url={http://dx.doi.org/10.1109/MSP.2017.2693418},
   DOI={10.1109/msp.2017.2693418},
   number={4},
   journal={IEEE Signal Processing Magazine},
   publisher={Institute of Electrical and Electronics Engineers (IEEE)},
   author={Bronstein, Michael M. and Bruna, Joan and LeCun, Yann and Szlam, Arthur and Vandergheynst, Pierre},
   year={2017},
   month={Jul},
   pages={18–42}
}

@ARTICLE{computational_capabilities,
  author={Scarselli, Franco and Gori, Marco and Tsoi, Ah Chung and Hagenbuchner, Markus and Monfardini, Gabriele},
  journal={IEEE Transactions on Neural Networks}, 
  title={Computational Capabilities of Graph Neural Networks}, 
  year={2009},
  volume={20},
  number={1},
  pages={81-102},
  doi={10.1109/TNN.2008.2005141}}
  
@misc{gao2020multimodal,
      title={Multi-Modal Graph Neural Network for Joint Reasoning on Vision and Scene Text}, 
      author={Difei Gao and Ke Li and Ruiping Wang and Shiguang Shan and Xilin Chen},
      year={2020},
      eprint={2003.13962},
      archivePrefix={arXiv},
      primaryClass={cs.CV}
}

@misc{velarde2020artificial,
      title={Artificial Intelligence and its impact on the Fourth Industrial Revolution: A Review}, 
      author={Gissel Velarde},
      year={2020},
      eprint={2011.03044},
      archivePrefix={arXiv},
      primaryClass={cs.CY}
}
@misc{weston2015memory,
      title={Memory Networks}, 
      author={Jason Weston and Sumit Chopra and Antoine Bordes},
      year={2015},
      eprint={1410.3916},
      archivePrefix={arXiv},
      primaryClass={cs.AI}
}


@misc{dubey2018investigating,
      title={Investigating Human Priors for Playing Video Games}, 
      author={Rachit Dubey and Pulkit Agrawal and Deepak Pathak and Thomas L. Griffiths and Alexei A. Efros},
      year={2018},
      eprint={1802.10217},
      archivePrefix={arXiv},
      primaryClass={cs.AI}
}
@misc{zhu2021transfer,
      title={Transfer Learning in Deep Reinforcement Learning: A Survey}, 
      author={Zhuangdi Zhu and Kaixiang Lin and Jiayu Zhou},
      year={2021},
      eprint={2009.07888},
      archivePrefix={arXiv},
      primaryClass={cs.LG}
}

@article{Mnih2015HumanlevelCT,
  title={Human-level control through deep reinforcement learning},
  author={Volodymyr Mnih and Koray Kavukcuoglu and David Silver and Andrei A. Rusu and Joel Veness and Marc G. Bellemare and Alex Graves and Martin A. Riedmiller and Andreas Fidjeland and Georg Ostrovski and Stig Petersen and Charlie Beattie and Amir Sadik and Ioannis Antonoglou and Helen King and Dharshan Kumaran and Daan Wierstra and Shane Legg and Demis Hassabis},
  journal={Nature},
  year={2015},
  volume={518},
  pages={529-533}
}

@article{Amari1989CharacteristicsOS,
  title={Characteristics of sparsely encoded associative memory},
  author={Shun‐ichi Amari},
  journal={Neural Networks},
  year={1989},
  volume={2},
  pages={451-457}
}

@misc{gao2018modeling,
      title={Modeling Brain Connectivity with Graphical Models on Frequency Domain}, 
      author={Xu Gao and Weining Shen and Chee-Ming Ting and Steven C. Cramer and Ramesh Srinivasan and Hernando Ombao},
      year={2018},
      eprint={1810.03279},
      archivePrefix={arXiv},
      primaryClass={stat.AP}
}

@article{braingraph,
author = {Bullmore, Edward and Bassett, Danielle},
year = {2010},
month = {04},
pages = {113-40},
title = {Brain Graphs: Graphical Models of the Human Brain Connectome},
volume = {7},
journal = {Annual review of clinical psychology},
doi = {10.1146/annurev-clinpsy-040510-143934}
}

@article{vecchio,
author = {Vecchio, Fabrizio and Miraglia, Francesca and Rossini, Paolo},
year = {2017},
month = {10},
pages = {},
title = {Connectome: Graph theory application in functional brain network architecture},
volume = {2},
journal = {Clinical Neurophysiology Practice},
doi = {10.1016/j.cnp.2017.09.003}
}

@inproceedings{Bengio2009CurriculumL,
  title={Curriculum learning},
  author={Yoshua Bengio and J{\'e}r{\^o}me Louradour and Ronan Collobert and Jason Weston},
  booktitle={ICML '09},
  year={2009}
}

@article{Zaremba2014LearningTE,
  title={Learning to Execute},
  author={Wojciech Zaremba and Ilya Sutskever},
  journal={ArXiv},
  year={2014},
  volume={abs/1410.4615}
}

@article{Graves2016HybridCU,
  title={Hybrid computing using a neural network with dynamic external memory},
  author={Alex Graves and Greg Wayne and Malcolm Reynolds and Tim Harley and Ivo Danihelka and Agnieszka Grabska-Barwinska and Sergio Gomez Colmenarejo and Edward Grefenstette and Tiago Ramalho and John P. Agapiou and Adri{\`a} Puigdom{\`e}nech Badia and Karl Moritz Hermann and Yori Zwols and Georg Ostrovski and Adam Cain and Helen King and Christopher Summerfield and Phil Blunsom and Koray Kavukcuoglu and Demis Hassabis},
  journal={Nature},
  year={2016},
  volume={538},
  pages={471-476}
}

@book{sparse,
author = {Kanerva, Pentti},
title = {Sparse Distributed Memory},
year = {1988},
isbn = {0262111322},
publisher = {MIT Press},
address = {Cambridge, MA, USA},
abstract = {From the Publisher:Motivated by the remarkable fluidity of memory the way in which items are pulled spontaneously and effortlessly from our memory by vague similarities to what is currently occupying our attention Sparse Distributed Memory presents a mathematically elegant theory of human long term memory. The book, which is self contained, begins with background material from mathematics, computers, and neurophysiology; this is followed by a step by step development of the memory model. The concluding chapter describes an autonomous system that builds from experience an internal model of the world and bases its operation on that internal model. Close attention is paid to the engineering of the memory, including comparisons to ordinary computer memories. Sparse Distributed Memory provides an overall perspective on neural systems. The model it describes can aid in understanding human memory and learning, and a system based on it sheds light on outstanding problems in philosophy and artificial intelligence. Applications of the memory are expected to be found in the creation of adaptive systems for signal processing, speech, vision, motor control, and (in general) robots. Perhaps the most exciting aspect of the memory, in its implications for research in neural networks, is that its realization with neuronlike components resembles the cortex of the cerebellum. Pentti Kanerva is a scientist at the Research Institute for Advanced Computer Science at the NASA Ames Research Center and a visiting scholar at the Stanford Center for the Study of Language and Information. A Bradford Book.}
}



@article{Ganguli2008MemoryTI,
  title={Memory traces in dynamical systems},
  author={Surya Ganguli and Dongsung Huh and Haim Sompolinsky},
  journal={Proceedings of the National Academy of Sciences},
  year={2008},
  volume={105},
  pages={18970 - 18975}
}

@article{FUSI2005599,
title = {Cascade Models of Synaptically Stored Memories},
journal = {Neuron},
volume = {45},
number = {4},
pages = {599-611},
year = {2005},
issn = {0896-6273},
doi = {https://doi.org/10.1016/j.neuron.2005.02.001},
url = {https://www.sciencedirect.com/science/article/pii/S0896627305001170},
author = {Stefano Fusi and Patrick J. Drew and L.F. Abbott},
abstract = {Summary
Storing memories of ongoing, everyday experiences requires a high degree of plasticity, but retaining these memories demands protection against changes induced by further activity and experience. Models in which memories are stored through switch-like transitions in synaptic efficacy are good at storing but bad at retaining memories if these transitions are likely, and they are poor at storage but good at retention if they are unlikely. We construct and study a model in which each synapse has a cascade of states with different levels of plasticity, connected by metaplastic transitions. This cascade model combines high levels of memory storage with long retention times and significantly outperforms alternative models. As a result, we suggest that memory storage requires synapses with multiple states exhibiting dynamics over a wide range of timescales, and we suggest experimental tests of this hypothesis.}
}

@inproceedings{NIPS2012_c399862d,
 author = {Krizhevsky, Alex and Sutskever, Ilya and Hinton, Geoffrey E},
 booktitle = {Advances in Neural Information Processing Systems},
 editor = {F. Pereira and C. J. C. Burges and L. Bottou and K. Q. Weinberger},
 pages = {},
 publisher = {Curran Associates, Inc.},
 title = {ImageNet Classification with Deep Convolutional Neural Networks},
 url = {https://proceedings.neurips.cc/paper/2012/file/c399862d3b9d6b76c8436e924a68c45b-Paper.pdf},
 volume = {25},
 year = {2012}
}

@article{Graves2013GeneratingSW,
  title={Generating Sequences With Recurrent Neural Networks},
  author={Alex Graves},
  journal={ArXiv},
  year={2013},
  volume={abs/1308.0850}
}
@misc{cho2014learning,
      title={Learning Phrase Representations using RNN Encoder-Decoder for Statistical Machine Translation}, 
      author={Kyunghyun Cho and Bart van Merrienboer and Caglar Gulcehre and Dzmitry Bahdanau and Fethi Bougares and Holger Schwenk and Yoshua Bengio},
      year={2014},
      eprint={1406.1078},
      archivePrefix={arXiv},
      primaryClass={cs.CL}
}

@article{pattern_separation,
author = {Zotow, Ewa and Bisby, James and Burgess, Neil},
year = {2020},
month = {08},
pages = {301-309},
title = {Behavioral evidence for pattern separation in human episodic memory},
volume = {27},
journal = {Learning \& Memory},
doi = {10.1101/lm.051821.120}
}

@book{10.5555/22577,
author = {Wilson, Robin J},
title = {Introduction to Graph Theory},
year = {1986},
isbn = {0470206160},
publisher = {John Wiley \&amp; Sons, Inc.},
address = {USA}
}

@misc{Lee2002IntroductionTS,
  title={Introduction to Smooth Manifolds},
  author={John M. Lee},
  year={2002}
}

@article{k_graphs,
   title={Knowledge Graphs},
   volume={54},
   ISSN={1557-7341},
   url={http://dx.doi.org/10.1145/3447772},
   DOI={10.1145/3447772},
   number={4},
   journal={ACM Computing Surveys},
   publisher={Association for Computing Machinery (ACM)},
   author={Hogan, Aidan and Blomqvist, Eva and Cochez, Michael and D’amato, Claudia and Melo, Gerard De and Gutierrez, Claudio and Kirrane, Sabrina and Gayo, José Emilio Labra and Navigli, Roberto and Neumaier, Sebastian and et al.},
   year={2021},
   month={Jul},
   pages={1–37}
}

@misc{rae2016scaling,
      title={Scaling Memory-Augmented Neural Networks with Sparse Reads and Writes}, 
      author={Jack W Rae and Jonathan J Hunt and Tim Harley and Ivo Danihelka and Andrew Senior and Greg Wayne and Alex Graves and Timothy P Lillicrap},
      year={2016},
      eprint={1610.09027},
      archivePrefix={arXiv},
      primaryClass={cs.LG}
}

@misc{emukpere2021successor,
      title={Successor Feature Neural Episodic Control}, 
      author={David Emukpere and Xavier Alameda-Pineda and Chris Reinke},
      year={2021},
      eprint={2111.03110},
      archivePrefix={arXiv},
      primaryClass={cs.LG}
}

@misc{sukhbaatar2015endtoend,
      title={End-To-End Memory Networks}, 
      author={Sainbayar Sukhbaatar and Arthur Szlam and Jason Weston and Rob Fergus},
      year={2015},
      eprint={1503.08895},
      archivePrefix={arXiv},
      primaryClass={cs.NE}
}

@misc{graves2014neural,
      title={Neural Turing Machines}, 
      author={Alex Graves and Greg Wayne and Ivo Danihelka},
      year={2014},
      eprint={1410.5401},
      archivePrefix={arXiv},
      primaryClass={cs.NE}
}

@misc{xiong2021practical,
      title={On the Practical Consistency of Meta-Reinforcement Learning Algorithms}, 
      author={Zheng Xiong and Luisa Zintgraf and Jacob Beck and Risto Vuorio and Shimon Whiteson},
      year={2021},
      eprint={2112.00478},
      archivePrefix={arXiv},
      primaryClass={cs.LG}
}

@misc{khasahmadi2020memorybased,
      title={Memory-Based Graph Networks}, 
      author={Amir Hosein Khasahmadi and Kaveh Hassani and Parsa Moradi and Leo Lee and Quaid Morris},
      year={2020},
      eprint={2002.09518},
      archivePrefix={arXiv},
      primaryClass={cs.LG}
}

@inproceedings{Hoshen2017VAINAM,
  title={VAIN: Attentional Multi-agent Predictive Modeling},
  author={Yedid Hoshen},
  booktitle={NIPS},
  year={2017}
}

@misc{rossi2020temporal,
      title={Temporal Graph Networks for Deep Learning on Dynamic Graphs}, 
      author={Emanuele Rossi and Ben Chamberlain and Fabrizio Frasca and Davide Eynard and Federico Monti and Michael Bronstein},
      year={2020},
      eprint={2006.10637},
      archivePrefix={arXiv},
      primaryClass={cs.LG}
}

@inproceedings{Gu2019LearningMR,
  title={Learning Mixed-Curvature Representations in Product Spaces},
  author={Albert Gu and Frederic Sala and Beliz Gunel and Christopher R{\'e}},
  booktitle={ICLR},
  year={2019}
}

@article{Skopek2020MixedcurvatureVA,
  title={Mixed-curvature Variational Autoencoders},
  author={Ondrej Skopek and Octavian-Eugen Ganea and Gary B{\'{e}}cigneul},
  journal={ArXiv},
  year={2020},
}

@inproceedings{Cruceru2021ComputationallyTR,
  title={Computationally tractable riemannian manifolds for graph embeddings},
  author={Cruceru, Calin and B{\'e}cigneul, Gary and Ganea, Octavian-Eugen},
  booktitle={Proceedings of the AAAI Conference on Artificial Intelligence},
  volume={35},
  number={8},
  pages={7133--7141},
  year={2021}
}

@inproceedings{NIPS2016_90e13578,
 author = {Vinyals, Oriol and Blundell, Charles and Lillicrap, Timothy and kavukcuoglu, koray and Wierstra, Daan},
 booktitle = {Advances in Neural Information Processing Systems},
 editor = {D. Lee and M. Sugiyama and U. Luxburg and I. Guyon and R. Garnett},
 pages = {},
 publisher = {Curran Associates, Inc.},
 title = {Matching Networks for One Shot Learning},
 url = {https://proceedings.neurips.cc/paper/2016/file/90e1357833654983612fb05e3ec9148c-Paper.pdf},
 volume = {29},
 year = {2016}
}

@article{Sala2018RepresentationTF,
  title={Representation Tradeoffs for Hyperbolic Embeddings},
  author={Frederic Sala and Christopher De Sa and Albert Gu and Christopher R{\'e}},
  journal={Proceedings of machine learning research},
  year={2018},
  volume={80},
  pages={
          4460-4469
        }
}

@article{Chamberlain2017NeuralEO,
  title={Neural Embeddings of Graphs in Hyperbolic Space},
  author={Benjamin P. Chamberlain and James R. Clough and Marc Peter Deisenroth},
  journal={ArXiv},
  year={2017},
}

@inproceedings{Liu2019HyperbolicGN,
  title={Hyperbolic Graph Neural Networks},
  author={Qi Liu and Maximilian Nickel and Douwe Kiela},
  booktitle={NeurIPS},
  year={2019}
}

@inproceedings{Belkin2001LaplacianEA,
  title={Laplacian Eigenmaps and Spectral Techniques for Embedding and Clustering},
  author={Mikhail Belkin and Partha Niyogi},
  booktitle={NIPS},
  year={2001}
}

@article{Tenenbaum2000AGG,
  title={A global geometric framework for nonlinear dimensionality reduction.},
  author={Joshua B. Tenenbaum and Vin De Silva and John C. Langford},
  journal={Science},
  year={2000},
}

@article{Roweis2000NonlinearDR,
  title={Nonlinear dimensionality reduction by locally linear embedding.},
  author={Sam T. Roweis and Lawrence K. Saul},
  journal={Science},
  year={2000},
}

@InProceedings{pmlr-v48-santoro16,
  title = 	 {Meta-Learning with Memory-Augmented Neural Networks},
  author = 	 {Santoro, Adam and Bartunov, Sergey and Botvinick, Matthew and Wierstra, Daan and Lillicrap, Timothy},
  booktitle = 	 {Proceedings of The 33rd International Conference on Machine Learning},
  pages = 	 {1842--1850},
  year = 	 {2016},
  editor = 	 {Balcan, Maria Florina and Weinberger, Kilian Q.},
  volume = 	 {48},
  series = 	 {Proceedings of Machine Learning Research},
  address = 	 {New York, New York, USA},
  month = 	 {20--22 Jun},
  publisher =    {PMLR},
  pdf = 	 {http://proceedings.mlr.press/v48/santoro16.pdf},
  url = 	 {https://proceedings.mlr.press/v48/santoro16.html},
  abstract = 	 {Despite recent breakthroughs in the applications of deep neural networks, one setting that presents a persistent challenge is that of "one-shot learning." Traditional gradient-based networks require a lot of data to learn, often through extensive iterative training. When new data is encountered, the models must inefficiently relearn their parameters to adequately incorporate the new information without catastrophic interference. Architectures with augmented memory capacities, such as Neural Turing Machines (NTMs), offer the ability to quickly encode and retrieve new information, and hence can potentially obviate the downsides of conventional models. Here, we demonstrate the ability of a memory-augmented neural network to rapidly assimilate new data, and leverage this data to make accurate predictions after only a few samples. We also introduce a new method for accessing an external memory that focuses on memory content, unlike previous methods that additionally use memory location-based focusing mechanisms.}
}


@InProceedings{pmlr-v70-pritzel17a,
  title = 	 {Neural Episodic Control},
  author =       {Alexander Pritzel and Benigno Uria and Sriram Srinivasan and Adri{\`a} Puigdom{\`e}nech Badia and Oriol Vinyals and Demis Hassabis and Daan Wierstra and Charles Blundell},
  booktitle = 	 {Proceedings of the 34th International Conference on Machine Learning},
  pages = 	 {2827--2836},
  year = 	 {2017},
  editor = 	 {Precup, Doina and Teh, Yee Whye},
  volume = 	 {70},
  series = 	 {Proceedings of Machine Learning Research},
  month = 	 {06--11 Aug},
  publisher =    {PMLR},
  pdf = 	 {http://proceedings.mlr.press/v70/pritzel17a/pritzel17a.pdf},
  url = 	 {https://proceedings.mlr.press/v70/pritzel17a.html},
  abstract = 	 {Deep reinforcement learning methods attain super-human performance in a wide range of environments. Such methods are grossly inefficient, often taking orders of magnitudes more data than humans to achieve reasonable performance. We propose Neural Episodic Control: a deep reinforcement learning agent that is able to rapidly assimilate new experiences and act upon them. Our agent uses a semi-tabular representation of the value function: a buffer of past experience containing slowly changing state representations and rapidly updated estimates of the value function. We show across a wide range of environments that our agent learns significantly faster than other state-of-the-art, general purpose deep reinforcement learning agents.}
}


@misc{2018graph,
      title={Graph Attention Networks}, 
      author={Petar Veličković and Guillem Cucurull and Arantxa Casanova and Adriana Romero and Pietro Liò and Yoshua Bengio},
      year={2018},
      eprint={1710.10903},
      archivePrefix={arXiv},
      primaryClass={stat.ML}
}

@article{complexbrain,
author = {Bullmore, Edward and Sporns, Olaf},
year = {2009},
month = {03},
pages = {186-98},
title = {Complex brain networks: Graph theoretical analysis of structural and functional systems},
volume = {10},
journal = {Nature reviews. Neuroscience},
doi = {10.1038/nrn2575}
}

@InProceedings{pmlr-v97-ma19a,
  title = 	 {Disentangled Graph Convolutional Networks},
  author =       {Ma, Jianxin and Cui, Peng and Kuang, Kun and Wang, Xin and Zhu, Wenwu},
  booktitle = 	 {Proceedings of the 36th International Conference on Machine Learning},
  pages = 	 {4212--4221},
  year = 	 {2019},
  editor = 	 {Chaudhuri, Kamalika and Salakhutdinov, Ruslan},
  volume = 	 {97},
  series = 	 {Proceedings of Machine Learning Research},
  month = 	 {09--15 Jun},
  publisher =    {PMLR},
  pdf = 	 {http://proceedings.mlr.press/v97/ma19a/ma19a.pdf},
  url = 	 {https://proceedings.mlr.press/v97/ma19a.html},
  abstract = 	 {The formation of a real-world graph typically arises from the highly complex interaction of many latent factors. The existing deep learning methods for graph-structured data neglect the entanglement of the latent factors, rendering the learned representations non-robust and hardly explainable. However, learning representations that disentangle the latent factors poses great challenges and remains largely unexplored in the literature of graph neural networks. In this paper, we introduce the disentangled graph convolutional network (DisenGCN) to learn disentangled node representations. In particular, we propose a novel neighborhood routing mechanism, which is capable of dynamically identifying the latent factor that may have caused the edge between a node and one of its neighbors, and accordingly assigning the neighbor to a channel that extracts and convolutes features specific to that factor. We theoretically prove the convergence properties of the routing mechanism. Empirical results show that our proposed model can achieve significant performance gains, especially when the data demonstrate the existence of many entangled factors.}
}


@misc{schlichtkrull2017modeling,
      title={Modeling Relational Data with Graph Convolutional Networks}, 
      author={Michael Schlichtkrull and Thomas N. Kipf and Peter Bloem and Rianne van den Berg and Ivan Titov and Max Welling},
      year={2017},
      eprint={1703.06103},
      archivePrefix={arXiv},
      primaryClass={stat.ML}
}

@misc{kipf2017semisupervised,
      title={Semi-Supervised Classification with Graph Convolutional Networks}, 
      author={Thomas N. Kipf and Max Welling},
      year={2017},
      eprint={1609.02907},
      archivePrefix={arXiv},
      primaryClass={cs.LG}
}
@misc{defferrard2017convolutional,
      title={Convolutional Neural Networks on Graphs with Fast Localized Spectral Filtering}, 
      author={Michaël Defferrard and Xavier Bresson and Pierre Vandergheynst},
      year={2017},
      eprint={1606.09375},
      archivePrefix={arXiv},
      primaryClass={cs.LG}
}
@misc{bruna2014spectral,
      title={Spectral Networks and Locally Connected Networks on Graphs}, 
      author={Joan Bruna and Wojciech Zaremba and Arthur Szlam and Yann LeCun},
      year={2014},
      eprint={1312.6203},
      archivePrefix={arXiv},
      primaryClass={cs.LG}
}

@article{S_ez_de_Oc_riz_Borde_2021,
	doi = {10.1080/14685248.2021.1999459},
	url = {https://doi.org/10.1080\%2F14685248.2021.1999459},
	year = 2021,
	month = {nov},
	publisher = {Informa {UK} Limited},
	pages = {1--28},
	author = {Haitz S{\'{a}}ez de Oc{\'{a}}riz Borde and David Sondak and Pavlos Protopapas},
	title = {Convolutional neural network models and interpretability for the anisotropic reynolds stress tensor in turbulent one-dimensional flows},
	journal = {Journal of Turbulence}
}

@misc{borde2021multitask,
      title={Multi-Task Learning based Convolutional Models with Curriculum Learning for the Anisotropic Reynolds Stress Tensor in Turbulent Duct Flow}, 
      author={Haitz Sáez de Ocáriz Borde and David Sondak and Pavlos Protopapas},
      year={2021},
      eprint={2111.00328},
      archivePrefix={arXiv},
      primaryClass={physics.flu-dyn}
}

@misc{brigo2021interpretability,
      title={Interpretability in deep learning for finance: a case study for the Heston model}, 
      author={Damiano Brigo and Xiaoshan Huang and Andrea Pallavicini and Haitz Saez de Ocariz Borde},
      year={2021},
      eprint={2104.09476},
      archivePrefix={arXiv},
      primaryClass={q-fin.PR}
}

@misc{borde2021latent,
      title={Latent Space based Memory Replay for Continual Learning in Artificial Neural Networks}, 
      author={Haitz Sáez de Ocáriz Borde},
      year={2021},
      eprint={2111.13297},
      archivePrefix={arXiv},
      primaryClass={cs.LG}
}

@inproceedings{Nielsen2009,
  title={Hyperbolic Voronoi diagrams made easy},
  author={Nielsen, Frank and Nock, Richard},
  booktitle={2010 International Conference on Computational Science and Its Applications},
  pages={74--80},
  year={2010},
  organization={IEEE}
}

@article{Nielsen2020,
  title={The Siegel--Klein Disk: Hilbert Geometry of the Siegel Disk Domain},
  author={Nielsen, Frank},
  journal={Entropy},
  volume={22},
  number={9},
  pages={1019},
  year={2020},
  publisher={MDPI}
}

@article{Shopek2019,
  title={Mixed-curvature variational autoencoders},
  author={Skopek, Ondrej and Ganea, Octavian-Eugen and B{\'e}cigneul, Gary},
  journal={arXiv preprint arXiv:1911.08411},
  year={2019}
}

@article{Cetin2022,
  title={Hyperbolic Deep Reinforcement Learning},
  author={Cetin, Edoardo and Chamberlain, Benjamin and Bronstein, Michael and Hunt, Jonathan J},
  journal={arXiv preprint arXiv:2210.01542},
  year={2022}
}

@article{frasca2020sign,
  title={Sign: Scalable inception graph neural networks},
  author={Frasca, Fabrizio and Rossi, Emanuele and Eynard, Davide and Chamberlain, Ben and Bronstein, Michael and Monti, Federico},
  journal={arXiv preprint arXiv:2004.11198},
  year={2020}
}

@article{ding2023recurrent,
  title={Recurrent Distance-Encoding Neural Networks for Graph Representation Learning},
  author={Ding, Yuhui and Orvieto, Antonio and He, Bobby and Hofmann, Thomas},
  journal={arXiv preprint arXiv:2312.01538},
  year={2023}
}


@inproceedings{gallicchio2010graph,
  title={Graph echo state networks},
  author={Gallicchio, Claudio and Micheli, Alessio},
  booktitle={The 2010 international joint conference on neural networks (IJCNN)},
  pages={1--8},
  year={2010},
  organization={IEEE}
}


@inproceedings{gallicchio2010graph,
  title={Graph echo state networks},
  author={Gallicchio, Claudio and Micheli, Alessio},
  booktitle={The 2010 international joint conference on neural networks (IJCNN)},
  pages={1--8},
  year={2010},
  organization={IEEE}
}

@inproceedings{gallicchio2020fast,
  title={Fast and deep graph neural networks},
  author={Gallicchio, Claudio and Micheli, Alessio},
  booktitle={Proceedings of the AAAI conference on artificial intelligence},
  volume={34},
  number={04},
  pages={3898--3905},
  year={2020}
}

@article{huang2022you,
  title={You can have better graph neural networks by not training weights at all: Finding untrained gnns tickets},
  author={Huang, Tianjin and Chen, Tianlong and Fang, Meng and Menkovski, Vlado and Zhao, Jiaxu and Yin, Lu and Pei, Yulong and Mocanu, Decebal Constantin and Wang, Zhangyang and Pechenizkiy, Mykola and others},
  journal={arXiv preprint arXiv:2211.15335},
  year={2022}
}

@article{tortorella2022leave,
  title={Leave graphs alone: Addressing over-squashing without rewiring},
  author={Tortorella, Domenico and Micheli, Alessio},
  journal={arXiv preprint arXiv:2212.06538},
  year={2022}
}

@article{tortorella2023rewiring,
  title={Is Rewiring Actually Helpful in Graph Neural Networks?},
  author={Tortorella, Domenico and Micheli, Alessio},
  journal={arXiv preprint arXiv:2305.19717},
  year={2023}
}

@article{tortorella2022beyond,
  title={Beyond homophily with graph echo state networks},
  author={Tortorella, Domenico and Micheli, Alessio},
  journal={arXiv preprint arXiv:2210.15731},
  year={2022}
}


@article{raposo2024mixture,
  title={Mixture-of-Depths: Dynamically allocating compute in transformer-based language models},
  author={Raposo, David and Ritter, Sam and Richards, Blake and Lillicrap, Timothy and Humphreys, Peter Conway and Santoro, Adam},
  journal={arXiv preprint arXiv:2404.02258},
  year={2024}
}


@book{hamilton2020graph,
  title={Graph representation learning},
  author={Hamilton, William L},
  year={2020},
  publisher={Morgan \& Claypool Publishers}
}



@inproceedings{rusch2022graph,
  title={Graph-coupled oscillator networks},
  author={Rusch, T Konstantin and Chamberlain, Ben and Rowbottom, James and Mishra, Siddhartha and Bronstein, Michael},
  booktitle={International Conference on Machine Learning},
  pages={18888--18909},
  year={2022},
  organization={PMLR}
}


@inproceedings{gravina2022anti,
title={{Anti-Symmetric DGN: a stable architecture for Deep Graph Networks}},
author={Alessio Gravina and Davide Bacciu and Claudio Gallicchio},
booktitle={The Eleventh International Conference on Learning Representations },
year={2023},
url={https://openreview.net/forum?id=J3Y7cgZOOS}
}

@article{chang2019antisymmetricrnn,
  title={AntisymmetricRNN: A dynamical system view on recurrent neural networks},
  author={Chang, Bo and Chen, Minmin and Haber, Eldad and Chi, Ed H},
  journal={arXiv preprint arXiv:1902.09689},
  year={2019}
}

@inproceedings{gutteridge2023drew,
  title={{DR}ew: dynamically rewired message passing with delay},
  author={Gutteridge, Benjamin and Dong, Xiaowen and Bronstein, Michael M and Di Giovanni, Francesco},
  booktitle={International Conference on Machine Learning},
  pages={12252--12267},
  year={2023},
  organization={PMLR}
}

@article{erichson2022gated,
  title={Gated recurrent neural networks with weighted time-delay feedback},
  author={Erichson, N Benjamin and Lim, Soon Hoe and Mahoney, Michael W},
  journal={arXiv preprint arXiv:2212.00228},
  year={2022}
}

@inproceedings{pascanu2013difficulty,
  title={On the difficulty of training recurrent neural networks},
  author={Pascanu, Razvan and Mikolov, Tomas and Bengio, Yoshua},
  booktitle={Proceedings of the 30th International Conference on International Conference on Machine Learning},
  volume={28},
  pages={III--1310},
  year={2013}
}

@article{cai2020note,
  title={A note on over-smoothing for graph neural networks},
  author={Cai, Chen and Wang, Yusu},
  journal={arXiv preprint arXiv:2006.13318},
  year={2020}
}

@article{topping2021understanding,
  title={Understanding over-squashing and bottlenecks on graphs via curvature},
  author={Topping, Jake and Di Giovanni, Francesco and Chamberlain, Benjamin Paul and Dong, Xiaowen and Bronstein, Michael M},
  journal={arXiv preprint arXiv:2111.14522},
  year={2021}
}

@inproceedings{di2023over,
  title={On over-squashing in message passing neural networks: The impact of width, depth, and topology},
  author={Di Giovanni, Francesco and Giusti, Lorenzo and Barbero, Federico and Luise, Giulia and Lio, Pietro and Bronstein, Michael M},
  booktitle={International Conference on Machine Learning},
  pages={7865--7885},
  year={2023},
  organization={PMLR}
}

@inproceedings{ding2024recurrent,
  title={Recurrent Distance Filtering for Graph Representation Learning},
  author={Ding, Yuhui and Orvieto, Antonio and He, Bobby and Hofmann, Thomas},
  booktitle={Forty-first International Conference on Machine Learning},
  year={2024}
}

@article{karhadkar2022fosr,
  title={FoSR: First-order spectral rewiring for addressing oversquashing in GNNs},
  author={Karhadkar, Kedar and Banerjee, Pradeep Kr and Mont{\'u}far, Guido},
  journal={arXiv preprint arXiv:2210.11790},
  year={2022}
}

@article{barbero2023locality,
  title={Locality-aware graph-rewiring in gnns},
  author={Barbero, Federico and Velingker, Ameya and Saberi, Amin and Bronstein, Michael and Di Giovanni, Francesco},
  journal={arXiv preprint arXiv:2310.01668},
  year={2023}
}

@article{heilig2024injecting,
title={Port-Hamiltonian Architectural Bias for Long-Range Propagation in Deep Graph Networks},
author={Heilig, Simon and Gravina, Alessio and Trenta, Alessandro and Gallicchio, Claudio and Bacciu, Davide},
booktitle={The Thirteenth International Conference on Learning Representations},
year={2025},
url={https://openreview.net/forum?id=03EkqSCKuO}
}

@inproceedings{
gravina_swan,
title={On Oversquashing in Graph Neural Networks Through The Lens of Dynamical Systems},
author={Alessio Gravina and Moshe Eliasof and Claudio Gallicchio and Davide Bacciu and Carola-Bibiane Sch\"onlieb},
booktitle={The 39th Annual AAAI Conference on Artificial Intelligence},
year={2025}
}

@article{pennington2017resurrecting,
  title={Resurrecting the sigmoid in deep learning through dynamical isometry: theory and practice},
  author={Pennington, Jeffrey and Schoenholz, Samuel and Ganguli, Surya},
  journal={Advances in neural information processing systems},
  volume={30},
  year={2017}
}

@inproceedings{dwivedi2022LRGB,
 author = {Dwivedi, Vijay Prakash and Ramp\'{a}\v{s}ek, Ladislav and Galkin, Michael and Parviz, Ali and Wolf, Guy and Luu, Anh Tuan and Beaini, Dominique},
 booktitle = {Advances in Neural Information Processing Systems},
 editor = {S. Koyejo and S. Mohamed and A. Agarwal and D. Belgrave and K. Cho and A. Oh},
 pages = {22326--22340},
 publisher = {Curran Associates, Inc.},
 title = {Long Range Graph Benchmark},
 volume = {35},
 year = {2022}
}

@article{sperduti1993encoding,
  title={Encoding labeled graphs by labeling RAAM},
  author={Sperduti, Alessandro},
  journal={Advances in Neural Information Processing Systems},
  volume={6},
  year={1993}
}


@inproceedings{gori2005new,
  title={A new model for learning in graph domains},
  author={Gori, M and Monfardini, G and Scarselli, F},
  booktitle={Proceedings. 2005 IEEE International Joint Conference on Neural Networks, 2005.},
  volume={2},
  pages={729--734},
  year={2005},
  organization={IEEE}
}

@article{xu2018powerful,
  title={How powerful are graph neural networks?},
  author={Xu, Keyulu and Hu, Weihua and Leskovec, Jure and Jegelka, Stefanie},
  journal={arXiv preprint arXiv:1810.00826},
  year={2018}
}

@article{hamilton2017inductive,
  title={Inductive representation learning on large graphs},
  author={Hamilton, Will and Ying, Zhitao and Leskovec, Jure},
  journal={Advances in neural information processing systems},
  volume={30},
  year={2017}
}

@article{di2022graph,
  title={Graph Neural Networks as Gradient Flows: understanding graph convolutions via energy},
  author={Di Giovanni, Francesco and Rowbottom, James and Chamberlain, Benjamin P and Markovich, Thomas and Bronstein, Michael M},
  journal={arXiv preprint arXiv:2206.10991},
  year={2022}
}

@inproceedings{giraldo2023trade,
  title={On the trade-off between over-smoothing and over-squashing in deep graph neural networks},
  author={Giraldo, Jhony H and Skianis, Konstantinos and Bouwmans, Thierry and Malliaros, Fragkiskos D},
  booktitle={Proceedings of the 32nd ACM international conference on information and knowledge management},
  pages={566--576},
  year={2023}
}






@article{gu2023mamba,
  title={Mamba: Linear-time sequence modeling with selective state spaces},
  author={Gu, Albert and Dao, Tri},
  journal={arXiv preprint arXiv:2312.00752},
  year={2023}
}

@inproceedings{orvieto2023resurrecting,
  title={Resurrecting recurrent neural networks for long sequences},
  author={Orvieto, Antonio and Smith, Samuel L and Gu, Albert and Fernando, Anushan and Gulcehre, Caglar and Pascanu, Razvan and De, Soham},
  booktitle={International Conference on Machine Learning},
  pages={26670--26698},
  year={2023},
  organization={PMLR}
}

@article{beck2024xlstm,
  title={xLSTM: Extended Long Short-Term Memory},
  author={Beck, Maximilian and P{\"o}ppel, Korbinian and Spanring, Markus and Auer, Andreas and Prudnikova, Oleksandra and Kopp, Michael and Klambauer, G{\"u}nter and Brandstetter, Johannes and Hochreiter, Sepp},
  journal={arXiv preprint arXiv:2405.04517},
  year={2024}
}

@book{strogatz2018nonlinear,
  title={Nonlinear dynamics and chaos: with applications to physics, biology, chemistry, and engineering},
  author={Strogatz, Steven H},
  year={2018},
  publisher={CRC press}
}

@article{engelken2023lyapunov,
  title={Lyapunov spectra of chaotic recurrent neural networks},
  author={Engelken, Rainer and Wolf, Fred},
  journal={Physical Review Research},
  volume={5},
  number={4},
  pages={043044},
  year={2023},
  publisher={APS}
}

@article{jaeger2001echo,
  title={The “echo state” approach to analysing and training recurrent neural networks-with an erratum note},
  author={Jaeger, Herbert},
  journal={Bonn, Germany: German National Research Center for Information Technology GMD Technical Report},
  volume={148},
  number={34},
  pages={13},
  year={2001},
  publisher={Bonn}
}

@article{engelken2023gradient,
  title={Gradient flossing: Improving gradient descent through dynamic control of jacobians},
  author={Engelken, Rainer},
  journal={Advances in Neural Information Processing Systems},
  volume={36},
  pages={10412--10439},
  year={2023}
}

@article{bengio1994learning,
  title={Learning long-term dependencies with gradient descent is difficult},
  author={Bengio, Yoshua},
  journal={IEEE transactions on neural networks},
  volume={5},
  number={2},
  pages={157--166},
  year={1994},
  publisher={IEEE}
}

@article{marchenko1967distribution,
  title={Distribution of eigenvalues for some sets of random matrices},
  author={Marchenko, Vladimir Alexandrovich and Pastur, Leonid Andreevich},
  journal={Matematicheskii Sbornik},
  volume={114},
  number={4},
  pages={507--536},
  year={1967},
  publisher={Russian Academy of Sciences, Steklov Mathematical Institute of Russian~…}
}

@article{saxe2013exact,
  title={Exact solutions to the nonlinear dynamics of learning in deep linear neural networks},
  author={Saxe, Andrew M and McClelland, James L and Ganguli, Surya},
  journal={arXiv preprint arXiv:1312.6120},
  year={2013}
}

@article{epping2024graph,
  title={Graph Neural Networks Do Not Always Oversmooth},
  author={Epping, Bastian and Ren{\'e}, Alexandre and Helias, Moritz and Schaub, Michael T},
  journal={arXiv preprint arXiv:2406.02269},
  year={2024}
}

@InProceedings{gcnii,
  title = 	 {{Simple and Deep Graph Convolutional Networks}},
  author =       {Chen, Ming and Wei, Zhewei and Huang, Zengfeng and Ding, Bolin and Li, Yaliang},
  booktitle = 	 {Proceedings of the 37th International Conference on Machine Learning},
  pages = 	 {1725--1735},
  year = 	 {2020},
  editor = 	 {III, Hal Daumé and Singh, Aarti},
  volume = 	 {119},
  series = 	 {Proceedings of Machine Learning Research},
  month = 	 {13--18 Jul},
  publisher =    {PMLR},
}

@inproceedings{DGC,
 author = {Wang, Yifei and Wang, Yisen and Yang, Jiansheng and Lin, Zhouchen},
 booktitle = {Advances in Neural Information Processing Systems},
 pages = {5758--5769},
 publisher = {Curran Associates, Inc.},
 title = {{Dissecting the Diffusion Process in Linear Graph Convolutional Networks}},
 volume = {34},
 year = {2021}
}

@inproceedings{chamberlain2021grand,
  title={{GRAND}: {Graph} neural diffusion},
  author={Chamberlain, Benjamin Paul and Rowbottom, James and Gorinova, Maria and Webb, Stefan and Rossi, Emanuele and Bronstein, Michael M},
  booktitle={International Conference on Machine Learning (ICML)},
  pages={1407--1418},
  year={2021},
  organization={PMLR}
}

@article{poole2016exponential,
  title={Exponential expressivity in deep neural networks through transient chaos},
  author={Poole, Ben and Lahiri, Subhaneil and Raghu, Maithra and Sohl-Dickstein, Jascha and Ganguli, Surya},
  journal={Advances in neural information processing systems},
  volume={29},
  year={2016}
}

@inproceedings{arjovsky2016unitary,
  title={Unitary evolution recurrent neural networks},
  author={Arjovsky, Martin and Shah, Amar and Bengio, Yoshua},
  booktitle={International conference on machine learning},
  pages={1120--1128},
  year={2016},
  organization={PMLR}
}

@article{yang2019mean,
  title={A mean field theory of batch normalization},
  author={Yang, Greg and Pennington, Jeffrey and Rao, Vinay and Sohl-Dickstein, Jascha and Schoenholz, Samuel S},
  journal={arXiv preprint arXiv:1902.08129},
  year={2019}
}

@inproceedings{metereztowards,
  title={Towards Training Without Depth Limits: Batch Normalization Without Gradient Explosion},
  author={Meterez, Alexandru and Joudaki, Amir and Orabona, Francesco and Immer, Alexander and Ratsch, Gunnar and Daneshmand, Hadi},
  booktitle={The Twelfth International Conference on Learning Representations},
    year={2024}
}

@article{NN4G,
  author={Micheli, Alessio},
  journal={IEEE Transactions on Neural Networks}, 
  title={{Neural Network for Graphs: A Contextual Constructive Approach}}, 
  year={2009},
  volume={20},
  number={3},
  pages={498-511},
}


@inproceedings{
oono2020graph,
title={{Graph Neural Networks Exponentially Lose Expressive Power for Node Classification}},
author={Kenta Oono and Taiji Suzuki},
booktitle={International Conference on Learning Representations},
year={2020},
url={https://openreview.net/forum?id=S1ldO2EFPr}
}


@inproceedings{10.5555/3618408.3619488,
author = {Nguyen, Khang and Nong, Hieu and Nguyen, Vinh and Ho, Nhat and Osher, Stanley and Nguyen, Tan},
title = {Revisiting over-smoothing and over-squashing using ollivier-ricci curvature},
year = {2023},
publisher = {JMLR.org},
booktitle = {Proceedings of the 40th International Conference on Machine Learning},
articleno = {1080},
numpages = {24},
series = {ICML'23}
}

@inproceedings{10.5555/3618408.3618515,
author = {Black, Mitchell and Wan, Zhengchao and Nayyeri, Amir and Wang, Yusu},
title = {Understanding oversquashing in GNNs through the lens of effective resistance},
year = {2023},
publisher = {JMLR.org},
booktitle = {Proceedings of the 40th International Conference on Machine Learning},
articleno = {107},
numpages = {20},
series = {ICML'23}
}

@misc{shi2023expositionoversquashingproblemgnns,
      title={Exposition on over-squashing problem on GNNs: Current Methods, Benchmarks and Challenges}, 
      author={Dai Shi and Andi Han and Lequan Lin and Yi Guo and Junbin Gao},
      year={2023},
      eprint={2311.07073},
      archivePrefix={arXiv},
      primaryClass={cs.LG},
      url={https://arxiv.org/abs/2311.07073}, 
}


@article{graphgps,
  title={{Recipe for a General, Powerful, Scalable Graph Transformer}}, 
  author={Ladislav Ramp\'{a}\v{s}ek and Mikhail Galkin and Vijay Prakash Dwivedi and Anh Tuan Luu and Guy Wolf and Dominique Beaini},
  journal={Advances in Neural Information Processing Systems},
  volume={35},
  year={2022}
}


@article{dwivedi2021generalization,
  title={{A Generalization of Transformer Networks to Graphs}},
  author={Dwivedi, Vijay Prakash and Bresson, Xavier},
  journal={AAAI Workshop on Deep Learning on Graphs: Methods and Applications},
  year={2021}
}

@inproceedings{graphtransformer,
  title     = {{Masked Label Prediction: Unified Message Passing Model for Semi-Supervised Classification}},
  author    = {Shi, Yunsheng and Huang, Zhengjie and Feng, Shikun and Zhong, Hui and Wang, Wenjing and Sun, Yu},
  booktitle = {Proceedings of the Thirtieth International Joint Conference on
               Artificial Intelligence, {IJCAI-21}},
  publisher = {International Joint Conferences on Artificial Intelligence Organization},
  editor    = {Zhi-Hua Zhou},
  pages     = {1548--1554},
  year      = {2021},
  month     = {8},
  note      = {Main Track},
  doi       = {10.24963/ijcai.2021/214},
  url       = {https://doi.org/10.24963/ijcai.2021/214},
}

@inproceedings{
wu2023difformer,
title={{DIFFormer: Scalable (Graph) Transformers Induced by Energy Constrained Diffusion}},
author={Qitian Wu and Chenxiao Yang and Wentao Zhao and Yixuan He and David Wipf and Junchi Yan},
booktitle={The Eleventh International Conference on Learning Representations },
year={2023},
url={https://openreview.net/forum?id=j6zUzrapY3L}
}

@article{ying2021transformers,
  title={{Do transformers really perform badly for graph representation?}},
  author={Ying, Chengxuan and Cai, Tianle and Luo, Shengjie and Zheng, Shuxin and Ke, Guolin and He, Di and Shen, Yanming and Liu, Tie-Yan},
  journal={Advances in Neural Information Processing Systems},
  volume={34},
  pages={28877--28888},
  year={2021}
}

@article{san,
  title={Rethinking graph transformers with spectral attention},
  author={Kreuzer, Devin and Beaini, Dominique and Hamilton, Will and L{\'e}tourneau, Vincent and Tossou, Prudencio},
  journal={Advances in Neural Information Processing Systems},
  volume={34},
  pages={21618--21629},
  year={2021}
}

@article{maskey2024fractional,
  title={A fractional graph laplacian approach to oversmoothing},
  author={Maskey, Sohir and Paolino, Raffaele and Bacho, Aras and Kutyniok, Gitta},
  journal={Advances in Neural Information Processing Systems},
  volume={36},
  year={2024}
}

@misc{markovich2023qdc,
      title={QDC: Quantum Diffusion Convolution Kernels on Graphs}, 
      author={Thomas Markovich},
      year={2023},
      eprint={2307.11234},
      archivePrefix={arXiv},
      primaryClass={cs.LG}
}

@article{wang2024mamba,
  title={Graph-mamba: Towards long-range graph sequence modeling with selective state spaces},
  author={Wang, Chloe and Tsepa, Oleksii and Ma, Jun and Wang, Bo},
  journal={arXiv preprint arXiv:2402.00789},
  year={2024}
}

@misc{behrouz2024graphmamba,
      title={{Graph Mamba: Towards Learning on Graphs with State Space Models}}, 
      author={Ali Behrouz and Farnoosh Hashemi},
      year={2024},
      eprint={2402.08678},
      archivePrefix={arXiv},
      primaryClass={cs.LG},
      url={https://arxiv.org/abs/2402.08678}, 
}





@article{scholkemper2024residual,
  title={Residual connections and normalization can provably prevent oversmoothing in gnns},
  author={Scholkemper, Michael and Wu, Xinyi and Jadbabaie, Ali and Schaub, Michael T},
  journal={arXiv preprint arXiv:2406.02997},
  year={2024}
}

@article{kiani2024unitary,
  title={Unitary convolutions for learning on graphs and groups},
  author={Kiani, Bobak T and Fesser, Lukas and Weber, Melanie},
  journal={arXiv preprint arXiv:2410.05499},
  year={2024}
}

@inproceedings{langley00,
 author    = {P. Langley},
 title     = {Crafting Papers on Machine Learning},
 year      = {2000},
 pages     = {1207--1216},
 editor    = {Pat Langley},
 booktitle     = {Proceedings of the 17th International Conference
              on Machine Learning (ICML 2000)},
 address   = {Stanford, CA},
 publisher = {Morgan Kaufmann}
}

@TechReport{mitchell80,
  author = 	 "T. M. Mitchell",
  title = 	 "The Need for Biases in Learning Generalizations",
  institution =  "Computer Science Department, Rutgers University",
  year = 	 "1980",
  address =	 "New Brunswick, MA",
}

@phdthesis{kearns89,
  author = {M. J. Kearns},
  title =  {Computational Complexity of Machine Learning},
  school = {Department of Computer Science, Harvard University},
  year =   {1989}
}

@Book{MachineLearningI,
  editor = 	 "R. S. Michalski and J. G. Carbonell and T.
		  M. Mitchell",
  title = 	 "Machine Learning: An Artificial Intelligence
		  Approach, Vol. I",
  publisher = 	 "Tioga",
  year = 	 "1983",
  address =	 "Palo Alto, CA"
}

@Book{DudaHart2nd,
  author =       "R. O. Duda and P. E. Hart and D. G. Stork",
  title =        "Pattern Classification",
  publisher =    "John Wiley and Sons",
  edition =      "2nd",
  year =         "2000"
}

@misc{anonymous,
  title= {Suppressed for Anonymity},
  author= {Author, N. N.},
  year= {2021}
}

@InCollection{Newell81,
  author =       "A. Newell and P. S. Rosenbloom",
  title =        "Mechanisms of Skill Acquisition and the Law of
                  Practice", 
  booktitle =    "Cognitive Skills and Their Acquisition",
  pages =        "1--51",
  publisher =    "Lawrence Erlbaum Associates, Inc.",
  year =         "1981",
  editor =       "J. R. Anderson",
  chapter =      "1",
  address =      "Hillsdale, NJ"
}


@Article{Samuel59,
  author = 	 "A. L. Samuel",
  title = 	 "Some Studies in Machine Learning Using the Game of
		  Checkers",
  journal =	 "IBM Journal of Research and Development",
  year =	 "1959",
  volume =	 "3",
  number =	 "3",
  pages =	 "211--229"
}

@article{Chevyrev2016,
  title={A primer on the signature method in machine learning},
  author={Chevyrev, Ilya and Kormilitzin, Andrey},
  journal={arXiv preprint arXiv:1603.03788},
  year={2016}
}

@article{vaswani2017attention,
  title={Attention is all you need},
  author={Vaswani, Ashish and Shazeer, Noam and Parmar, Niki and Uszkoreit, Jakob and Jones, Llion and Gomez, Aidan N and Kaiser, {\L}ukasz and Polosukhin, Illia},
  journal={Advances in neural information processing systems},
  volume={30},
  year={2017}
}

@article{chen2018neural,
  title={Neural ordinary differential equations},
  author={Chen, Ricky TQ and Rubanova, Yulia and Bettencourt, Jesse and Duvenaud, David K},
  journal={Advances in neural information processing systems},
  volume={31},
  year={2018}
}

@article{funahashi1993approximation,
  title={Approximation of dynamical systems by continuous time recurrent neural networks},
  author={Funahashi, Ken-ichi and Nakamura, Yuichi},
  journal={Neural networks},
  volume={6},
  number={6},
  pages={801--806},
  year={1993},
  publisher={Elsevier}
}

@article{rubanova2019latent,
  title={Latent ordinary differential equations for irregularly-sampled time series},
  author={Rubanova, Yulia and Chen, Ricky TQ and Duvenaud, David K},
  journal={Advances in neural information processing systems},
  volume={32},
  year={2019}
}

@article{kidger2020neural,
  title={Neural controlled differential equations for irregular time series},
  author={Kidger, Patrick and Morrill, James and Foster, James and Lyons, Terry},
  journal={Advances in Neural Information Processing Systems},
  volume={33},
  pages={6696--6707},
  year={2020}
}

@inproceedings{holt2022neural,
  title={Neural Laplace: Learning diverse classes of differential equations in the Laplace domain},
  author={Holt, Samuel I and Qian, Zhaozhi and van der Schaar, Mihaela},
  booktitle={International Conference on Machine Learning},
  pages={8811--8832},
  year={2022},
  organization={PMLR}
}

@article{dupont2019augmented,
  title={Augmented neural odes},
  author={Dupont, Emilien and Doucet, Arnaud and Teh, Yee Whye},
  journal={Advances in neural information processing systems},
  volume={32},
  year={2019}
}

@inproceedings{norcliffe2020neural,
  title={Neural ODE Processes},
  author={Norcliffe, Alexander and Bodnar, Cristian and Day, Ben and Moss, Jacob and Li{\`o}, Pietro},
  booktitle={International Conference on Learning Representations},
  year={2020}
}

@article{norcliffe2020second,
  title={On second order behaviour in augmented neural odes},
  author={Norcliffe, Alexander and Bodnar, Cristian and Day, Ben and Simidjievski, Nikola and Li{\`o}, Pietro},
  journal={Advances in neural information processing systems},
  volume={33},
  pages={5911--5921},
  year={2020}
}

@inproceedings{nguyen2022transformer,
  title={Transformer Neural Processes: Uncertainty-Aware Meta Learning Via Sequence Modeling},
  author={Nguyen, Tung and Grover, Aditya},
  booktitle={International Conference on Machine Learning},
  pages={16569--16594},
  year={2022},
  organization={PMLR}
}


@inproceedings{melnychuk2022causal,
  title={Causal transformer for estimating counterfactual outcomes},
  author={Melnychuk, Valentyn and Frauen, Dennis and Feuerriegel, Stefan},
  booktitle={International Conference on Machine Learning},
  pages={15293--15329},
  year={2022},
  organization={PMLR}
}

@inproceedings{seedat2022continuous,
  title={Continuous-Time Modeling of Counterfactual Outcomes Using Neural Controlled Differential Equations},
  author={Seedat, Nabeel and Imrie, Fergus and Bellot, Alexis and Qian, Zhaozhi and van der Schaar, Mihaela},
  booktitle={International Conference on Machine Learning},
  pages={19497--19521},
  year={2022},
  organization={PMLR}
}


@inproceedings{bahdanau2014neural,
  title={Neural machine translation by jointly learning to align and translate},
  author={Bahdanau, Dzmitry and Cho, Kyung Hyun and Bengio, Yoshua},
  booktitle={3rd International Conference on Learning Representations, ICLR 2015},
  year={2015}
}

@article{wang2020linformer,
  title={Linformer: Self-attention with linear complexity},
  author={Wang, Sinong and Li, Belinda Z and Khabsa, Madian and Fang, Han and Ma, Hao},
  journal={arXiv preprint arXiv:2006.04768},
  year={2020}
}

@inproceedings{katharopoulos2020transformers,
  title={Transformers are rnns: Fast autoregressive transformers with linear attention},
  author={Katharopoulos, Angelos and Vyas, Apoorv and Pappas, Nikolaos and Fleuret, Fran{\c{c}}ois},
  booktitle={International conference on machine learning},
  pages={5156--5165},
  year={2020},
  organization={PMLR}
}

@inproceedings{choromanski2020rethinking,
  title={Rethinking Attention with Performers},
  author={Choromanski, Krzysztof Marcin and Likhosherstov, Valerii and Dohan, David and Song, Xingyou and Gane, Andreea and Sarlos, Tamas and Hawkins, Peter and Davis, Jared Quincy and Mohiuddin, Afroz and Kaiser, Lukasz and others},
  booktitle={International Conference on Learning Representations},
  year={2020}
}

@article{li2019enhancing,
  title={Enhancing the locality and breaking the memory bottleneck of transformer on time series forecasting},
  author={Li, Shiyang and Jin, Xiaoyong and Xuan, Yao and Zhou, Xiyou and Chen, Wenhu and Wang, Yu-Xiang and Yan, Xifeng},
  journal={Advances in neural information processing systems},
  volume={32},
  year={2019}
}

@article{dao2022flashattention,
  title={Flashattention: Fast and memory-efficient exact attention with io-awareness},
  author={Dao, Tri and Fu, Dan and Ermon, Stefano and Rudra, Atri and R{\'e}, Christopher},
  journal={Advances in Neural Information Processing Systems},
  volume={35},
  pages={16344--16359},
  year={2022}
}

@inproceedings{morrill2021neural,
  title={Neural rough differential equations for long time series},
  author={Morrill, James and Salvi, Cristopher and Kidger, Patrick and Foster, James},
  booktitle={International Conference on Machine Learning},
  pages={7829--7838},
  year={2021},
  organization={PMLR}
}

@article{salvi2021higher,
  title={Higher order kernel mean embeddings to capture filtrations of stochastic processes},
  author={Salvi, Cristopher and Lemercier, Maud and Liu, Chong and Horvath, Blanka and Damoulas, Theodoros and Lyons, Terry},
  journal={Advances in Neural Information Processing Systems},
  volume={34},
  pages={16635--16647},
  year={2021}
}

@inproceedings{lemercier2021siggpde,
  title={Siggpde: Scaling sparse gaussian processes on sequential data},
  author={Lemercier, Maud and Salvi, Cristopher and Cass, Thomas and Bonilla, Edwin V and Damoulas, Theodoros and Lyons, Terry J},
  booktitle={International Conference on Machine Learning},
  pages={6233--6242},
  year={2021},
  organization={PMLR}
}

@article{reizenstein2017calculation,
  title={Calculation of iterated-integral signatures and log signatures},
  author={Reizenstein, Jeremy},
  journal={arXiv preprint arXiv:1712.02757},
  year={2017}
}

@article{bagnall2018uea,
  title={The UEA multivariate time series classification archive, 2018},
  author={Bagnall, Anthony and Dau, Hoang Anh and Lines, Jason and Flynn, Michael and Large, James and Bostrom, Aaron and Southam, Paul and Keogh, Eamonn},
  journal={arXiv preprint arXiv:1811.00075},
  year={2018}
}

@inproceedings{chen2023contiformer,
  title={ContiFormer: Continuous-Time Transformer for Irregular Time Series Modeling},
  author={Chen, Yuqi and Ren, Kan and Wang, Yansen and Fang, Yuchen and Sun, Weiwei and Li, Dongsheng},
  booktitle={Thirty-seventh Conference on Neural Information Processing Systems},
  year={2023}
}

@inproceedings{fonseca2023continuous,
  title={Continuous Spatiotemporal Transformer},
  author={Fonseca, Antonio Henrique De Oliveira and Zappala, Emanuele and Caro, Josue Ortega and Van Dijk, David},
  booktitle={International Conference on Machine Learning},
  pages={7343--7365},
  year={2023},
  organization={PMLR}
}

@book{lyons2007differential,
  title={Differential equations driven by rough paths},
  author={Lyons, Terry J and Caruana, Michael and L{\'e}vy, Thierry},
  year={2007},
  publisher={Springer}
}

@inproceedings{kidger2018deep,
 author = {Kidger, Patrick and Bonnier, Patric and Perez Arribas, Imanol and Salvi, Cristopher and Lyons, Terry},
 booktitle = {Advances in Neural Information Processing Systems},
 editor = {H. Wallach and H. Larochelle and A. Beygelzimer and F. d\textquotesingle Alch\'{e}-Buc and E. Fox and R. Garnett},
 pages = {},
 publisher = {Curran Associates, Inc.},
 title = {Deep Signature Transforms},
 url = {https://proceedings.neurips.cc/paper_files/paper/2019/file/d2cdf047a6674cef251d56544a3cf029-Paper.pdf},
 volume = {32},
 year = {2019}
}

@article{wen2022transformers,
  title={Transformers in time series: A survey},
  author={Wen, Qingsong and Zhou, Tian and Zhang, Chaoli and Chen, Weiqi and Ma, Ziqing and Yan, Junchi and Sun, Liang},
  journal={arXiv preprint arXiv:2202.07125},
  year={2022}
}

@article{moreno2022deepvol,
  title={Deepvol: Volatility forecasting from high-frequency data with dilated causal convolutions},
  author={Moreno-Pino, Fernando and Zohren, Stefan},
  journal={arXiv preprint arXiv:2210.04797},
  year={2022}
}

@article{fermanian2021embedding,
  title={Embedding and learning with signatures},
  author={Fermanian, Adeline},
  journal={Computational Statistics \& Data Analysis},
  volume={157},
  pages={107148},
  year={2021},
  publisher={Elsevier}
}

@article{perez2018signature,
  title={A signature-based machine learning model for distinguishing bipolar disorder and borderline personality disorder},
  author={Perez Arribas, Imanol and Goodwin, Guy M and Geddes, John R and Lyons, Terry and Saunders, Kate EA},
  journal={Translational psychiatry},
  volume={8},
  number={1},
  pages={274},
  year={2018},
  publisher={Nature Publishing Group UK London}
}

@inproceedings{compagnoni2023effectiveness,
  title={On the effectiveness of randomized signatures as reservoir for learning rough dynamics},
  author={Compagnoni, Enea Monzio and Scampicchio, Anna and Biggio, Luca and Orvieto, Antonio and Hofmann, Thomas and Teichmann, Josef},
  booktitle={2023 International Joint Conference on Neural Networks (IJCNN)},
  pages={1--8},
  year={2023},
  organization={IEEE}
}

@article{kidger2020signatory,
  title={Signatory: differentiable computations of the signature and logsignature transforms, on both CPU and GPU},
  author={Kidger, Patrick and Lyons, Terry},
  journal={arXiv preprint arXiv:2001.00706},
  year={2020}
}

@article{reizenstein2018iisignature,
  title={The iisignature library: efficient calculation of iterated-integral signatures and log signatures},
  author={Reizenstein, Jeremy and Graham, Benjamin},
  journal={arXiv preprint arXiv:1802.08252},
  year={2018}
}

@book{hautsch2004modelling,
  title={Modelling irregularly spaced financial data: theory and practice of dynamic duration models},
  author={Hautsch, Nikolaus},
  year={2004},
  publisher={Springer Science \& Business Media}
}

@article{perveen2020handling,
  title={Handling irregularly sampled longitudinal data and prognostic modeling of diabetes using machine learning technique},
  author={Perveen, Sajida and Shahbaz, Muhammad and Saba, Tanzila and Keshavjee, Karim and Rehman, Amjad and Guergachi, Aziz},
  journal={IEEE Access},
  volume={8},
  pages={21875--21885},
  year={2020},
  publisher={IEEE}
}

@article{fleming2018correcting,
  title={Correcting for missing and irregular data in home-range estimation},
  author={Fleming, CH and Sheldon, D and Fagan, WF and Leimgruber, P and Mueller, T and Nandintsetseg, D and Noonan, MJ and Olson, KA and Setyawan, Edy and Sianipar, A and others},
  journal={Ecological Applications},
  volume={28},
  number={4},
  pages={1003--1010},
  year={2018},
  publisher={Wiley Online Library}
}

@book{cartea2015algorithmic,
  title={Algorithmic and high-frequency trading},
  author={Cartea, {\'A}lvaro and Jaimungal, Sebastian and Penalva, Jos{\'e}},
  year={2015},
  publisher={Cambridge University Press}
}

@article{vahid2020applying,
  title={Applying deep learning to single-trial EEG data provides evidence for complementary theories on action control},
  author={Vahid, Amirali and M{\"u}ckschel, Moritz and Stober, Sebastian and Stock, Ann-Kathrin and Beste, Christian},
  journal={Communications biology},
  volume={3},
  number={1},
  pages={112},
  year={2020},
  publisher={Nature Publishing Group UK London}
}


@article{morariu2022state,
  title={State-dependent Hawkes processes and their application to limit order book modelling},
  author={Morariu-Patrichi, Maxime and Pakkanen, Mikko S},
  journal={Quantitative Finance},
  volume={22},
  number={3},
  pages={563--583},
  year={2022},
  publisher={Taylor \& Francis}
}

@article{hochreiter1997long,
  title={Long short-term memory},
  author={Hochreiter, Sepp and Schmidhuber, J{\"u}rgen},
  journal={Neural computation},
  volume={9},
  number={8},
  pages={1735--1780},
  year={1997},
  publisher={MIT press}
}


@article{yoon2019time,
  title={Time-series generative adversarial networks},
  author={Yoon, Jinsung and Jarrett, Daniel and Van der Schaar, Mihaela},
  journal={Advances in neural information processing systems},
  volume={32},
  year={2019}
}

@article{ratcliff2016diffusion,
  title={Diffusion decision model: Current issues and history},
  author={Ratcliff, Roger and Smith, Philip L and Brown, Scott D and McKoon, Gail},
  journal={Trends in cognitive sciences},
  volume={20},
  number={4},
  pages={260--281},
  year={2016},
  publisher={Elsevier}
}

@article{huang2011lobster,
  title={Lobster: Limit order book reconstruction system},
  author={Huang, Ruihong and Polak, Tomas},
  journal={Available at SSRN 1977207},
  year={2011}
}

@inproceedings{scalzo2021nonstationary,
  title={Nonstationary portfolios: Diversification in the spectral domain},
  author={Scalzo, Bruno and Arroyo, Alvaro and Stankovi{\'c}, Ljubi{\v{s}}a and Mandic, Danilo P},
  booktitle={ICASSP 2021-2021 IEEE International Conference on Acoustics, Speech and Signal Processing (ICASSP)},
  pages={5155--5159},
  year={2021},
  organization={IEEE}
}

@inproceedings{arroyo2022dynamic,
  title={Dynamic Portfolio Cuts: A Spectral Approach to Graph-Theoretic Diversification},
  author={Arroyo, Alvaro and Scalzo, Bruno and Stankovi{\'c}, Ljubi{\v{s}}a and Mandic, Danilo P},
  booktitle={ICASSP 2022-2022 IEEE International Conference on Acoustics, Speech and Signal Processing (ICASSP)},
  pages={5468--5472},
  year={2022},
  organization={IEEE}
}

@article{arroyo2024deep,
  title={Deep attentive survival analysis in limit order books: Estimating fill probabilities with convolutional-transformers},
  author={Arroyo, Alvaro and Cartea, Alvaro and Moreno-Pino, Fernando and Zohren, Stefan},
  journal={Quantitative Finance},
  pages={1--23},
  year={2024},
  publisher={Taylor \& Francis}
}

@inproceedings{zeng2023transformers,
  title={Are transformers effective for time series forecasting?},
  author={Zeng, Ailing and Chen, Muxi and Zhang, Lei and Xu, Qiang},
  booktitle={Proceedings of the AAAI conference on artificial intelligence},
  volume={37},
  number={9},
  pages={11121--11128},
  year={2023}
}

@article{tan2020monash,
  title={Monash University, UEA, UCR time series extrinsic regression archive},
  author={Tan, Chang Wei and Bergmeir, Christoph and Petitjean, Francois and Webb, Geoffrey I},
  journal={arXiv preprint arXiv:2006.10996},
  year={2020}
}

@inproceedings{bilos2021neural,
 author = {Bilo\v{s}, Marin and Sommer, Johanna and Rangapuram, Syama Sundar and Januschowski, Tim and G\"{u}nnemann, Stephan},
 booktitle = {Advances in Neural Information Processing Systems},
 editor = {M. Ranzato and A. Beygelzimer and Y. Dauphin and P.S. Liang and J. Wortman Vaughan},
 pages = {21325--21337},
 publisher = {Curran Associates, Inc.},
 title = {Neural Flows: Efficient Alternative to Neural ODEs},
 url = {https://proceedings.neurips.cc/paper_files/paper/2021/file/b21f9f98829dea9a48fd8aaddc1f159d-Paper.pdf},
 volume = {34},
 year = {2021}
}

@article{sitzmann2020implicit,
  title={Implicit neural representations with periodic activation functions},
  author={Sitzmann, Vincent and Martel, Julien and Bergman, Alexander and Lindell, David and Wetzstein, Gordon},
  journal={Advances in neural information processing systems},
  volume={33},
  pages={7462--7473},
  year={2020}
}

@article{fons2022hypertime,
  title={HyperTime: Implicit Neural Representation for Time Series},
  author={Fons, Elizabeth and Sztrajman, Alejandro and El-Laham, Yousef and Iosifidis, Alexandros and Vyetrenko, Svitlana},
  journal={arXiv preprint arXiv:2208.05836},
  year={2022}
}

@inproceedings{li2020fourier,
  title={Fourier Neural Operator for Parametric Partial Differential Equations},
  author={Li, Zongyi and Kovachki, Nikola Borislavov and Azizzadenesheli, Kamyar and Bhattacharya, Kaushik and Stuart, Andrew and Anandkumar, Anima and others},
  booktitle={International Conference on Learning Representations},
  year={2020}
}
@article{park2023learning,
  title={Learning PDE Solution Operator for Continuous Modeling of Time-Series},
  author={Park, Yesom and Choi, Jaemoo and Yoon, Changyeon and Kang, Myungjoo and others},
  journal={arXiv preprint arXiv:2302.00854},
  year={2023}
}

@inproceedings{
shukla2021multitime,
title={Multi-Time Attention Networks for Irregularly Sampled Time Series},
author={Satya Narayan Shukla and Benjamin Marlin},
booktitle={International Conference on Learning Representations},
year={2021},
url={https://openreview.net/forum?id=4c0J6lwQ4_}
}


@inproceedings{feng2023diffuser,
  title={Diffuser: efficient transformers with multi-hop attention diffusion for long sequences},
  author={Feng, Aosong and Li, Irene and Jiang, Yuang and Ying, Rex},
  booktitle={Proceedings of the AAAI Conference on Artificial Intelligence},
  volume={37},
  number={11},
  pages={12772--12780},
  year={2023}
}

@article{moreno2023deep,
  title={Deep autoregressive models with spectral attention},
  author={Moreno-Pino, Fernando and Olmos, Pablo M and Art{\'e}s-Rodr{\'\i}guez, Antonio},
  journal={Pattern Recognition},
  volume={133},
  pages={109014},
  year={2023},
  publisher={Elsevier}
}

@article{cho2014learning,
  title={Learning phrase representations using RNN encoder-decoder for statistical machine translation},
  author={Cho, Kyunghyun and Van Merri{\"e}nboer, Bart and Gulcehre, Caglar and Bahdanau, Dzmitry and Bougares, Fethi and Schwenk, Holger and Bengio, Yoshua},
  journal={arXiv preprint arXiv:1406.1078},
  year={2014}
}

@inproceedings{he2016deep,
  title={Deep residual learning for image recognition},
  author={He, Kaiming and Zhang, Xiangyu and Ren, Shaoqing and Sun, Jian},
  booktitle={Proceedings of the IEEE conference on computer vision and pattern recognition},
  pages={770--778},
  year={2016}
}

@article{arribas2018derivatives,
  title={Derivatives pricing using signature payoffs},
  author={Arribas, Imanol Perez},
  journal={arXiv preprint arXiv:1809.09466},
  year={2018}
}

@inproceedings{tong2023sigformer,
  title={SigFormer: Signature Transformers for Deep Hedging},
  author={Tong, Anh and Nguyen-Tang, Thanh and Lee, Dongeun and Tran, Toan M and Choi, Jaesik},
  booktitle={Proceedings of the Fourth ACM International Conference on AI in Finance},
  pages={124--132},
  year={2023}
}

@inproceedings{hoglund2023neural,
  title={A neural RDE approach for continuous-time non-Markovian stochastic control problems},
  author={H{\"o}glund, Melker and Ferrucci, Emilio and Hern{\'a}ndez, Camilo and Gonzalez, Aitor Muguruza and Salvi, Cristopher and S{\'a}nchez-Betancourt, Leandro and Zhang, Yufei},
  booktitle={ICML Workshop on New Frontiers in Learning, Control, and Dynamical Systems},
  year={2023}
}

@article{cartea2023detecting,
  title={Detecting toxic flow},
  author={Cartea, {\'A}lvaro and Duran-Martin, Gerardo and S{\'a}nchez-Betancourt, Leandro},
  journal={arXiv preprint arXiv:2312.05827},
  year={2023}
}

@article{yemini2013database,
  title={A database of Caenorhabditis elegans behavioral phenotypes},
  author={Yemini, Eviatar and Jucikas, Tadas and Grundy, Laura J and Brown, Andr{\'e} EX and Schafer, William R},
  journal={Nature methods},
  volume={10},
  number={9},
  pages={877--879},
  year={2013},
  publisher={Nature Publishing Group US New York}
}

@article{hambly2010uniqueness,
  title={Uniqueness for the signature of a path of bounded variation and the reduced path group},
  author={Hambly, Ben and Lyons, Terry},
  journal={Annals of Mathematics},
  pages={109--167},
  year={2010},
  publisher={JSTOR}
}

@article{hausdorff1996multiscaled,
  title={Multiscaled randomness: A possible source of 1/f noise in biology},
  author={Hausdorff, Jeffrey M and Peng, C-K},
  journal={Physical review E},
  volume={54},
  number={2},
  pages={2154},
  year={1996},
  publisher={APS}
}

@article{corsi2009simple,
  title={A simple approximate long-memory model of realized volatility},
  author={Corsi, Fulvio},
  journal={Journal of Financial Econometrics},
  volume={7},
  number={2},
  pages={174--196},
  year={2009},
  publisher={Oxford University Press}
}

@article{calvo2023beyond,
  title={Beyond U: Making Diffusion Models Faster \& Lighter},
  author={Calvo-Ordonez, Sergio and Huang, Jiahao and Zhang, Lipei and Yang, Guang and Schonlieb, Carola-Bibiane and Aviles-Rivero, Angelica I},
  journal={arXiv preprint arXiv:2310.20092},
  year={2023}
}

@inproceedings{hasani2021liquid,
  title={Liquid time-constant networks},
  author={Hasani, Ramin and Lechner, Mathias and Amini, Alexander and Rus, Daniela and Grosu, Radu},
  booktitle={Proceedings of the AAAI Conference on Artificial Intelligence},
  volume={35},
  number={9},
  pages={7657--7666},
  year={2021}
}




@inproceedings{henaff2016,
  title={Recurrent orthogonal networks and long-memory tasks},
  author={Henaff, Mikael and Szlam, Arthur and LeCun, Yann},
  booktitle={International Conference on Machine Learning},
  pages={2034--2042},
  year={2016},
  organization={PMLR}
}

@inproceedings{lezcano2019,
  title={Cheap orthogonal constraints in neural networks: A simple parametrization of the orthogonal and unitary group},
  author={Lezcano-Casado, Mario and Mart{\i}nez-Rubio, David},
  booktitle={International Conference on Machine Learning},
  pages={3794--3803},
  year={2019},
  organization={PMLR}
}
@article{tallec2018,
  title={Can recurrent neural networks warp time?},
  author={Tallec, Corentin and Ollivier, Yann},
  journal={arXiv preprint arXiv:1804.11188},
  year={2018}
}

@inproceedings{chang2019,
  title={AntisymmetricRNN: A Dynamical System View on Recurrent Neural Networks},
  author={Chang, Bo and Chen, Minmin and Haber, Eldad and Chi, Ed H},
  booktitle={International Conference on Learning Representations},
  year={2018}
}

@inproceedings{erichson2021,
  title={Lipschitz Recurrent Neural Networks},
  author={Erichson, N Benjamin and Azencot, Omri and Queiruga, Alejandro and Hodgkinson, Liam and Mahoney, Michael W},
  booktitle={International Conference on Learning Representations},
  year={2020}
}

@inproceedings{rusch2021a,
  title={Coupled Oscillatory Recurrent Neural Network (coRNN): An accurate and (gradient) stable architecture for learning long time dependencies},
  author={Rusch, T Konstantin and Mishra, Siddhartha},
  booktitle={International Conference on Learning Representations},
  year={2020}
}

@inproceedings{rusch2021b,
  title={Unicornn: A recurrent model for learning very long time dependencies},
  author={Rusch, T Konstantin and Mishra, Siddhartha},
  booktitle={International Conference on Machine Learning},
  pages={9168--9178},
  year={2021},
  organization={PMLR}
}


@inproceedings{rusch2022,
  title={Long Expressive Memory for Sequence Modeling},
  author={Rusch, T Konstantin and Mishra, Siddhartha and Erichson, N Benjamin and Mahoney, Michael W},
  booktitle={International Conference on Learning Representations},
  year={2021}
}

@inproceedings{keller2023,
  title={Traveling Waves Encode The Recent Past and Enhance Sequence Learning},
  author={Keller, T Anderson and Muller, Lyle and Sejnowski, Terrence and Welling, Max},
  booktitle={The Twelfth International Conference on Learning Representations},
  year={2023}
}






@inproceedings{gu2021,
  title={Efficiently Modeling Long Sequences with Structured State Spaces},
  author={Gu, Albert and Goel, Karan and Re, Christopher},
  booktitle={International Conference on Learning Representations},
  year={2021}
}

@article{child2019generating,
  title={Generating long sequences with sparse transformers},
  author={Child, Rewon and Gray, Scott and Radford, Alec and Sutskever, Ilya},
  journal={arXiv preprint arXiv:1904.10509},
  year={2019}
}

@article{beltagy2020longformer,
  title={Longformer: The long-document transformer},
  author={Beltagy, Iz and Peters, Matthew E and Cohan, Arman},
  journal={arXiv preprint arXiv:2004.05150},
  year={2020}
}

@article{zaheer2020big,
  title={Big bird: Transformers for longer sequences},
  author={Zaheer, Manzil and Guruganesh, Guru and Dubey, Kumar Avinava and Ainslie, Joshua and Alberti, Chris and Ontanon, Santiago and Pham, Philip and Ravula, Anirudh and Wang, Qifan and Yang, Li and others},
  journal={Advances in neural information processing systems},
  volume={33},
  pages={17283--17297},
  year={2020}
}

@article{cuchiero2021discrete,
  title={Discrete-time signatures and randomness in reservoir computing},
  author={Cuchiero, Christa and Gonon, Lukas and Grigoryeva, Lyudmila and Ortega, Juan-Pablo and Teichmann, Josef},
  journal={IEEE Transactions on Neural Networks and Learning Systems},
  volume={33},
  number={11},
  pages={6321--6330},
  year={2021},
  publisher={IEEE}
}


@inproceedings{cini2021filling,
  title={Filling the G\_ap\_s: Multivariate Time Series Imputation by Graph Neural Networks},
  author={Cini, Andrea and Marisca, Ivan and Alippi, Cesare},
  booktitle={International Conference on Learning Representations},
  year={2021}
}

@article{marisca2024graph,
  title={Graph-based Forecasting with Missing Data through Spatiotemporal Downsampling},
  author={Marisca, Ivan and Alippi, Cesare and Bianchi, Filippo Maria},
  journal={arXiv preprint arXiv:2402.10634},
  year={2024}
}

@article{kazi2022differentiable,
  title={Differentiable graph module (dgm) for graph convolutional networks},
  author={Kazi, Anees and Cosmo, Luca and Ahmadi, Seyed-Ahmad and Navab, Nassir and Bronstein, Michael M},
  journal={IEEE Transactions on Pattern Analysis and Machine Intelligence},
  volume={45},
  number={2},
  pages={1606--1617},
  year={2022},
  publisher={IEEE}
}

@article{borde2023projections,
  title={Projections of model spaces for latent graph inference},
  author={Borde, Haitz S{\'a}ez de Oc{\'a}riz and Arroyo, {\'A}lvaro and Posner, Ingmar},
  journal={arXiv preprint arXiv:2303.11754},
  year={2023}
}

@article{cini2024taming,
  title={Taming local effects in graph-based spatiotemporal forecasting},
  author={Cini, Andrea and Marisca, Ivan and Zambon, Daniele and Alippi, Cesare},
  journal={Advances in Neural Information Processing Systems},
  volume={36},
  year={2024}
}

@article{moreno2024rough,
  title={Rough Transformers for Continuous and Efficient Time-Series Modelling},
  author={Moreno-Pino, Fernando and Arroyo, {\'A}lvaro and Waldon, Harrison and Dong, Xiaowen and Cartea, {\'A}lvaro},
  journal={arXiv preprint arXiv:2403.10288},
  year={2024}
}

@article{cirone2024theoretical,
  title={Theoretical Foundations of Deep Selective State-Space Models},
  author={Cirone, Nicola Muca and Orvieto, Antonio and Walker, Benjamin and Salvi, Cristopher and Lyons, Terry},
  journal={arXiv preprint arXiv:2402.19047},
  year={2024}
}

@article{walker2024log,
  title={Log Neural Controlled Differential Equations: The Lie Brackets Make a Difference},
  author={Walker, Benjamin and McLeod, Andrew D and Qin, Tiexin and Cheng, Yichuan and Li, Haoliang and Lyons, Terry},
  journal={arXiv preprint arXiv:2402.18512},
  year={2024}
}


@inproceedings{schirmer2022modeling,
  title={Modeling irregular time series with continuous recurrent units},
  author={Schirmer, Mona and Eltayeb, Mazin and Lessmann, Stefan and Rudolph, Maja},
  booktitle={International conference on machine learning},
  pages={19388--19405},
  year={2022},
  organization={PMLR}
}

@inproceedings{smithsimplified,
  title={Simplified State Space Layers for Sequence Modeling},
  author={Smith, Jimmy TH and Warrington, Andrew and Linderman, Scott},
  booktitle={The Eleventh International Conference on Learning Representations}
}

@inproceedings{ohstable,
  title={Stable Neural Stochastic Differential Equations in Analyzing Irregular Time Series Data},
  author={Oh, YongKyung and Lim, Dongyoung and Kim, Sungil},
  booktitle={The Twelfth International Conference on Learning Representations}
}

@inproceedings{romerockconv,
  title={CKConv: Continuous Kernel Convolution For Sequential Data},
  author={Romero, David W and Kuzina, Anna and Bekkers, Erik J and Tomczak, Jakub Mikolaj and Hoogendoorn, Mark},
  booktitle={International Conference on Learning Representations}
}

@article{barbero2024transformers,
  title={Transformers need glasses! Information over-squashing in language tasks},
  author={Barbero, Federico and Banino, Andrea and Kapturowski, Steven and Kumaran, Dharshan and Ara{\'u}jo, Jo{\~a}o GM and Vitvitskyi, Alex and Pascanu, Razvan and Veli{\v{c}}kovi{\'c}, Petar},
  journal={arXiv preprint arXiv:2406.04267},
  year={2024}
}





@article{saez2024neural,
  title={Neural latent geometry search: product manifold inference via gromov-hausdorff-informed Bayesian optimization},
  author={S{\'a}ez de Oc{\'a}riz Borde, Haitz and Arroyo, Alvaro and Morales, Ismael and Posner, Ingmar and Dong, Xiaowen},
  journal={Advances in Neural Information Processing Systems},
  volume={36},
  year={2024}
}

@inproceedings{de2023projections,
  title={Projections of model spaces for latent graph inference},
  author={de Oc{\'a}riz Borde, Haitz S{\'a}ez and Arroyo, Alvaro and Posner, Ingmar},
  booktitle={ICLR 2023 Workshop on Physics for Machine Learning},
  year={2023}
}


@article{lechner2020learning,
  title={Learning long-term dependencies in irregularly-sampled time series},
  author={Lechner, Mathias and Hasani, Ramin},
  journal={arXiv preprint arXiv:2006.04418},
  year={2020}
}

@article{bresson2017residual,
  title={Residual gated graph convnets},
  author={Bresson, Xavier and Laurent, Thomas},
  journal={arXiv preprint arXiv:1711.07553},
  year={2017}
}

@article{battaglia2018relational,
  title={Relational inductive biases, deep learning, and graph networks},
  author={Battaglia, Peter W and Hamrick, Jessica B and Bapst, Victor and Sanchez-Gonzalez, Alvaro and Zambaldi, Vinicius and Malinowski, Mateusz and Tacchetti, Andrea and Raposo, David and Santoro, Adam and Faulkner, Ryan and others},
  journal={arXiv preprint arXiv:1806.01261},
  year={2018}
}

@inproceedings{rusch2023gradient,
  title={Gradient Gating for Deep Multi-Rate Learning on Graphs},
  author={Rusch, T Konstantin and Chamberlain, Benjamin Paul and Mahoney, Michael W and Bronstein, Michael M and Mishra, Siddhartha},
  booktitle={The Eleventh International Conference on Learning Representations},
    year={2023}
}

@inproceedings{finkelshteincooperative2024,
  title={Cooperative Graph Neural Networks},
  author={Finkelshtein, Ben and Huang, Xingyue and Bronstein, Michael M and Ceylan, Ismail Ilkan},
  booktitle={Forty-first International Conference on Machine Learning},
    year={2024}
}

@article{calvo2025observation,
  title={Observation Noise and Initialization in Wide Neural Networks},
  author={Calvo-Ordo{\~n}ez, Sergio and Plenk, Jonathan and Bergna, Richard and Cartea, Alvaro and Hernandez-Lobato, Jose Miguel and Palla, Konstantina and Ciosek, Kamil},
  journal={arXiv preprint arXiv:2502.01556},
  year={2025}
}

@article{ordonezmissing,
  title={The Missing U for Efficient Diffusion Models},
  author={Ordo{\~n}ez, Sergio Calvo and Cheng, Chun-Wun and Huang, Jiahao and Zhang, Lipei and Yang, Guang and Sch{\"o}nlieb, Carola-Bibiane and Aviles-Rivero, Angelica I},
  journal={Transactions on Machine Learning Research},
    year={2023}
}

@article{calvo2024partially,
  title={Partially Stochastic Infinitely Deep Bayesian Neural Networks},
  author={Calvo-Ordonez, Sergio and Meunier, Matthieu and Piatti, Francesco and Shi, Yuantao},
  journal={arXiv preprint arXiv:2402.03495},
  year={2024}
}


@article{bergna2024uncertainty,
  title={Uncertainty Modeling in Graph Neural Networks via Stochastic Differential Equations},
  author={Bergna, Richard and Calvo-Ordonez, Sergio and Opolka, Felix L and Li{\`o}, Pietro and Hernandez-Lobato, Jose Miguel},
  journal={arXiv preprint arXiv:2408.16115},
  year={2024}
}

@article{duran2024bone,
  title={BONE: a unifying framework for Bayesian online learning in non-stationary environments},
  author={Duran-Martin, Gerardo and S{\'a}nchez-Betancourt, Leandro and Shestopaloff, Alexander Y and Murphy, Kevin},
  journal={arXiv preprint arXiv:2411.10153},
  year={2024}
}

@article{chang2023low,
  title={Low-rank extended Kalman filtering for online learning of neural networks from streaming data},
  author={Chang, Peter G and Dur{\'a}n-Mart{\'\i}n, Gerardo and Shestopaloff, Alexander Y and Jones, Matt and Murphy, Kevin},
  journal={arXiv preprint arXiv:2305.19535},
  year={2023}
}

@article{eliasof2021pde,
  title={Pde-gcn: Novel architectures for graph neural networks motivated by partial differential equations},
  author={Eliasof, Moshe and Haber, Eldad and Treister, Eran},
  journal={Advances in neural information processing systems},
  volume={34},
  pages={3836--3849},
  year={2021}
}


@article{chamberlain2021beltrami,
  title={Beltrami flow and neural diffusion on graphs},
  author={Chamberlain, Benjamin and Rowbottom, James and Eynard, Davide and Di Giovanni, Francesco and Dong, Xiaowen and Bronstein, Michael},
  journal={Advances in Neural Information Processing Systems},
  volume={34},
  pages={1594--1609},
  year={2021}
}

@article{duran2024outlier,
  title={Outlier-robust Kalman Filtering through Generalised Bayes},
  author={Duran-Martin, Gerardo and Altamirano, Matias and Shestopaloff, Alexander Y and S{\'a}nchez-Betancourt, Leandro and Knoblauch, Jeremias and Jones, Matt and Briol, Fran{\c{c}}ois-Xavier and Murphy, Kevin},
  journal={arXiv preprint arXiv:2405.05646},
  year={2024}
}
