@techreport{khan2022transfer,
  title={Transfer Learning Based Classification of MSI and MSS Gastrointestinal Cancer},
  author={Khan, Zabiha and Loganathan, R},
  year={2022},
  institution={EasyChair}
}

@article{li2019early,
  title={Early diagnosis of gastric cancer based on deep learning combined with the spectral-spatial classification method},
  author={Li, Yuanpeng and Deng, Liangyu and Yang, Xinhao and Liu, Zhao and Zhao, Xiaoping and Huang, Furong and Zhu, Siqi and Chen, Xingdan and Chen, Zhenqiang and Zhang, Weimin},
  journal={Biomedical optics express},
  volume={10},
  number={10},
  pages={4999--5014},
  year={2019},
  publisher={Optical Society of America}
}

@article{puliga2021microsatellite,
  title={Microsatellite instability in Gastric Cancer: Between lights and shadows},
  author={Puliga, Elisabetta and Corso, Simona and Pietrantonio, Filippo and Giordano, Silvia},
  journal={Cancer Treatment Reviews},
  volume={95},
  pages={102175},
  year={2021},
  publisher={Elsevier}
}

@inproceedings{sai2022modified,
  title={Modified ResNetModel for MSI and MSS Classification of Gastrointestinal Cancer},
  author={Sai Venkatesh, CH and Meriga, Caleb and Geethika, MGVL and Lakshmi Gayatri, T and Aruna, VBKL},
  booktitle={High Performance Computing and Networking},
  pages={273--282},
  year={2022},
  organization={Springer}
}

@article{zhao2022identification,
  title={Identification of gastric cancer with convolutional neural networks: a systematic review},
  author={Zhao, Yuxue and Hu, Bo and Wang, Ying and Yin, Xiaomeng and Jiang, Yuanyuan and Zhu, Xiuli},
  journal={Multimedia Tools and Applications},
  pages={1--20},
  year={2022},
  publisher={Springer}
}

