@misc{IARC,
title = {International Agency for Research on Cancer},
year={6/6/2022 accessed},
howpublished = {\url{https://www.iarc.fr/}}
}

@inproceedings{he2016deep,
  title={Deep residual learning for image recognition},
  author={He, Kaiming and Zhang, Xiangyu and Ren, Shaoqing and Sun, Jian},
  booktitle={Proceedings of the IEEE conference on computer vision and pattern recognition},
  pages={770--778},
  year={2016}
}

@inproceedings{sai2022modified,
  title={Modified ResNetModel for MSI and MSS Classification of Gastrointestinal Cancer},
  author={Sai Venkatesh, CH and Meriga, Caleb and Geethika, MGVL and Lakshmi Gayatri, T and Aruna, VBKL},
  booktitle={High Performance Computing and Networking},
  pages={273--282},
  year={2022},
  organization={Springer}
}

@article{yamashita2021deep,
  title={Deep learning model for the prediction of microsatellite instability in colorectal cancer: a diagnostic study},
  author={Yamashita, Rikiya and Long, Jin and Longacre, Teri and Peng, Lan and Berry, Gerald and Martin, Brock and Higgins, John and Rubin, Daniel L and Shen, Jeanne},
  journal={The Lancet Oncology},
  volume={22},
  number={1},
  pages={132--141},
  year={2021},
  publisher={Elsevier}
}

@techreport{khan2022transfer,
  title={Transfer Learning Based Classification of MSI and MSS Gastrointestinal Cancer},
  author={Khan, Zabiha and Loganathan, R},
  year={2022},
  institution={EasyChair}
}

@misc{DL,
title = {Deep Learning},
year={6/7/2022 accessed},
howpublished = {\url{https://www.ibm.com/cloud/learn/deep-learning}}
}

@misc{HIPAA,
title = {The Privacy And Security Of Your Medical Records},
year={6/7/2022 accessed},
howpublished = {\url{https://www.medicalrecords.com/get-medical-records/privacy-and-security}}
}

@misc{P&S,
title = {Data Privacy and Security Risks In Healthcare Industry},
year={6/7/2022 accessed},
howpublished = {\url{https://www.appknox.com}}
}

@misc{Issues,
title = {5 current issues with patient privacy and data security},
year={6/7/2022 accessed},
howpublished = {\url{https://www.healthcareitnews.com/news}}
}

@misc{DP,
title = {Practical Considerations for Differential Privacy at a Startup},
year={6/7/2022 accessed},
howpublished = {\url{https://www.truework.com/blog/engineering/posts/2020-06-15-differential-privacy}}
}

@misc{Dataset,
title = {TCGA COAD MSI vs MSS Prediction (JPG)},
year={6/7/2022 accessed},
howpublished = {\url{https://www.kaggle.com/datasets/joangibert/tcga_coad_msi_mss_jpg}}
}

@INPROCEEDINGS{7958568,
  author={Shokri, Reza and Stronati, Marco and Song, Congzheng and Shmatikov, Vitaly},
  booktitle={2017 IEEE Symposium on Security and Privacy (SP)}, 
  title={Membership Inference Attacks Against Machine Learning Models}, 
  year={2017},
  volume={},
  number={},
  pages={3-18},
  doi={10.1109/SP.2017.41}}
  
@misc{MLSecurity,
title = {What is model stealing and why it matters},
year={6/7/2022 accessed},
howpublished = {\url{https://www.mlsecurity.ai/post}}
}
 
@article{zhang2021understanding,
  title={Understanding deep learning (still) requires rethinking generalization},
  author={Zhang, Chiyuan and Bengio, Samy and Hardt, Moritz and Recht, Benjamin and Vinyals, Oriol},
  journal={Communications of the ACM},
  volume={64},
  number={3},
  pages={107--115},
  year={2021},
  publisher={ACM New York, NY, USA}
}
@inproceedings{brock2021high,
  title={High-performance large-scale image recognition without normalization},
  author={Brock, Andy and De, Soham and Smith, Samuel L and Simonyan, Karen},
  booktitle={International Conference on Machine Learning},
  pages={1059--1071},
  year={2021},
  organization={PMLR}
}

@article{lundervold2019overview,
  title={An overview of deep learning in medical imaging focusing on MRI},
  author={Lundervold, Alexander Selvikv{\aa}g and others},
  journal={Zeitschrift f{\"u}r Medizinische Physik},
  volume={29},
  number={2},
  pages={102--127},
  year={2019},
  publisher={Elsevier}
}

@article{chilukoti2023reliable,
  title={A Reliable Diabetic Retinopathy Grading via Transfer Learning with Quadratic Weighted Kappa Metric},
  author={Chilukoti, Sai Venkatesh and Shan, Liqun and Maida, Anthony S and Hei, Xiali},
  year={2023}
}

@article{chilukoti2022privacy,
  title={Privacy-Preserving Deep Learning Model for Covid-19 Disease Detection},
  author={Chilukoti, Vijay Srinivas Tida Sai Venkatesh and Hsu, Sonya and Hei, Xiali},
  journal={arXiv preprint arXiv:2209.04445},
  year={2022}
}

@article{kieu2020survey,
  title={A survey of deep learning for lung disease detection on medical images: state-of-the-art, taxonomy, issues and future directions},
  author={Kieu, Stefanus Tao Hwa and others},
  journal={Journal of imaging},
  volume={6},
  number={12},
  pages={131},
  year={2020},
  publisher={MDPI}
}

@inproceedings{dwork2008differential,
  title={Differential privacy: A survey of results},
  author={Dwork, Cynthia},
  booktitle={International conference on theory and applications of models of computation},
  pages={1--19},
  year={2008},
  organization={Springer}
}

@article{wang2020edge,
  title={Edge-based differential privacy computing for sensor--cloud systems},
  author={Wang, Tian and others},
  journal={Journal of Parallel and Distributed computing},
  volume={136},
  pages={75--85},
  year={2020},
  publisher={Elsevier}
}

@article{bu2020deep,
  title={Deep learning with gaussian differential privacy},
  author={Bu, Zhiqi and others},
  journal={Harvard data science review},
  volume={2020},
  number={23},
  year={2020},
  publisher={NIH Public Access}
}

@article{gai2019differential,
  title={Differential privacy-based blockchain for industrial internet-of-things},
  author={Gai, Keke and others},
  journal={IEEE Transactions on Industrial Informatics},
  volume={16},
  number={6},
  pages={4156--4165},
  year={2019},
  publisher={IEEE}
}

@article{drechsler2021differential,
  title={Differential Privacy for Government Agencies--Are We There Yet?},
  author={Drechsler, Joerg},
  journal={arXiv preprint arXiv:2102.08847},
  year={2021}
}

@misc{Mem_inf,
title = {Machine learning: What are membership inference attacks?},
year={6/7/2022 accessed},
howpublished = {\url{https://bdtechtalks.com/2021/04/23/}}
}

@misc{TF-Privacy,
title = {TensorFlow Privacy package},
year={7/12/2022 accessed},
howpublished = {\url{https://github.com/tensorflow/privacy}}
}

@inproceedings{abadi2016deep,
  title={Deep learning with differential privacy},
  author={Abadi, Martin and Chu, Andy and Goodfellow, Ian and McMahan, H Brendan and Mironov, Ilya and Talwar, Kunal and Zhang, Li},
  booktitle={Proceedings of the 2016 ACM SIGSAC conference on computer and communications security},
  pages={308--318},
  year={2016}
}

@inproceedings{zhang2021adaptive,
  title={Adaptive privacy-preserving deep learning algorithms for medical data},
  author={Zhang, Xinyue and Ding, Jiahao and Wu, Maoqiang and Wong, Stephen TC and Van Nguyen, Hien and Pan, Miao},
  booktitle={Proceedings of the IEEE/CVF Winter Conference on Applications of Computer Vision},
  pages={1169--1178},
  year={2021}
}

@misc{mlsas1,
title = {Machine Learning on AWS},
year={6/7/2022 accessed},
howpublished = {\url{https://aws.amazon.com/machine-learning/}}
}

@misc{mlsas2,
title = {Machine Learning on Google cloud},
year={6/7/2022 accessed},
howpublished = {\url{https://cloud.google.com/automl}}
}

@article{9311938,
  author={Gong, Xueluan and Wang, Qian and Chen, Yanjiao and Yang, Wang and Jiang, Xinchang},
  journal={IEEE Communications Magazine}, 
  title={Model Extraction Attacks and Defenses on Cloud-Based Machine Learning Models}, 
  year={2020},
  volume={58},
  number={12},
  pages={83-89},
  doi={10.1109/MCOM.001.2000196}}
  
@misc{Model_extraction,
title = {In Model Extraction, Don’t Just Ask ‘How?’: Ask ‘Why?’},
year={6/7/2022 accessed},
howpublished = {\url{http://www.cleverhans.io/2020/05/21/model-extraction.html}}
}

@inproceedings{jagielski2020high,
  title={High accuracy and high fidelity extraction of neural networks},
  author={Jagielski, Matthew and Carlini, Nicholas and Berthelot, David and Kurakin, Alex and Papernot, Nicolas},
  booktitle={29th USENIX Security Symposium (USENIX Security 20)},
  pages={1345--1362},
  year={2020}
}

@misc{L2,
title = {Linkage Attack:},
year={6/7/2022 accessed},
howpublished = {\url{https://www.privitar.com/glossary/linkage-attack/}}
}

@misc{Netflix,
title = {Netflix Prize: FAQ.},
year={6/7/2022 accessed},
howpublished = {\url{http://www.netflixprize.com/faq,}}
}

@inproceedings{narayanan2008robust,
  title={Robust de-anonymization of large sparse datasets},
  author={Narayanan, Arvind and Shmatikov, Vitaly},
  booktitle={2008 IEEE Symposium on Security and Privacy (sp 2008)},
  pages={111--125},
  year={2008},
  organization={IEEE}
}

@article{dwork2014algorithmic,
  title={The algorithmic foundations of differential privacy.},
  author={Dwork, Cynthia and Roth, Aaron and others},
  journal={Found. Trends Theor. Comput. Sci.},
  volume={9},
  number={3-4},
  pages={211--407},
  year={2014}
}

@inproceedings{dwork2006calibrating,
  title={Calibrating noise to sensitivity in private data analysis},
  author={Dwork, Cynthia and McSherry, Frank and Nissim, Kobbi and Smith, Adam},
  booktitle={Theory of cryptography conference},
  pages={265--284},
  year={2006},
  organization={Springer}}
  

@misc{DP2,
title = {What is Differential Privacy?},
year={6/7/2022 accessed},
howpublished = {\url{https://proprivacy.com/guides/what-is-differential-privacy}}
}

@misc{DP3,
title = {Differential Privacy Definition},
year={6/8/2022 accessed},
howpublished = {\url{https://medium.com/@shaistha24/differential-privacy-definition-bbd638106242}}
}

@misc{DP4,
title = {Differential Privacy — Noise adding Mechanisms},
year={6/8/2022 accessed},
howpublished = {\url{https://becominghuman.ai/differential-privacy-noise-adding-mechanisms}}
}

@article{jain2018differential,
  title={Differential privacy: its technological prescriptive using big data},
  author={Jain, Priyank and Gyanchandani, Manasi and Khare, Nilay},
  journal={Journal of Big Data},
  volume={5},
  number={1},
  pages={1--24},
  year={2018},
  publisher={Springer}
}

@ARTICLE{8375673,
  author={Liu, Fang},
  journal={IEEE Transactions on Knowledge and Data Engineering}, 
  title={Generalized Gaussian Mechanism for Differential Privacy}, 
  year={2019},
  volume={31},
  number={4},
  pages={747-756},
  doi={10.1109/TKDE.2018.2845388}}

@misc{DP5,
title = {Properties of Differential Privacy¶},
year={6/7/2022 accessed},
howpublished = {\url{https://programming-dp.com/notebooks/ch4.html}}
}

@misc{effnet,
title = {EfficientNet: Rethinking Model Scaling for Convolutional Neural Networks},
year={6/9/2022 accessed},
howpublished = {\url{https://amaarora.github.io/2020/08/13/efficientnet.html}}
}

@inproceedings{fredrikson2014privacy,
  title={Privacy in Pharmacogenetics: An $\{$End-to-End$\}$ Case Study of Personalized Warfarin Dosing},
  author={Fredrikson, Matthew and Lantz, Eric and Jha, Somesh and Lin, Simon and Page, David and Ristenpart, Thomas},
  booktitle={23rd USENIX Security Symposium (USENIX Security 14)},
  pages={17--32},
  year={2014}
}

@inproceedings{tan2019mnasnet,
  title={Mnasnet: Platform-aware neural architecture search for mobile},
  author={Tan, Mingxing and Chen, Bo and Pang, Ruoming and Vasudevan, Vijay and Sandler, Mark and Howard, Andrew and Le, Quoc V},
  booktitle={Proceedings of the IEEE/CVF Conference on Computer Vision and Pattern Recognition},
  pages={2820--2828},
  year={2019}
}

@article{zhao2022identification,
  title={Identification of gastric cancer with convolutional neural networks: a systematic review},
  author={Zhao, Yuxue and Hu, Bo and Wang, Ying and Yin, Xiaomeng and Jiang, Yuanyuan and Zhu, Xiuli},
  journal={Multimedia Tools and Applications},
  pages={1--20},
  year={2022},
  publisher={Springer}
}

@article{iizuka2020deep,
  title={Deep learning models for histopathological classification of gastric and colonic epithelial tumours},
  author={Iizuka, Osamu and Kanavati, Fahdi and Kato, Kei and Rambeau, Michael and Arihiro, Koji and Tsuneki, Masayuki},
  journal={Scientific reports},
  volume={10},
  number={1},
  pages={1--11},
  year={2020},
  publisher={Nature Publishing Group}
}

@article{li2019early,
  title={Early diagnosis of gastric cancer based on deep learning combined with the spectral-spatial classification method},
  author={Li, Yuanpeng and Deng, Liangyu and Yang, Xinhao and Liu, Zhao and Zhao, Xiaoping and Huang, Furong and Zhu, Siqi and Chen, Xingdan and Chen, Zhenqiang and Zhang, Weimin},
  journal={Biomedical optics express},
  volume={10},
  number={10},
  pages={4999--5014},
  year={2019},
  publisher={Optical Society of America}
}

@article{lin2020differential,
  title={Differential privacy protection over deep learning: An investigation of its impacted factors},
  author={Lin, Ying and Bao, Ling-Yan and Li, Ze-Minghui and Si, Shu-Zheng and Chu, Chao-Hsien},
  journal={Computers \& Security},
  volume={99},
  pages={102061},
  year={2020},
  publisher={Elsevier}
}


@article{langeprivacy,
  title={Privacy-Preserving Detection of COVID-19 in X-Ray Images},
  author={Lange, Lucas}
}

@article{papernot2018scalable,
  title={Scalable private learning with pate},
  author={Papernot, Nicolas and Song, Shuang and Mironov, Ilya and Raghunathan, Ananth and Talwar, Kunal and Erlingsson, {\'U}lfar},
  journal={arXiv preprint arXiv:1802.08908},
  year={2018}
}

@article{ho2022fedsgdcovid,
  title={FedSGDCOVID: Federated SGD COVID-19 Detection under Local Differential Privacy Using Chest X-ray Images and Symptom Information},
  author={Ho, Trang-Thi and Tran, Khoa-Dang and Huang, Yennun},
  journal={Sensors},
  volume={22},
  number={10},
  pages={3728},
  year={2022},
  publisher={Multidisciplinary Digital Publishing Institute}
}

@article{puliga2021microsatellite,
  title={Microsatellite instability in Gastric Cancer: Between lights and shadows},
  author={Puliga, Elisabetta and Corso, Simona and Pietrantonio, Filippo and Giordano, Silvia},
  journal={Cancer Treatment Reviews},
  volume={95},
  pages={102175},
  year={2021},
  publisher={Elsevier}
}

@inproceedings{hu2018squeeze,
  title={Squeeze-and-excitation networks},
  author={Hu, Jie and Shen, Li and Sun, Gang},
  booktitle={Proceedings of the IEEE conference on computer vision and pattern recognition},
  pages={7132--7141},
  year={2018}
}

@article{howard2017mobilenets,
  title={Mobilenets: Efficient convolutional neural networks for mobile vision applications},
  author={Howard, Andrew G and Zhu, Menglong and Chen, Bo and Kalenichenko, Dmitry and Wang, Weijun and Weyand, Tobias and Andreetto, Marco and Adam, Hartwig},
  journal={arXiv preprint arXiv:1704.04861},
  year={2017}
}

@article{lecun2015lenet,
  title={LeNet-5, convolutional neural networks},
  author={LeCun, Yann and others},
  journal={URL: http://yann. lecun. com/exdb/lenet},
  volume={20},
  number={5},
  pages={14},
  year={2015}
}

@inproceedings{sandler2018mobilenetv2,
  title={Mobilenetv2: Inverted residuals and linear bottlenecks},
  author={Sandler, Mark and Howard, Andrew and Zhu, Menglong and Zhmoginov, Andrey and Chen, Liang-Chieh},
  booktitle={Proceedings of the IEEE conference on computer vision and pattern recognition},
  pages={4510--4520},
  year={2018}
}

@misc{DLE,
title = {Why Deep Learning is so effective? Why it is Important?},
year={6/9/2022 accessed},
howpublished = {\url{https://www.pantechelearning.com/deep-learning-importance/}}
}

@article{kather2019deep,
  title={Deep learning can predict microsatellite instability directly from histology in gastrointestinal cancer},
  author={Kather, Jakob Nikolas and Pearson, Alexander T and Halama, Niels and J{\"a}ger, Dirk and Krause, Jeremias and Loosen, Sven H and Marx, Alexander and Boor, Peter and Tacke, Frank and Neumann, Ulf Peter and others},
  journal={Nature medicine},
  volume={25},
  number={7},
  pages={1054--1056},
  year={2019},
  publisher={Nature Publishing Group}
}

@misc{PyT,
title = {PyTorch},
year={6/11/2022 accessed},
howpublished = {\url{https://pytorch.org/}}
}

@misc{Opacus,
title = {Opacus},
year={6/12/2022 accessed},
howpublished = {\url{https://opacus.ai/}}
}

@article{adnan2022federated,
  title={Federated learning and differential privacy for medical image analysis},
  author={Adnan, Mohammed and Kalra, Shivam and Cresswell, Jesse C and Taylor, Graham W and Tizhoosh, Hamid R},
  journal={Scientific reports},
  volume={12},
  number={1},
  pages={1--10},
  year={2022},
  publisher={Nature Publishing Group}
}

@book{cramer2015secure,
  title={Secure multiparty computation},
  author={Cramer, Ronald and Damg{\aa}rd, Ivan Bjerre and others},
  year={2015},
  publisher={Cambridge University Press}
}

@inproceedings{shokri2017membership,
  title={Membership inference attacks against machine learning models},
  author={Shokri, Reza and Stronati, Marco and Song, Congzheng and Shmatikov, Vitaly},
  booktitle={2017 IEEE symposium on security and privacy (SP)},
  pages={3--18},
  year={2017},
  organization={IEEE}
}

@article{simonyan2014very,
  title={Very deep convolutional networks for large-scale image recognition},
  author={Simonyan, Karen and Zisserman, Andrew},
  journal={arXiv preprint arXiv:1409.1556},
  year={2014}
}

@article{krizhevsky2012imagenet,
  title={Imagenet classification with deep convolutional neural networks},
  author={Krizhevsky, Alex and Sutskever, Ilya and Hinton, Geoffrey E},
  journal={Advances in neural information processing systems},
  volume={25},
  year={2012}
}

@article{mohammed2013privacy,
  title={Privacy-preserving heterogeneous health data sharing},
  author={Mohammed, Noman and Jiang, Xiaoqian and Chen, Rui and Fung, Benjamin CM and Ohno-Machado, Lucila},
  journal={Journal of the American Medical Informatics Association},
  volume={20},
  number={3},
  pages={462--469},
  year={2013},
  publisher={BMJ Publishing Group BMA House, Tavistock Square, London, WC1H 9JR}
}

@article{ficek2021differential,
  title={Differential privacy in health research: A scoping review},
  author={Ficek, Joseph and Wang, Wei and Chen, Henian and Dagne, Getachew and Daley, Ellen},
  journal={Journal of the American Medical Informatics Association},
  volume={28},
  number={10},
  pages={2269--2276},
  year={2021},
  publisher={Oxford University Press}
}

@article{adnan2022federated,
  title={Federated learning and differential privacy for medical image analysis},
  author={Adnan, Mohammed and Kalra, Shivam and Cresswell, Jesse C and Taylor, Graham W and Tizhoosh, Hamid R},
  journal={Scientific reports},
  volume={12},
  number={1},
  pages={1--10},
  year={2022},
  publisher={Nature Publishing Group}
}

@article{maida2022diabetic,
  title={Diabetic Retinopathy Detection using Transfer Learning from Pre-trained Convolutional Neural Network Models},
  author={Maida, Anthony S and Hei, Xiali and others},
  year={2022},
  publisher={TechRxiv}
}

@article{tida2022unified,
  title={Unified fake news detection using transfer learning of bidirectional encoder representation from transformers model},
  author={Tida, Vijay Srinivas and Hsu, Dr and Hei, Dr and others},
  journal={arXiv preprint arXiv:2202.01907},
  year={2022}
}

@article{tida2022universal,
  title={Universal Spam Detection using Transfer Learning of BERT Model},
  author={Tida, Vijay Srinivas and Hsu, Sonya},
  journal={arXiv preprint arXiv:2202.03480},
  year={2022}
}

@article{du2021dynamic,
  title={Dynamic differential-privacy preserving sgd},
  author={Du, Jian and Li, Song and Chen, Xiangyi and Chen, Siheng and Hong, Mingyi},
  journal={arXiv preprint arXiv:2111.00173},
  year={2021}
}

@article{tida2022kernel,
  title={Kernel-Segregated Transpose Convolution Operation},
  author={Tida, Vijay Srinivas and Chilukoti, Sai Venkatesh and Hei, Xiali and Hsu, Sonya},
  journal={arXiv preprint arXiv:2209.03704},
  year={2022}
}

@article{bu2021fast,
  title={Fast and memory efficient differentially private-sgd via jl projections},
  author={Bu, Zhiqi and Gopi, Sivakanth and Kulkarni, Janardhan and Lee, Yin Tat and Shen, Hanwen and Tantipongpipat, Uthaipon},
  journal={Advances in Neural Information Processing Systems},
  volume={34},
  pages={19680--19691},
  year={2021}
}

@inproceedings{mironov2017renyi,
  title={R{\'e}nyi differential privacy},
  author={Mironov, Ilya},
  booktitle={2017 IEEE 30th computer security foundations symposium (CSF)},
  pages={263--275},
  year={2017},
  organization={IEEE}
}

@incollection{joyce2011kullback,
  title={Kullback-leibler divergence},
  author={Joyce, James M},
  booktitle={International encyclopedia of statistical science},
  pages={720--722},
  year={2011},
  publisher={Springer}
}

@inproceedings{chollet2017xception,
  title={Xception: Deep learning with depthwise separable convolutions},
  author={Chollet, Fran{\c{c}}ois},
  booktitle={Proceedings of the IEEE conference on computer vision and pattern recognition},
  pages={1251--1258},
  year={2017}
}

@inproceedings{renyi1961measures,
  title={On measures of entropy and information},
  author={R{\'e}nyi, Alfr{\'e}d},
  booktitle={Proceedings of the Fourth Berkeley Symposium on Mathematical Statistics and Probability, Volume 1: Contributions to the Theory of Statistics},
  volume={4},
  pages={547--562},
  year={1961},
  organization={University of California Press}
}