@inproceedings{NEURIPS2018_5cf68969,
 author = {Rangapuram, Syama Sundar and Seeger, Matthias W and Gasthaus, Jan and Stella, Lorenzo and Wang, Yuyang and Januschowski, Tim},
 booktitle = {Advances in Neural Information Processing Systems},
 editor = {S. Bengio and H. Wallach and H. Larochelle and K. Grauman and N. Cesa-Bianchi and R. Garnett},
 pages = {},
 publisher = {Curran Associates, Inc.},
 title = {Deep State Space Models for Time Series Forecasting},
 url = {https://proceedings.neurips.cc/paper_files/paper/2018/file/5cf68969fb67aa6082363a6d4e6468e2-Paper.pdf},
 volume = {31},
 year = {2018}
}

@article{behrouz2024titans,
  title={Titans: Learning to Memorize at Test Time},
  author={Behrouz, Ali and Zhong, Peilin and Mirrokni, Vahab},
  journal={arXiv preprint arXiv:2501.00663},
  year={2024}
}

@article{beltagy2020longformer,
  title={Longformer: The long-document transformer},
  author={Beltagy, Iz and Peters, Matthew E and Cohan, Arman},
  journal={arXiv preprint arXiv:2004.05150},
  year={2020}
}

@article{bertsch2024context,
  title={In-context learning with long-context models: An in-depth exploration},
  author={Bertsch, Amanda and Ivgi, Maor and Alon, Uri and Berant, Jonathan and Gormley, Matthew R and Neubig, Graham},
  journal={arXiv preprint arXiv:2405.00200},
  year={2024}
}

@article{chen2023extending,
  title={Extending context window of large language models via positional interpolation},
  author={Chen, Shouyuan and Wong, Sherman and Chen, Liangjian and Tian, Yuandong},
  journal={arXiv preprint arXiv:2306.15595},
  year={2023}
}

@article{gandelsman2022test,
  title={Test-time training with masked autoencoders},
  author={Gandelsman, Yossi and Sun, Yu and Chen, Xinlei and Efros, Alexei},
  journal={Advances in Neural Information Processing Systems},
  volume={35},
  pages={29374--29385},
  year={2022}
}

@misc{gu2022efficientlymodelinglongsequences,
      title={Efficiently Modeling Long Sequences with Structured State Spaces}, 
      author={Albert Gu and Karan Goel and Christopher RÃ©},
      year={2022},
      eprint={2111.00396},
      archivePrefix={arXiv},
      primaryClass={cs.LG},
      url={https://arxiv.org/abs/2111.00396}, 
}

@article{gu2023mamba,
  title={Mamba: Linear-time sequence modeling with selective state spaces},
  author={Gu, Albert and Dao, Tri},
  journal={arXiv preprint arXiv:2312.00752},
  year={2023}
}

@inproceedings{hong2023mecta,
  title={Mecta: Memory-economic continual test-time model adaptation},
  author={Hong, Junyuan and Lyu, Lingjuan and Zhou, Jiayu and Spranger, Michael},
  booktitle={2023 International Conference on Learning Representations},
  year={2023}
}

@article{jiang2024longrag,
  title={Longrag: Enhancing retrieval-augmented generation with long-context llms},
  author={Jiang, Ziyan and Ma, Xueguang and Chen, Wenhu},
  journal={arXiv preprint arXiv:2406.15319},
  year={2024}
}

@article{jin2024llm,
  title={Llm maybe longlm: Self-extend llm context window without tuning},
  author={Jin, Hongye and Han, Xiaotian and Yang, Jingfeng and Jiang, Zhimeng and Liu, Zirui and Chang, Chia-Yuan and Chen, Huiyuan and Hu, Xia},
  journal={arXiv preprint arXiv:2401.01325},
  year={2024}
}

@article{kazemnejad2024impact,
  title={The impact of positional encoding on length generalization in transformers},
  author={Kazemnejad, Amirhossein and Padhi, Inkit and Natesan Ramamurthy, Karthikeyan and Das, Payel and Reddy, Siva},
  journal={Advances in Neural Information Processing Systems},
  volume={36},
  year={2024}
}

@article{kitaev2020reformer,
  title={Reformer: The efficient transformer},
  author={Kitaev, Nikita and Kaiser, {\L}ukasz and Levskaya, Anselm},
  journal={arXiv preprint arXiv:2001.04451},
  year={2020}
}

@article{lewis2020retrieval,
  title={Retrieval-augmented generation for knowledge-intensive nlp tasks},
  author={Lewis, Patrick and Perez, Ethan and Piktus, Aleksandra and Petroni, Fabio and Karpukhin, Vladimir and Goyal, Naman and K{\"u}ttler, Heinrich and Lewis, Mike and Yih, Wen-tau and Rockt{\"a}schel, Tim and others},
  journal={Advances in Neural Information Processing Systems},
  volume={33},
  pages={9459--9474},
  year={2020}
}

@article{li2023functional,
  title={Functional interpolation for relative positions improves long context transformers},
  author={Li, Shanda and You, Chong and Guruganesh, Guru and Ainslie, Joshua and Ontanon, Santiago and Zaheer, Manzil and Sanghai, Sumit and Yang, Yiming and Kumar, Sanjiv and Bhojanapalli, Srinadh},
  journal={arXiv preprint arXiv:2310.04418},
  year={2023}
}

@article{liu2021ttt++,
  title={Ttt++: When does self-supervised test-time training fail or thrive?},
  author={Liu, Yuejiang and Kothari, Parth and Van Delft, Bastien and Bellot-Gurlet, Baptiste and Mordan, Taylor and Alahi, Alexandre},
  journal={Advances in Neural Information Processing Systems},
  volume={34},
  pages={21808--21820},
  year={2021}
}

@inproceedings{osowiechi2023tttflow,
  title={Tttflow: Unsupervised test-time training with normalizing flow},
  author={Osowiechi, David and Hakim, Gustavo A Vargas and Noori, Mehrdad and Cheraghalikhani, Milad and Ben Ayed, Ismail and Desrosiers, Christian},
  booktitle={Proceedings of the IEEE/CVF Winter Conference on Applications of Computer Vision},
  pages={2126--2134},
  year={2023}
}

@article{peng2023yarn,
  title={Yarn: Efficient context window extension of large language models},
  author={Peng, Bowen and Quesnelle, Jeffrey and Fan, Honglu and Shippole, Enrico},
  journal={arXiv preprint arXiv:2309.00071},
  year={2023}
}

@inproceedings{shen2021efficient,
  title={Efficient attention: Attention with linear complexities},
  author={Shen, Zhuoran and Zhang, Mingyuan and Zhao, Haiyu and Yi, Shuai and Li, Hongsheng},
  booktitle={Proceedings of the IEEE/CVF winter conference on applications of computer vision},
  pages={3531--3539},
  year={2021}
}

@article{su2024roformer,
  title={Roformer: Enhanced transformer with rotary position embedding},
  author={Su, Jianlin and Ahmed, Murtadha and Lu, Yu and Pan, Shengfeng and Bo, Wen and Liu, Yunfeng},
  journal={Neurocomputing},
  volume={568},
  pages={127063},
  year={2024},
  publisher={Elsevier}
}

@inproceedings{sun2020test,
  title={Test-time training with self-supervision for generalization under distribution shifts},
  author={Sun, Yu and Wang, Xiaolong and Liu, Zhuang and Miller, John and Efros, Alexei and Hardt, Moritz},
  booktitle={International conference on machine learning},
  pages={9229--9248},
  year={2020},
  organization={PMLR}
}

@article{sun2024learning,
  title={Learning to (learn at test time): Rnns with expressive hidden states},
  author={Sun, Yu and Li, Xinhao and Dalal, Karan and Xu, Jiarui and Vikram, Arjun and Zhang, Genghan and Dubois, Yann and Chen, Xinlei and Wang, Xiaolong and Koyejo, Sanmi and others},
  journal={arXiv preprint arXiv:2407.04620},
  year={2024}
}

@article{vaswani2017attention,
  title={Attention is all you need},
  author={Vaswani, A},
  journal={Advances in Neural Information Processing Systems},
  year={2017}
}

@article{wang2020linformer,
  title={Linformer: Self-attention with linear complexity},
  author={Wang, Sinong and Li, Belinda Z and Khabsa, Madian and Fang, Han and Ma, Hao},
  journal={arXiv preprint arXiv:2006.04768},
  year={2020}
}

@article{wang2024augmenting,
  title={Augmenting language models with long-term memory},
  author={Wang, Weizhi and Dong, Li and Cheng, Hao and Liu, Xiaodong and Yan, Xifeng and Gao, Jianfeng and Wei, Furu},
  journal={Advances in Neural Information Processing Systems},
  volume={36},
  year={2024}
}

@article{wang2024greater,
  title={With Greater Text Comes Greater Necessity: Inference-Time Training Helps Long Text Generation},
  author={Wang, Y and Ma, D and Cai, D},
  journal={arXiv preprint arXiv:2401.11504},
  year={2024}
}

@article{xu2023retrieval,
  title={Retrieval meets long context large language models},
  author={Xu, Peng and Ping, Wei and Wu, Xianchao and McAfee, Lawrence and Zhu, Chen and Liu, Zihan and Subramanian, Sandeep and Bakhturina, Evelina and Shoeybi, Mohammad and Catanzaro, Bryan},
  journal={arXiv preprint arXiv:2310.03025},
  year={2023}
}

