@incollection{Bengio+chapter2007,
author = {Bengio, Yoshua and LeCun, Yann},
booktitle = {Large Scale Kernel Machines},
publisher = {MIT Press},
title = {Scaling Learning Algorithms Towards {AI}},
year = {2007}
}

@article{gu2023mamba,
  title={Mamba: Linear-time sequence modeling with selective state spaces},
  author={Gu, Albert and Dao, Tri},
  journal={arXiv preprint arXiv:2312.00752},
  year={2023}
}

@article{behrouz2024titans,
  title={Titans: Learning to Memorize at Test Time},
  author={Behrouz, Ali and Zhong, Peilin and Mirrokni, Vahab},
  journal={arXiv preprint arXiv:2501.00663},
  year={2024}
}

@inproceedings{hong2023mecta,
  title={Mecta: Memory-economic continual test-time model adaptation},
  author={Hong, Junyuan and Lyu, Lingjuan and Zhou, Jiayu and Spranger, Michael},
  booktitle={2023 International Conference on Learning Representations},
  year={2023}
}

@article{Hinton06,
author = {Hinton, Geoffrey E. and Osindero, Simon and Teh, Yee Whye},
journal = {Neural Computation},
pages = {1527--1554},
title = {A Fast Learning Algorithm for Deep Belief Nets},
volume = {18},
year = {2006}
}

@book{goodfellow2016deep,
title={Deep learning},
author={Goodfellow, Ian and Bengio, Yoshua and Courville, Aaron and Bengio, Yoshua},
volume={1},
year={2016},
publisher={MIT Press}
}

@article{li2023loogle,
  title={LooGLE: Can Long-Context Language Models Understand Long Contexts?},
  author={Li, Jiaqi and Wang, Mengmeng and Zheng, Zilong and Zhang, Muhan},
  journal={arXiv preprint arXiv:2311.04939},
  year={2023}
}

@article{dong2023bamboo,
  title={BAMBOO: A Comprehensive Benchmark for Evaluating Long Text Modeling Capacities of Large Language Models},
  author={Dong, Zican and Tang, Tianyi and Li, Junyi and Zhao, Wayne Xin and Wen, Ji-Rong},
  journal={arXiv preprint arXiv:2309.13345},
  year={2023}
}

@article{bai2023longbench,
  title={LongBench: A Bilingual, Multitask Benchmark for Long Context Understanding},
  author={Bai, Yushi and Lv, Xin and Zhang, Jiajie and Lyu, Hongchang and Tang, Jiankai and Huang, Zhidian and Du, Zhengxiao and Liu, Xiao and Zeng, Aohan and Hou, Lei and Dong, Yuxiao and Tang, Jie and Li, Juanzi},
  journal={arXiv preprint arXiv:2308.14508},
  year={2023}
}

@inproceedings{banerjee-lavie-2005-meteor,
    title = "{METEOR}: An Automatic Metric for {MT} Evaluation with Improved Correlation with Human Judgments",
    author = "Banerjee, Satanjeev  and
      Lavie, Alon",
    editor = "Goldstein, Jade  and
      Lavie, Alon  and
      Lin, Chin-Yew  and
      Voss, Clare",
    booktitle = "Proceedings of the {ACL} Workshop on Intrinsic and Extrinsic Evaluation Measures for Machine Translation and/or Summarization",
    month = jun,
    year = "2005",
    address = "Ann Arbor, Michigan",
    publisher = "Association for Computational Linguistics",
    url = "https://aclanthology.org/W05-0909",
    pages = "65--72",
}

@misc{zhang2020bertscoreevaluatingtextgeneration,
      title={BERTScore: Evaluating Text Generation with BERT}, 
      author={Tianyi Zhang and Varsha Kishore and Felix Wu and Kilian Q. Weinberger and Yoav Artzi},
      year={2020},
      eprint={1904.09675},
      archivePrefix={arXiv},
      primaryClass={cs.CL},
      url={https://arxiv.org/abs/1904.09675}, 
}

@article{AllenZhu2023PhysicsOL,
  title={Physics of Language Models: Part 3.1, Knowledge Storage and Extraction},
  author={Zeyuan Allen-Zhu and Yuanzhi Li},
  journal={ArXiv},
  year={2023},
  volume={abs/2309.14316},
  url={https://api.semanticscholar.org/CorpusID:262825178}
}

@misc{hu2021loralowrankadaptationlarge,
      title={LoRA: Low-Rank Adaptation of Large Language Models}, 
      author={Edward J. Hu and Yelong Shen and Phillip Wallis and Zeyuan Allen-Zhu and Yuanzhi Li and Shean Wang and Lu Wang and Weizhu Chen},
      year={2021},
      eprint={2106.09685},
      archivePrefix={arXiv},
      primaryClass={cs.CL},
      url={https://arxiv.org/abs/2106.09685}, 
}
@article{sun2024learning,
  title={Learning to (learn at test time): Rnns with expressive hidden states},
  author={Sun, Yu and Li, Xinhao and Dalal, Karan and Xu, Jiarui and Vikram, Arjun and Zhang, Genghan and Dubois, Yann and Chen, Xinlei and Wang, Xiaolong and Koyejo, Sanmi and others},
  journal={arXiv preprint arXiv:2407.04620},
  year={2024}
}
@article{bertsch2024context,
  title={In-context learning with long-context models: An in-depth exploration},
  author={Bertsch, Amanda and Ivgi, Maor and Alon, Uri and Berant, Jonathan and Gormley, Matthew R and Neubig, Graham},
  journal={arXiv preprint arXiv:2405.00200},
  year={2024}
}
@inproceedings{sun2020test,
  title={Test-time training with self-supervision for generalization under distribution shifts},
  author={Sun, Yu and Wang, Xiaolong and Liu, Zhuang and Miller, John and Efros, Alexei and Hardt, Moritz},
  booktitle={International conference on machine learning},
  pages={9229--9248},
  year={2020},
  organization={PMLR}
}
@article{liu2021ttt++,
  title={Ttt++: When does self-supervised test-time training fail or thrive?},
  author={Liu, Yuejiang and Kothari, Parth and Van Delft, Bastien and Bellot-Gurlet, Baptiste and Mordan, Taylor and Alahi, Alexandre},
  journal={Advances in Neural Information Processing Systems},
  volume={34},
  pages={21808--21820},
  year={2021}
}

@article{gandelsman2022test,
  title={Test-time training with masked autoencoders},
  author={Gandelsman, Yossi and Sun, Yu and Chen, Xinlei and Efros, Alexei},
  journal={Advances in Neural Information Processing Systems},
  volume={35},
  pages={29374--29385},
  year={2022}
}
@inproceedings{osowiechi2023tttflow,
  title={Tttflow: Unsupervised test-time training with normalizing flow},
  author={Osowiechi, David and Hakim, Gustavo A Vargas and Noori, Mehrdad and Cheraghalikhani, Milad and Ben Ayed, Ismail and Desrosiers, Christian},
  booktitle={Proceedings of the IEEE/CVF Winter Conference on Applications of Computer Vision},
  pages={2126--2134},
  year={2023}
}
@article{wang2024greater,
  title={With Greater Text Comes Greater Necessity: Inference-Time Training Helps Long Text Generation},
  author={Wang, Y and Ma, D and Cai, D},
  journal={arXiv preprint arXiv:2401.11504},
  year={2024}
}
@article{kitaev2020reformer,
  title={Reformer: The efficient transformer},
  author={Kitaev, Nikita and Kaiser, {\L}ukasz and Levskaya, Anselm},
  journal={arXiv preprint arXiv:2001.04451},
  year={2020}
}
@article{wang2020linformer,
  title={Linformer: Self-attention with linear complexity},
  author={Wang, Sinong and Li, Belinda Z and Khabsa, Madian and Fang, Han and Ma, Hao},
  journal={arXiv preprint arXiv:2006.04768},
  year={2020}
}
@article{beltagy2020longformer,
  title={Longformer: The long-document transformer},
  author={Beltagy, Iz and Peters, Matthew E and Cohan, Arman},
  journal={arXiv preprint arXiv:2004.05150},
  year={2020}
}
@article{lu2024controlled,
  title={A Controlled Study on Long Context Extension and Generalization in LLMs},
  author={Lu, Yi and Yan, Jing Nathan and Yang, Songlin and Chiu, Justin T and Ren, Siyu and Yuan, Fei and Zhao, Wenting and Wu, Zhiyong and Rush, Alexander M},
  journal={arXiv preprint arXiv:2409.12181},
  year={2024}
}
@article{wang2024beyond,
  title={Beyond the limits: A survey of techniques to extend the context length in large language models},
  author={Wang, Xindi and Salmani, Mahsa and Omidi, Parsa and Ren, Xiangyu and Rezagholizadeh, Mehdi and Eshaghi, Armaghan},
  journal={arXiv preprint arXiv:2402.02244},
  year={2024}
}
@article{huang2023advancing,
  title={Advancing transformer architecture in long-context large language models: A comprehensive survey},
  author={Huang, Yunpeng and Xu, Jingwei and Jiang, Zixu and Lai, Junyu and Li, Zenan and Yao, Yuan and Chen, Taolue and Yang, Lijuan and Xin, Zhou and Ma, Xiaoxing},
  journal={arXiv preprint arXiv:2311.12351},
  year={2023}
}
@article{xiong2023effective,
  title={Effective long-context scaling of foundation models},
  author={Xiong, Wenhan and Liu, Jingyu and Molybog, Igor and Zhang, Hejia and Bhargava, Prajjwal and Hou, Rui and Martin, Louis and Rungta, Rashi and Sankararaman, Karthik Abinav and Oguz, Barlas and others},
  journal={arXiv preprint arXiv:2309.16039},
  year={2023}
}
@inproceedings{shen2021efficient,
  title={Efficient attention: Attention with linear complexities},
  author={Shen, Zhuoran and Zhang, Mingyuan and Zhao, Haiyu and Yi, Shuai and Li, Hongsheng},
  booktitle={Proceedings of the IEEE/CVF winter conference on applications of computer vision},
  pages={3531--3539},
  year={2021}
}
@article{lewis2020retrieval,
  title={Retrieval-augmented generation for knowledge-intensive nlp tasks},
  author={Lewis, Patrick and Perez, Ethan and Piktus, Aleksandra and Petroni, Fabio and Karpukhin, Vladimir and Goyal, Naman and K{\"u}ttler, Heinrich and Lewis, Mike and Yih, Wen-tau and Rockt{\"a}schel, Tim and others},
  journal={Advances in Neural Information Processing Systems},
  volume={33},
  pages={9459--9474},
  year={2020}
}

@article{xu2023retrieval,
  title={Retrieval meets long context large language models},
  author={Xu, Peng and Ping, Wei and Wu, Xianchao and McAfee, Lawrence and Zhu, Chen and Liu, Zihan and Subramanian, Sandeep and Bakhturina, Evelina and Shoeybi, Mohammad and Catanzaro, Bryan},
  journal={arXiv preprint arXiv:2310.03025},
  year={2023}
}
@article{jiang2024longrag,
  title={Longrag: Enhancing retrieval-augmented generation with long-context llms},
  author={Jiang, Ziyan and Ma, Xueguang and Chen, Wenhu},
  journal={arXiv preprint arXiv:2406.15319},
  year={2024}
}
@article{wang2024augmenting,
  title={Augmenting language models with long-term memory},
  author={Wang, Weizhi and Dong, Li and Cheng, Hao and Liu, Xiaodong and Yan, Xifeng and Gao, Jianfeng and Wei, Furu},
  journal={Advances in Neural Information Processing Systems},
  volume={36},
  year={2024}
}
@article{jin2024llm,
  title={Llm maybe longlm: Self-extend llm context window without tuning},
  author={Jin, Hongye and Han, Xiaotian and Yang, Jingfeng and Jiang, Zhimeng and Liu, Zirui and Chang, Chia-Yuan and Chen, Huiyuan and Hu, Xia},
  journal={arXiv preprint arXiv:2401.01325},
  year={2024}
}
@misc{gu2022efficientlymodelinglongsequences,
      title={Efficiently Modeling Long Sequences with Structured State Spaces}, 
      author={Albert Gu and Karan Goel and Christopher Ré},
      year={2022},
      eprint={2111.00396},
      archivePrefix={arXiv},
      primaryClass={cs.LG},
      url={https://arxiv.org/abs/2111.00396}, 
}
@inproceedings{NEURIPS2018_5cf68969,
 author = {Rangapuram, Syama Sundar and Seeger, Matthias W and Gasthaus, Jan and Stella, Lorenzo and Wang, Yuyang and Januschowski, Tim},
 booktitle = {Advances in Neural Information Processing Systems},
 editor = {S. Bengio and H. Wallach and H. Larochelle and K. Grauman and N. Cesa-Bianchi and R. Garnett},
 pages = {},
 publisher = {Curran Associates, Inc.},
 title = {Deep State Space Models for Time Series Forecasting},
 url = {https://proceedings.neurips.cc/paper_files/paper/2018/file/5cf68969fb67aa6082363a6d4e6468e2-Paper.pdf},
 volume = {31},
 year = {2018}
}

@article{chen2023extending,
  title={Extending context window of large language models via positional interpolation},
  author={Chen, Shouyuan and Wong, Sherman and Chen, Liangjian and Tian, Yuandong},
  journal={arXiv preprint arXiv:2306.15595},
  year={2023}
}
@article{li2023functional,
  title={Functional interpolation for relative positions improves long context transformers},
  author={Li, Shanda and You, Chong and Guruganesh, Guru and Ainslie, Joshua and Ontanon, Santiago and Zaheer, Manzil and Sanghai, Sumit and Yang, Yiming and Kumar, Sanjiv and Bhojanapalli, Srinadh},
  journal={arXiv preprint arXiv:2310.04418},
  year={2023}
}
@article{su2024roformer,
  title={Roformer: Enhanced transformer with rotary position embedding},
  author={Su, Jianlin and Ahmed, Murtadha and Lu, Yu and Pan, Shengfeng and Bo, Wen and Liu, Yunfeng},
  journal={Neurocomputing},
  volume={568},
  pages={127063},
  year={2024},
  publisher={Elsevier}
}
@article{peng2023yarn,
  title={Yarn: Efficient context window extension of large language models},
  author={Peng, Bowen and Quesnelle, Jeffrey and Fan, Honglu and Shippole, Enrico},
  journal={arXiv preprint arXiv:2309.00071},
  year={2023}
}
@article{kazemnejad2024impact,
  title={The impact of positional encoding on length generalization in transformers},
  author={Kazemnejad, Amirhossein and Padhi, Inkit and Natesan Ramamurthy, Karthikeyan and Das, Payel and Reddy, Siva},
  journal={Advances in Neural Information Processing Systems},
  volume={36},
  year={2024}
}
@misc{zaheer2021bigbirdtransformerslonger,
  title={Big Bird: Transformers for Longer Sequences}, 
  author={Manzil Zaheer and Guru Guruganesh and Avinava Dubey and Joshua Ainslie and Chris Alberti and Santiago Ontanon and Philip Pham and Anirudh Ravula and Qifan Wang and Li Yang and Amr Ahmed},
  year={2021},
  eprint={2007.14062},
  archivePrefix={arXiv},
  primaryClass={cs.LG},
  url={https://arxiv.org/abs/2007.14062}, 
}
@article{llama3modelcard,
  title={The llama 3 herd of models},
  author={Dubey, Abhimanyu and Jauhri, Abhinav and Pandey, Abhinav and Kadian, Abhishek and Al-Dahle, Ahmad and Letman, Aiesha and Mathur, Akhil and Schelten, Alan and Yang, Amy and Fan, Angela and others},
  journal={arXiv preprint arXiv:2407.21783},
  year={2024}
}
@misc{niah,
  author={Gregory Kamradt},
  title={LLMTest\_NeedleInAHaystack},
  year={2023},
  url={https://github.com/gkamradt/LLMTest_NeedleInAHaystack/blob/main/README.md}
}
@article{chen2023robust,
  title={How robust is gpt-3.5 to predecessors? a comprehensive study on language understanding tasks},
  author={Chen, Xuanting and Ye, Junjie and Zu, Can and Xu, Nuo and Zheng, Rui and Peng, Minlong and Zhou, Jie and Gui, Tao and Zhang, Qi and Huang, Xuanjing},
  journal={arXiv preprint arXiv:2303.00293},
  year={2023}
}
@article{vaswani2017attention,
  title={Attention is all you need},
  author={Vaswani, A},
  journal={Advances in Neural Information Processing Systems},
  year={2017}
}
@article{achiam2023gpt,
  title={Gpt-4 technical report},
  author={Achiam, Josh and Adler, Steven and Agarwal, Sandhini and Ahmad, Lama and Akkaya, Ilge and Aleman, Florencia Leoni and Almeida, Diogo and Altenschmidt, Janko and Altman, Sam and Anadkat, Shyamal and others},
  journal={arXiv preprint arXiv:2303.08774},
  year={2023}
}
@article{kovcisky2018narrativeqa,
  title={The narrativeqa reading comprehension challenge},
  author={Ko{\v{c}}isk{\`y}, Tom{\'a}{\v{s}} and Schwarz, Jonathan and Blunsom, Phil and Dyer, Chris and Hermann, Karl Moritz and Melis, G{\'a}bor and Grefenstette, Edward},
  journal={Transactions of the Association for Computational Linguistics},
  volume={6},
  pages={317--328},
  year={2018},
  publisher={MIT Press One Rogers Street, Cambridge, MA 02142-1209, USA journals-info~…}
}
@article{wu2024longmemeval,
  title={LongMemEval: Benchmarking Chat Assistants on Long-Term Interactive Memory},
  author={Wu, Di and Wang, Hongwei and Yu, Wenhao and Zhang, Yuwei and Chang, Kai-Wei and Yu, Dong},
  journal={arXiv preprint arXiv:2410.10813},
  year={2024}
}
@inproceedings{tapaswi2016movieqa,
  title={Movieqa: Understanding stories in movies through question-answering},
  author={Tapaswi, Makarand and Zhu, Yukun and Stiefelhagen, Rainer and Torralba, Antonio and Urtasun, Raquel and Fidler, Sanja},
  booktitle={Proceedings of the IEEE conference on computer vision and pattern recognition},
  pages={4631--4640},
  year={2016}
}
@article{yang2024air,
  title={AIR-Bench: Benchmarking Large Audio-Language Models via Generative Comprehension},
  author={Yang, Qian and Xu, Jin and Liu, Wenrui and Chu, Yunfei and Jiang, Ziyue and Zhou, Xiaohuan and Leng, Yichong and Lv, Yuanjun and Zhao, Zhou and Zhou, Chang and others},
  journal={arXiv preprint arXiv:2402.07729},
  year={2024}
}
@article{jiang2023longllmlingua,
  title={Longllmlingua: Accelerating and enhancing llms in long context scenarios via prompt compression},
  author={Jiang, Huiqiang and Wu, Qianhui and Luo, Xufang and Li, Dongsheng and Lin, Chin-Yew and Yang, Yuqing and Qiu, Lili},
  journal={arXiv preprint arXiv:2310.06839},
  year={2023}
}
@article{el2021automatic,
  title={Automatic text summarization: A comprehensive survey},
  author={El-Kassas, Wafaa S and Salama, Cherif R and Rafea, Ahmed A and Mohamed, Hoda K},
  journal={Expert systems with applications},
  volume={165},
  pages={113679},
  year={2021},
  publisher={Elsevier}
}
@article{chen2023longlora,
  title={Longlora: Efficient fine-tuning of long-context large language models},
  author={Chen, Yukang and Qian, Shengju and Tang, Haotian and Lai, Xin and Liu, Zhijian and Han, Song and Jia, Jiaya},
  journal={arXiv preprint arXiv:2309.12307},
  year={2023}
}
@misc{jiang2023mistral7b,
      title={Mistral 7B}, 
      author={Albert Q. Jiang and Alexandre Sablayrolles and Arthur Mensch and Chris Bamford and Devendra Singh Chaplot and Diego de las Casas and Florian Bressand and Gianna Lengyel and Guillaume Lample and Lucile Saulnier and Lélio Renard Lavaud and Marie-Anne Lachaux and Pierre Stock and Teven Le Scao and Thibaut Lavril and Thomas Wang and Timothée Lacroix and William El Sayed},
      year={2023},
      eprint={2310.06825},
      archivePrefix={arXiv},
      primaryClass={cs.CL},
      url={https://arxiv.org/abs/2310.06825}, 
}
@article{gemma_2024,
    title={Gemma},
    url={https://www.kaggle.com/m/3301},
    DOI={10.34740/KAGGLE/M/3301},
    publisher={Kaggle},
    author={Gemma Team},
    year={2024}
}

@misc{suri2023large,
      title={Do Large Language Models Show Decision Heuristics Similar to Humans? A Case Study Using GPT-3.5}, 
      author={Gaurav Suri and Lily R. Slater and Ali Ziaee and Morgan Nguyen},
      year={2023},
      eprint={2305.04400},
      archivePrefix={arXiv},
      primaryClass={cs.AI}
}
@misc{liu2023calibrating,
      title={Calibrating LLM-Based Evaluator}, 
      author={Yuxuan Liu and Tianchi Yang and Shaohan Huang and Zihan Zhang and Haizhen Huang and Furu Wei and Weiwei Deng and Feng Sun and Qi Zhang},
      year={2023},
      eprint={2309.13308},
      archivePrefix={arXiv},
      primaryClass={cs.CL}
}

@misc{touvron2023llama,
      title={LLaMA: Open and Efficient Foundation Language Models}, 
      author={Hugo Touvron and Thibaut Lavril and Gautier Izacard and Xavier Martinet and Marie-Anne Lachaux and Timothée Lacroix and Baptiste Rozière and Naman Goyal and Eric Hambro and Faisal Azhar and Aurelien Rodriguez and Armand Joulin and Edouard Grave and Guillaume Lample},
      year={2023},
      eprint={2302.13971},
      archivePrefix={arXiv},
      primaryClass={cs.CL}
}
@misc{zheng2023judging,
      title={Judging LLM-as-a-Judge with MT-Bench and Chatbot Arena}, 
      author={Lianmin Zheng and Wei-Lin Chiang and Ying Sheng and Siyuan Zhuang and Zhanghao Wu and Yonghao Zhuang and Zi Lin and Zhuohan Li and Dacheng Li and Eric. P Xing and Hao Zhang and Joseph E. Gonzalez and Ion Stoica},
      year={2023},
      eprint={2306.05685},
      archivePrefix={arXiv},
      primaryClass={cs.CL}
}

@misc{wang2024lengthgeneralizationcausaltransformers,
      title={Length Generalization of Causal Transformers without Position Encoding}, 
      author={Jie Wang and Tao Ji and Yuanbin Wu and Hang Yan and Tao Gui and Qi Zhang and Xuanjing Huang and Xiaoling Wang},
      year={2024},
      eprint={2404.12224},
      archivePrefix={arXiv},
      primaryClass={cs.CL},
      url={https://arxiv.org/abs/2404.12224}, 
}
@article{meng2024pissa,
  title={Pissa: Principal singular values and singular vectors adaptation of large language models},
  author={Meng, Fanxu and Wang, Zhaohui and Zhang, Muhan},
  journal={arXiv preprint arXiv:2404.02948},
  year={2024}
}

@article{tworkowski2024focused,
  title={Focused transformer: Contrastive training for context scaling},
  author={Tworkowski, Szymon and Staniszewski, Konrad and Pacek, Miko{\l}aj and Wu, Yuhuai and Michalewski, Henryk and Mi{\l}o{\'s}, Piotr},
  journal={Advances in Neural Information Processing Systems},
  volume={36},
  year={2024}
}

@article{yang2023longqlora,
  title={Longqlora: Efficient and effective method to extend context length of large language models},
  author={Yang, Jianxin},
  journal={arXiv preprint arXiv:2311.04879},
  year={2023}
}
@article{li2024enhancing,
  title={Enhancing continuous auditing with large language models: AI-assisted real-time accounting information cross-verification},
  author={Li, Huaxia and Freitas, Marcelo Machado de and Lee, Heejae and Vasarhelyi, Miklos},
  journal={Available at SSRN 4692960},
  year={2024}
}