@String(PAMI = {IEEE Trans. Pattern Anal. Mach. Intell.})
@String(IJCV = {Int. J. Comput. Vis.})
@String(CVPR= {IEEE Conf. Comput. Vis. Pattern Recog.})
@String(ICCV= {Int. Conf. Comput. Vis.})
@String(ECCV= {Eur. Conf. Comput. Vis.})
@String(NIPS= {Adv. Neural Inform. Process. Syst.})
@String(ICPR = {Int. Conf. Pattern Recog.})
@String(BMVC= {Brit. Mach. Vis. Conf.})
@String(TOG= {ACM Trans. Graph.})
@String(TIP  = {IEEE Trans. Image Process.})
@String(TVCG  = {IEEE Trans. Vis. Comput. Graph.})
@String(TMM  = {IEEE Trans. Multimedia})
@String(ACMMM= {ACM Int. Conf. Multimedia})
@String(ICME = {Int. Conf. Multimedia and Expo})
@String(ICASSP=	{ICASSP})
@String(ICIP = {IEEE Int. Conf. Image Process.})
@String(ACCV  = {ACCV})
@String(ICLR = {Int. Conf. Learn. Represent.})
@String(IJCAI = {IJCAI})
@String(PR   = {Pattern Recognition})
@String(AAAI = {AAAI})
@String(CVPRW= {IEEE Conf. Comput. Vis. Pattern Recog. Worksh.})
@String(CSVT = {IEEE Trans. Circuit Syst. Video Technol.})

@String(SPL	= {IEEE Sign. Process. Letters})
@String(VR   = {Vis. Res.})
@String(JOV	 = {J. Vis.})
@String(TVC  = {The Vis. Comput.})
@String(JCST  = {J. Comput. Sci. Tech.})
@String(CGF  = {Comput. Graph. Forum})
@String(CVM = {Computational Visual Media})


@String(PAMI  = {IEEE TPAMI})
@String(IJCV  = {IJCV})
@String(CVPR  = {CVPR})
@String(ICCV  = {ICCV})
@String(ECCV  = {ECCV})
@String(NIPS  = {NeurIPS})
@String(ICPR  = {ICPR})
@String(BMVC  =	{BMVC})
@String(TOG   = {ACM TOG})
@String(TIP   = {IEEE TIP})
@String(TVCG  = {IEEE TVCG})
@String(TCSVT = {IEEE TCSVT})
@String(TMM   =	{IEEE TMM})
@String(ACMMM = {ACM MM})
@String(ICME  =	{ICME})
@String(ICASSP=	{ICASSP})
@String(ICIP  = {ICIP})
@String(ACCV  = {ACCV})
@String(ICLR  = {ICLR})
@String(IJCAI = {IJCAI})
@String(PR = {PR})
@String(AAAI = {AAAI})
@String(CVPRW= {CVPRW})
@String(CSVT = {IEEE TCSVT})

@article{goodfellow2014GAN,
  title={Generative adversarial nets},
  author={Goodfellow, Ian and Pouget-Abadie, Jean and Mirza, Mehdi and Xu, Bing and Warde-Farley, David and Ozair, Sherjil and Courville, Aaron and Bengio, Yoshua},
  journal={Advances in neural information processing systems},
  volume={27},
  year={2014}
}

@inproceedings{karras2019styleGAN,
  title={A style-based generator architecture for generative adversarial networks},
  author={Karras, Tero and Laine, Samuli and Aila, Timo},
  booktitle={Proceedings of the IEEE/CVF conference on computer vision and pattern recognition},
  pages={4401--4410},
  year={2019}
}

@article{ho2020DDPM,
  title={Denoising diffusion probabilistic models},
  author={Ho, Jonathan and Jain, Ajay and Abbeel, Pieter},
  journal={Advances in neural information processing systems},
  volume={33},
  pages={6840--6851},
  year={2020}
}

@inproceedings{rombach2022StableDiff,
  title={High-resolution image synthesis with latent diffusion models},
  author={Rombach, Robin and Blattmann, Andreas and Lorenz, Dominik and Esser, Patrick and Ommer, Bj{\"o}rn},
  booktitle={Proceedings of the IEEE/CVF conference on computer vision and pattern recognition},
  pages={10684--10695},
  year={2022}
}

@inproceedings{larue2023seeable,
  title={Seeable: Soft discrepancies and bounded contrastive learning for exposing deepfakes},
  author={Larue, Nicolas and Vu, Ngoc-Son and Struc, Vitomir and Peer, Peter and Christophides, Vassilis},
  booktitle={Proceedings of the IEEE/CVF International Conference on Computer Vision},
  pages={21011--21021},
  year={2023}
}

@inproceedings{khalid2020ocfakedect,
  title={Oc-fakedect: Classifying deepfakes using one-class variational autoencoder},
  author={Khalid, Hasam and Woo, Simon S},
  booktitle={Proceedings of the IEEE/CVF conference on computer vision and pattern recognition workshops},
  pages={656--657},
  year={2020}
}

@inproceedings{mejri2023untag,
  title={Untag: Learning generic features for unsupervised type-agnostic deepfake detection},
  author={Mejri, Nesryne and Ghorbel, Enjie and Aouada, Djamila},
  booktitle={ICASSP 2023-2023 IEEE International Conference on Acoustics, Speech and Signal Processing (ICASSP)},
  pages={1--5},
  year={2023},
  organization={IEEE}
}

@inproceedings{rossler2019faceforensics++,
  title={Faceforensics++: Learning to detect manipulated facial images},
  author={Rossler, Andreas and Cozzolino, Davide and Verdoliva, Luisa and Riess, Christian and Thies, Justus and Nie{\ss}ner, Matthias},
  booktitle={Proceedings of the IEEE/CVF international conference on computer vision},
  pages={1--11},
  year={2019}
}

@inproceedings{li2020celeb,
  title={Celeb-df: A large-scale challenging dataset for deepfake forensics},
  author={Li, Yuezun and Yang, Xin and Sun, Pu and Qi, Honggang and Lyu, Siwei},
  booktitle={Proceedings of the IEEE/CVF conference on computer vision and pattern recognition},
  pages={3207--3216},
  year={2020}
}

@inproceedings{jiang2020deeperforensics,
  title={Deeperforensics-1.0: A large-scale dataset for real-world face forgery detection},
  author={Jiang, Liming and Li, Ren and Wu, Wayne and Qian, Chen and Loy, Chen Change},
  booktitle={Proceedings of the IEEE/CVF conference on computer vision and pattern recognition},
  pages={2889--2898},
  year={2020}
}

@inproceedings{he2021forgerynet,
  title={Forgerynet: A versatile benchmark for comprehensive forgery analysis},
  author={He, Yinan and Gan, Bei and Chen, Siyu and Zhou, Yichun and Yin, Guojun and Song, Luchuan and Sheng, Lu and Shao, Jing and Liu, Ziwei},
  booktitle={Proceedings of the IEEE/CVF conference on computer vision and pattern recognition},
  pages={4360--4369},
  year={2021}
}

@inproceedings{li2020FaceShifter,
  title={Advancing high fidelity identity swapping for forgery detection},
  author={Li, Lingzhi and Bao, Jianmin and Yang, Hao and Chen, Dong and Wen, Fang},
  booktitle={Proceedings of the IEEE/CVF conference on computer vision and pattern recognition},
  pages={5074--5083},
  year={2020}
}

@misc{DFD,
  title = {Contributing data to deepfake detection research.},
  howpublished = {\url{https://research.google/blog/contributing-data-to-deepfake-detection-research/}},
  note = {Accessed: 2024-11-01}
}

@inproceedings{afchar2018mesonet,
  title={Mesonet: a compact facial video forgery detection network},
  author={Afchar, Darius and Nozick, Vincent and Yamagishi, Junichi and Echizen, Isao},
  booktitle={2018 IEEE international workshop on information forensics and security (WIFS)},
  pages={1--7},
  year={2018},
  organization={IEEE}
}

@inproceedings{bayar2016deep_constrained_layers,
  title={A deep learning approach to universal image manipulation detection using a new convolutional layer},
  author={Bayar, Belhassen and Stamm, Matthew C},
  booktitle={Proceedings of the 4th ACM workshop on information hiding and multimedia security},
  pages={5--10},
  year={2016}
}

@inproceedings{dang2020detection_attention,
  title={On the detection of digital face manipulation},
  author={Dang, Hao and Liu, Feng and Stehouwer, Joel and Liu, Xiaoming and Jain, Anil K},
  booktitle={Proceedings of the IEEE/CVF Conference on Computer Vision and Pattern recognition},
  pages={5781--5790},
  year={2020}
}

@inproceedings{zhao2021multi,
  title={Multi-attentional deepfake detection},
  author={Zhao, Hanqing and Zhou, Wenbo and Chen, Dongdong and Wei, Tianyi and Zhang, Weiming and Yu, Nenghai},
  booktitle={Proceedings of the IEEE/CVF conference on computer vision and pattern recognition},
  pages={2185--2194},
  year={2021}
}

@inproceedings{guera2018deepfake_recurrent,
  title={Deepfake video detection using recurrent neural networks},
  author={G{\"u}era, David and Delp, Edward J},
  booktitle={2018 15th IEEE international conference on advanced video and signal based surveillance (AVSS)},
  pages={1--6},
  year={2018},
  organization={IEEE}
}

@article{sabir2019recurrent,
  title={Recurrent convolutional strategies for face manipulation detection in videos},
  author={Sabir, Ekraam and Cheng, Jiaxin and Jaiswal, Ayush and AbdAlmageed, Wael and Masi, Iacopo and Natarajan, Prem},
  journal={Interfaces (GUI)},
  volume={3},
  number={1},
  pages={80--87},
  year={2019}
}

@inproceedings{yang2019head_poses,
  title={Exposing deep fakes using inconsistent head poses},
  author={Yang, Xin and Li, Yuezun and Lyu, Siwei},
  booktitle={ICASSP 2019-2019 IEEE International Conference on Acoustics, Speech and Signal Processing (ICASSP)},
  pages={8261--8265},
  year={2019},
  organization={IEEE}
}

@article{jung2020blinking,
  title={Deepvision: Deepfakes detection using human eye blinking pattern},
  author={Jung, Tackhyun and Kim, Sangwon and Kim, Keecheon},
  journal={IEEE Access},
  volume={8},
  pages={83144--83154},
  year={2020},
  publisher={IEEE}
}

@inproceedings{haliassos2021lips,
  title={Lips don't lie: A generalisable and robust approach to face forgery detection},
  author={Haliassos, Alexandros and Vougioukas, Konstantinos and Petridis, Stavros and Pantic, Maja},
  booktitle={Proceedings of the IEEE/CVF conference on computer vision and pattern recognition},
  pages={5039--5049},
  year={2021}
}

@inproceedings{amerini2019optical_flow,
  title={Deepfake video detection through optical flow based cnn},
  author={Amerini, Irene and Galteri, Leonardo and Caldelli, Roberto and Del Bimbo, Alberto},
  booktitle={Proceedings of the IEEE/CVF international conference on computer vision workshops},
  pages={0--0},
  year={2019}
}

@inproceedings{zhang2019detecting_freq,
  title={Detecting and simulating artifacts in gan fake images},
  author={Zhang, Xu and Karaman, Svebor and Chang, Shih-Fu},
  booktitle={2019 IEEE international workshop on information forensics and security (WIFS)},
  pages={1--6},
  year={2019},
  organization={IEEE}
}

@inproceedings{frank2020leveraging_freq,
  title={Leveraging frequency analysis for deep fake image recognition},
  author={Frank, Joel and Eisenhofer, Thorsten and Sch{\"o}nherr, Lea and Fischer, Asja and Kolossa, Dorothea and Holz, Thorsten},
  booktitle={International conference on machine learning},
  pages={3247--3258},
  year={2020},
  organization={PMLR}
}

@inproceedings{liu2021spatial_phase_freq,
  title={Spatial-phase shallow learning: rethinking face forgery detection in frequency domain},
  author={Liu, Honggu and Li, Xiaodan and Zhou, Wenbo and Chen, Yuefeng and He, Yuan and Xue, Hui and Zhang, Weiming and Yu, Nenghai},
  booktitle={Proceedings of the IEEE/CVF conference on computer vision and pattern recognition},
  pages={772--781},
  year={2021}
}

@inproceedings{qian2020thinking_in_freq,
  title={Thinking in frequency: Face forgery detection by mining frequency-aware clues},
  author={Qian, Yuyang and Yin, Guojun and Sheng, Lu and Chen, Zixuan and Shao, Jing},
  booktitle={European conference on computer vision},
  pages={86--103},
  year={2020},
  organization={Springer}
}

@inproceedings{luo2021generalizing_freq,
  title={Generalizing face forgery detection with high-frequency features},
  author={Luo, Yuchen and Zhang, Yong and Yan, Junchi and Liu, Wei},
  booktitle={Proceedings of the IEEE/CVF conference on computer vision and pattern recognition},
  pages={16317--16326},
  year={2021}
}

@inproceedings{li2020face_x_ray,
  title={Face x-ray for more general face forgery detection},
  author={Li, Lingzhi and Bao, Jianmin and Zhang, Ting and Yang, Hao and Chen, Dong and Wen, Fang and Guo, Baining},
  booktitle={Proceedings of the IEEE/CVF conference on computer vision and pattern recognition},
  pages={5001--5010},
  year={2020}
}

@inproceedings{shiohara2022detecting,
  title={Detecting deepfakes with self-blended images},
  author={Shiohara, Kaede and Yamasaki, Toshihiko},
  booktitle={Proceedings of the IEEE/CVF Conference on Computer Vision and Pattern Recognition},
  pages={18720--18729},
  year={2022}
}

@inproceedings{chen2022self_adversarial,
  title={Self-supervised learning of adversarial example: Towards good generalizations for deepfake detection},
  author={Chen, Liang and Zhang, Yong and Song, Yibing and Liu, Lingqiao and Wang, Jue},
  booktitle={Proceedings of the IEEE/CVF conference on computer vision and pattern recognition},
  pages={18710--18719},
  year={2022}
}

@inproceedings{zhao2021learning,
  title={Learning self-consistency for deepfake detection},
  author={Zhao, Tianchen and Xu, Xiang and Xu, Mingze and Ding, Hui and Xiong, Yuanjun and Xia, Wei},
  booktitle={Proceedings of the IEEE/CVF international conference on computer vision},
  pages={15023--15033},
  year={2021}
}

@article{chen2022ost,
  title={Ost: Improving generalization of deepfake detection via one-shot test-time training},
  author={Chen, Liang and Zhang, Yong and Song, Yibing and Wang, Jue and Liu, Lingqiao},
  journal={Advances in Neural Information Processing Systems},
  volume={35},
  pages={24597--24610},
  year={2022}
}

@article{scholkopf1999one_class_svm,
  title={Support vector method for novelty detection},
  author={Sch{\"o}lkopf, Bernhard and Williamson, Robert C and Smola, Alex and Shawe-Taylor, John and Platt, John},
  journal={Advances in neural information processing systems},
  volume={12},
  year={1999}
}
@inproceedings{xia2015reconstruction_based,
  title={Learning discriminative reconstructions for unsupervised outlier removal},
  author={Xia, Yan and Cao, Xudong and Wen, Fang and Hua, Gang and Sun, Jian},
  booktitle={Proceedings of the IEEE international conference on computer vision},
  pages={1511--1519},
  year={2015}
}

@inproceedings{sabokrou2018adversarially,
  title={Adversarially learned one-class classifier for novelty detection},
  author={Sabokrou, Mohammad and Khalooei, Mohammad and Fathy, Mahmood and Adeli, Ehsan},
  booktitle={Proceedings of the IEEE conference on computer vision and pattern recognition},
  pages={3379--3388},
  year={2018}
}

@article{yang2022visual,
  title={Visual anomaly detection for images: A systematic survey},
  author={Yang, Jie and Xu, Ruijie and Qi, Zhiquan and Shi, Yong},
  journal={Procedia computer science},
  volume={199},
  pages={471--478},
  year={2022},
  publisher={Elsevier}
}

@article{leyva2024data,
  title={Data-Agnostic Face Image Synthesis Detection Using Bayesian CNNs},
  author={Leyva, Roberto and Sanchez, Victor and Epiphaniou, Gregory and Maple, Carsten},
  journal={Pattern Recognition Letters},
  volume={183},
  pages={64--70},
  year={2024},
  publisher={Elsevier}
}

@inproceedings{diff_AD,
  title={Differential anomaly detection for facial images},
  author={Ibsen, Mathias and Gonz{\'a}lez-Soler, L{\'a}zaro J and Rathgeb, Christian and Drozdowski, Pawel and Gomez-Barrero, Marta and Busch, Christoph},
  booktitle={2021 IEEE International Workshop on Information Forensics and Security (WIFS)},
  pages={1--6},
  year={2021},
  organization={IEEE}
}

@article{scherhag2020deep_diff_AD,
  title={Deep face representations for differential morphing attack detection},
  author={Scherhag, Ulrich and Rathgeb, Christian and Merkle, Johannes and Busch, Christoph},
  journal={IEEE transactions on information forensics and security},
  volume={15},
  pages={3625--3639},
  year={2020},
  publisher={IEEE}
}

@misc{haarcascades,
  title = {Haarcascades.},
  howpublished = {\url{https://github.com/opencv/opencv/tree/master/data/haarcascades}},
  note = {Accessed: 2024-11-01}
}

@misc{lbfmodel,
  title = {LBFmodel.},
  howpublished = {\url{https://github.com/kurnianggoro/GSOC2017/blob/master/data/lbfmodel.yaml}},
  note = {Accessed: 2024-11-01}
}

@inproceedings{tan2019efficientnet,
  title={Efficientnet: Rethinking model scaling for convolutional neural networks},
  author={Tan, Mingxing and Le, Quoc},
  booktitle={International conference on machine learning},
  pages={6105--6114},
  year={2019},
  organization={PMLR}
}

@article{foret2020SAM,
  title={Sharpness-aware minimization for efficiently improving generalization},
  author={Foret, Pierre and Kleiner, Ariel and Mobahi, Hossein and Neyshabur, Behnam},
  journal={arXiv preprint arXiv:2010.01412},
  year={2020}
}

@misc{Deepfakes,
  title = {Deepfakes.},
  howpublished = {\url{https://github.com/deepfakes/faceswap}},
  note = {Accessed: 2024-11-01}
}

@inproceedings{thies2016face2face,
  title={Face2face: Real-time face capture and reenactment of rgb videos},
  author={Thies, Justus and Zollhofer, Michael and Stamminger, Marc and Theobalt, Christian and Nie{\ss}ner, Matthias},
  booktitle={Proceedings of the IEEE conference on computer vision and pattern recognition},
  pages={2387--2395},
  year={2016}
}

@misc{FaceSwap,
  title = {FaceSwap.},
  howpublished = {\url{https://github.com/MarekKowalski/FaceSwap/}},
  note = {Accessed: 2024-11-01}
}

@article{NeuralTextures,
  title={Deferred neural rendering: Image synthesis using neural textures},
  author={Thies, Justus and Zollh{\"o}fer, Michael and Nie{\ss}ner, Matthias},
  journal={Acm Transactions on Graphics (TOG)},
  volume={38},
  number={4},
  pages={1--12},
  year={2019},
  publisher={ACM New York, NY, USA}
}

@inproceedings{wang2021representative,
  title={Representative forgery mining for fake face detection},
  author={Wang, Chengrui and Deng, Weihong},
  booktitle={Proceedings of the IEEE/CVF conference on computer vision and pattern recognition},
  pages={14923--14932},
  year={2021}
}


@inproceedings{he2016resnet,
  title={Deep residual learning for image recognition},
  author={He, Kaiming and Zhang, Xiangyu and Ren, Shaoqing and Sun, Jian},
  booktitle={Proceedings of the IEEE conference on computer vision and pattern recognition},
  pages={770--778},
  year={2016}
}

@inproceedings{chollet2017xception,
  title={Xception: Deep learning with depthwise separable convolutions},
  author={Chollet, Fran{\c{c}}ois},
  booktitle={Proceedings of the IEEE conference on computer vision and pattern recognition},
  pages={1251--1258},
  year={2017}
}

@inproceedings{maiano2022depthfake,
  title={Depthfake: a depth-based strategy for detecting deepfake videos},
  author={Maiano, Luca and Papa, Lorenzo and Vocaj, Ketbjano and Amerini, Irene},
  booktitle={International Conference on Pattern Recognition},
  pages={17--31},
  year={2022},
  organization={Springer}
}

@inproceedings{chen2021local_freq,
  title={Local relation learning for face forgery detection},
  author={Chen, Shen and Yao, Taiping and Chen, Yang and Ding, Shouhong and Li, Jilin and Ji, Rongrong},
  booktitle={Proceedings of the AAAI conference on artificial intelligence},
  volume={35},
  number={2},
  pages={1081--1088},
  year={2021}
}

@inproceedings{sakurada2014anomaly_AE,
  title={Anomaly detection using autoencoders with nonlinear dimensionality reduction},
  author={Sakurada, Mayu and Yairi, Takehisa},
  booktitle={Proceedings of the MLSDA 2014 2nd workshop on machine learning for sensory data analysis},
  pages={4--11},
  year={2014}
}

@misc{midjourney,
  title = {Midjourney.},
  howpublished = {\url{https://www.midjourney.com/}},
  note = {Accessed: 2024-11-01}
}

@misc{Sora,
  title = {Video generation models as world simulators.},
  howpublished = {\url{https://openai.com/index/video-generation-models-as-world-simulators/}},
  note = {Accessed: 2024-11-01}
}
@misc{Runway-Gen3,
  title = {Introducing Gen-3 Alpha: A New Frontier for Video Generation.},
  howpublished = {\url{https://runwayml.com/research/introducing-gen-3-alpha/}},
  note = {Accessed: 2024-11-01}
}

@inproceedings{baur2019deep_AD_MR,
  title={Deep autoencoding models for unsupervised anomaly segmentation in brain MR images},
  author={Baur, Christoph and Wiestler, Benedikt and Albarqouni, Shadi and Navab, Nassir},
  booktitle={Brainlesion: Glioma, Multiple Sclerosis, Stroke and Traumatic Brain Injuries: 4th International Workshop, BrainLes 2018, Held in Conjunction with MICCAI 2018, Granada, Spain, September 16, 2018, Revised Selected Papers, Part I 4},
  pages={161--169},
  year={2019},
  organization={Springer}
}

@inproceedings{sultani2018real_video_surv,
  title={Real-world anomaly detection in surveillance videos},
  author={Sultani, Waqas and Chen, Chen and Shah, Mubarak},
  booktitle={Proceedings of the IEEE conference on computer vision and pattern recognition},
  pages={6479--6488},
  year={2018}
}

@inproceedings{deng2009imagenet,
  title={Imagenet: A large-scale hierarchical image database},
  author={Deng, Jia and Dong, Wei and Socher, Richard and Li, Li-Jia and Li, Kai and Fei-Fei, Li},
  booktitle={2009 IEEE conference on computer vision and pattern recognition},
  pages={248--255},
  year={2009},
  organization={Ieee}
}

@article{oltermann2022european,
  title={European politicians duped into deepfake video calls with mayor of Kyiv},
  author={Oltermann, Philip},
  journal={The Guardian},
  year={2022}
}

@misc{dickson2021deepfake,
  title={Deepfake porn is still a threat, particularly for k-pop stars},
  author={Dickson, E},
  year={2019}
}