@inproceedings{afchar2018mesonet,
  title={Mesonet: a compact facial video forgery detection network},
  author={Afchar, Darius and Nozick, Vincent and Yamagishi, Junichi and Echizen, Isao},
  booktitle={2018 IEEE international workshop on information forensics and security (WIFS)},
  pages={1--7},
  year={2018},
  organization={IEEE}
}

@inproceedings{amerini2019optical_flow,
  title={Deepfake video detection through optical flow based cnn},
  author={Amerini, Irene and Galteri, Leonardo and Caldelli, Roberto and Del Bimbo, Alberto},
  booktitle={Proceedings of the IEEE/CVF international conference on computer vision workshops},
  pages={0--0},
  year={2019}
}

@inproceedings{baur2019deep_AD_MR,
  title={Deep autoencoding models for unsupervised anomaly segmentation in brain MR images},
  author={Baur, Christoph and Wiestler, Benedikt and Albarqouni, Shadi and Navab, Nassir},
  booktitle={Brainlesion: Glioma, Multiple Sclerosis, Stroke and Traumatic Brain Injuries: 4th International Workshop, BrainLes 2018, Held in Conjunction with MICCAI 2018, Granada, Spain, September 16, 2018, Revised Selected Papers, Part I 4},
  pages={161--169},
  year={2019},
  organization={Springer}
}

@inproceedings{bayar2016deep_constrained_layers,
  title={A deep learning approach to universal image manipulation detection using a new convolutional layer},
  author={Bayar, Belhassen and Stamm, Matthew C},
  booktitle={Proceedings of the 4th ACM workshop on information hiding and multimedia security},
  pages={5--10},
  year={2016}
}

@article{chen2022ost,
  title={Ost: Improving generalization of deepfake detection via one-shot test-time training},
  author={Chen, Liang and Zhang, Yong and Song, Yibing and Wang, Jue and Liu, Lingqiao},
  journal={Advances in Neural Information Processing Systems},
  volume={35},
  pages={24597--24610},
  year={2022}
}

@inproceedings{chen2022self_adversarial,
  title={Self-supervised learning of adversarial example: Towards good generalizations for deepfake detection},
  author={Chen, Liang and Zhang, Yong and Song, Yibing and Liu, Lingqiao and Wang, Jue},
  booktitle={Proceedings of the IEEE/CVF conference on computer vision and pattern recognition},
  pages={18710--18719},
  year={2022}
}

@inproceedings{dang2020detection_attention,
  title={On the detection of digital face manipulation},
  author={Dang, Hao and Liu, Feng and Stehouwer, Joel and Liu, Xiaoming and Jain, Anil K},
  booktitle={Proceedings of the IEEE/CVF Conference on Computer Vision and Pattern recognition},
  pages={5781--5790},
  year={2020}
}

@inproceedings{frank2020leveraging_freq,
  title={Leveraging frequency analysis for deep fake image recognition},
  author={Frank, Joel and Eisenhofer, Thorsten and Sch{\"o}nherr, Lea and Fischer, Asja and Kolossa, Dorothea and Holz, Thorsten},
  booktitle={International conference on machine learning},
  pages={3247--3258},
  year={2020},
  organization={PMLR}
}

@inproceedings{guera2018deepfake_recurrent,
  title={Deepfake video detection using recurrent neural networks},
  author={G{\"u}era, David and Delp, Edward J},
  booktitle={2018 15th IEEE international conference on advanced video and signal based surveillance (AVSS)},
  pages={1--6},
  year={2018},
  organization={IEEE}
}

@inproceedings{haliassos2021lips,
  title={Lips don't lie: A generalisable and robust approach to face forgery detection},
  author={Haliassos, Alexandros and Vougioukas, Konstantinos and Petridis, Stavros and Pantic, Maja},
  booktitle={Proceedings of the IEEE/CVF conference on computer vision and pattern recognition},
  pages={5039--5049},
  year={2021}
}

@article{jung2020blinking,
  title={Deepvision: Deepfakes detection using human eye blinking pattern},
  author={Jung, Tackhyun and Kim, Sangwon and Kim, Keecheon},
  journal={IEEE Access},
  volume={8},
  pages={83144--83154},
  year={2020},
  publisher={IEEE}
}

@inproceedings{khalid2020ocfakedect,
  title={Oc-fakedect: Classifying deepfakes using one-class variational autoencoder},
  author={Khalid, Hasam and Woo, Simon S},
  booktitle={Proceedings of the IEEE/CVF conference on computer vision and pattern recognition workshops},
  pages={656--657},
  year={2020}
}

@inproceedings{larue2023seeable,
  title={Seeable: Soft discrepancies and bounded contrastive learning for exposing deepfakes},
  author={Larue, Nicolas and Vu, Ngoc-Son and Struc, Vitomir and Peer, Peter and Christophides, Vassilis},
  booktitle={Proceedings of the IEEE/CVF International Conference on Computer Vision},
  pages={21011--21021},
  year={2023}
}

@article{leyva2024data,
  title={Data-Agnostic Face Image Synthesis Detection Using Bayesian CNNs},
  author={Leyva, Roberto and Sanchez, Victor and Epiphaniou, Gregory and Maple, Carsten},
  journal={Pattern Recognition Letters},
  volume={183},
  pages={64--70},
  year={2024},
  publisher={Elsevier}
}

@inproceedings{li2020face_x_ray,
  title={Face x-ray for more general face forgery detection},
  author={Li, Lingzhi and Bao, Jianmin and Zhang, Ting and Yang, Hao and Chen, Dong and Wen, Fang and Guo, Baining},
  booktitle={Proceedings of the IEEE/CVF conference on computer vision and pattern recognition},
  pages={5001--5010},
  year={2020}
}

@inproceedings{liu2021spatial_phase_freq,
  title={Spatial-phase shallow learning: rethinking face forgery detection in frequency domain},
  author={Liu, Honggu and Li, Xiaodan and Zhou, Wenbo and Chen, Yuefeng and He, Yuan and Xue, Hui and Zhang, Weiming and Yu, Nenghai},
  booktitle={Proceedings of the IEEE/CVF conference on computer vision and pattern recognition},
  pages={772--781},
  year={2021}
}

@inproceedings{luo2021generalizing_freq,
  title={Generalizing face forgery detection with high-frequency features},
  author={Luo, Yuchen and Zhang, Yong and Yan, Junchi and Liu, Wei},
  booktitle={Proceedings of the IEEE/CVF conference on computer vision and pattern recognition},
  pages={16317--16326},
  year={2021}
}

@inproceedings{maiano2022depthfake,
  title={Depthfake: a depth-based strategy for detecting deepfake videos},
  author={Maiano, Luca and Papa, Lorenzo and Vocaj, Ketbjano and Amerini, Irene},
  booktitle={International Conference on Pattern Recognition},
  pages={17--31},
  year={2022},
  organization={Springer}
}

@inproceedings{mejri2023untag,
  title={Untag: Learning generic features for unsupervised type-agnostic deepfake detection},
  author={Mejri, Nesryne and Ghorbel, Enjie and Aouada, Djamila},
  booktitle={ICASSP 2023-2023 IEEE International Conference on Acoustics, Speech and Signal Processing (ICASSP)},
  pages={1--5},
  year={2023},
  organization={IEEE}
}

@inproceedings{qian2020thinking_in_freq,
  title={Thinking in frequency: Face forgery detection by mining frequency-aware clues},
  author={Qian, Yuyang and Yin, Guojun and Sheng, Lu and Chen, Zixuan and Shao, Jing},
  booktitle={European conference on computer vision},
  pages={86--103},
  year={2020},
  organization={Springer}
}

@inproceedings{rossler2019faceforensics++,
  title={Faceforensics++: Learning to detect manipulated facial images},
  author={Rossler, Andreas and Cozzolino, Davide and Verdoliva, Luisa and Riess, Christian and Thies, Justus and Nie{\ss}ner, Matthias},
  booktitle={Proceedings of the IEEE/CVF international conference on computer vision},
  pages={1--11},
  year={2019}
}

@article{sabir2019recurrent,
  title={Recurrent convolutional strategies for face manipulation detection in videos},
  author={Sabir, Ekraam and Cheng, Jiaxin and Jaiswal, Ayush and AbdAlmageed, Wael and Masi, Iacopo and Natarajan, Prem},
  journal={Interfaces (GUI)},
  volume={3},
  number={1},
  pages={80--87},
  year={2019}
}

@inproceedings{sabokrou2018adversarially,
  title={Adversarially learned one-class classifier for novelty detection},
  author={Sabokrou, Mohammad and Khalooei, Mohammad and Fathy, Mahmood and Adeli, Ehsan},
  booktitle={Proceedings of the IEEE conference on computer vision and pattern recognition},
  pages={3379--3388},
  year={2018}
}

@article{scholkopf1999one_class_svm,
  title={Support vector method for novelty detection},
  author={Sch{\"o}lkopf, Bernhard and Williamson, Robert C and Smola, Alex and Shawe-Taylor, John and Platt, John},
  journal={Advances in neural information processing systems},
  volume={12},
  year={1999}
}

@inproceedings{shiohara2022detecting,
  title={Detecting deepfakes with self-blended images},
  author={Shiohara, Kaede and Yamasaki, Toshihiko},
  booktitle={Proceedings of the IEEE/CVF Conference on Computer Vision and Pattern Recognition},
  pages={18720--18729},
  year={2022}
}

@inproceedings{sultani2018real_video_surv,
  title={Real-world anomaly detection in surveillance videos},
  author={Sultani, Waqas and Chen, Chen and Shah, Mubarak},
  booktitle={Proceedings of the IEEE conference on computer vision and pattern recognition},
  pages={6479--6488},
  year={2018}
}

@inproceedings{xia2015reconstruction_based,
  title={Learning discriminative reconstructions for unsupervised outlier removal},
  author={Xia, Yan and Cao, Xudong and Wen, Fang and Hua, Gang and Sun, Jian},
  booktitle={Proceedings of the IEEE international conference on computer vision},
  pages={1511--1519},
  year={2015}
}

@inproceedings{yang2019head_poses,
  title={Exposing deep fakes using inconsistent head poses},
  author={Yang, Xin and Li, Yuezun and Lyu, Siwei},
  booktitle={ICASSP 2019-2019 IEEE International Conference on Acoustics, Speech and Signal Processing (ICASSP)},
  pages={8261--8265},
  year={2019},
  organization={IEEE}
}

@article{yang2022visual,
  title={Visual anomaly detection for images: A systematic survey},
  author={Yang, Jie and Xu, Ruijie and Qi, Zhiquan and Shi, Yong},
  journal={Procedia computer science},
  volume={199},
  pages={471--478},
  year={2022},
  publisher={Elsevier}
}

@inproceedings{zhang2019detecting_freq,
  title={Detecting and simulating artifacts in gan fake images},
  author={Zhang, Xu and Karaman, Svebor and Chang, Shih-Fu},
  booktitle={2019 IEEE international workshop on information forensics and security (WIFS)},
  pages={1--6},
  year={2019},
  organization={IEEE}
}

@inproceedings{zhao2021learning,
  title={Learning self-consistency for deepfake detection},
  author={Zhao, Tianchen and Xu, Xiang and Xu, Mingze and Ding, Hui and Xiong, Yuanjun and Xia, Wei},
  booktitle={Proceedings of the IEEE/CVF international conference on computer vision},
  pages={15023--15033},
  year={2021}
}

@inproceedings{zhao2021multi,
  title={Multi-attentional deepfake detection},
  author={Zhao, Hanqing and Zhou, Wenbo and Chen, Dongdong and Wei, Tianyi and Zhang, Weiming and Yu, Nenghai},
  booktitle={Proceedings of the IEEE/CVF conference on computer vision and pattern recognition},
  pages={2185--2194},
  year={2021}
}

