@inproceedings{10.5555/3618408.3618709,
author = {Deng, Yuan and Golrezaei, Negin and Jaillet, Patrick and Liang, Jason Cheuk Nam and Mirrokni, Vahab},
title = {Multi-channel autobidding with budget and ROI constraints},
year = {2023},
publisher = {JMLR.org},
booktitle = {Proceedings of the 40th International Conference on Machine Learning},
articleno = {301},
numpages = {28},
location = {Honolulu, Hawaii, USA},
series = {ICML'23}
}

@misc{DElia2019,
  author = {Vincenzo D'Elia},
  title = {On the causality of advertising},
  year = {2019},
  howpublished = {\url{http://papers.adkdd.org/2019/invited-talks/slides-adkdd19-delia-causality.pdf}},
  note = {[Online; accessed September-2024]}
}

@inproceedings{Nuara2018ACA,
  title={A Combinatorial-Bandit Algorithm for the Online Joint Bid/Budget Optimization of Pay-per-Click Advertising Campaigns},
  author={Alessandro Nuara and Francesco Trov{\`o} and Nicola Gatti and Marcello Restelli},
  booktitle={AAAI Conference on Artificial Intelligence},
  year={2018},
  url={https://api.semanticscholar.org/CorpusID:19147413}
}

@article{besbes2014stochastic,
  title={Stochastic multi-armed-bandit problem with non-stationary rewards},
  author={Besbes, Omar and Gur, Yonatan and Zeevi, Assaf},
  journal={Advances in neural information processing systems},
  volume={27},
  year={2014}
}

@inproceedings{cao2019nearly,
  title={Nearly optimal adaptive procedure with change detection for piecewise-stationary bandit},
  author={Cao, Yang and Wen, Zheng and Kveton, Branislav and Xie, Yao},
  booktitle={The 22nd International Conference on Artificial Intelligence and Statistics},
  pages={418--427},
  year={2019},
  organization={PMLR}
}

@article{cavenaghi2021non,
  title={Non stationary multi-armed bandit: Empirical evaluation of a new concept drift-aware algorithm},
  author={Cavenaghi, Emanuele and Sottocornola, Gabriele and Stella, Fabio and Zanker, Markus},
  journal={Entropy},
  volume={23},
  number={3},
  pages={380},
  year={2021},
  publisher={MDPI}
}

@article{farris2015marketing,
  title={Marketing return on investment: Seeking clarity for concept and measurement},
  author={Farris, Paul W and Hanssens, Dominique M and Lenskold, James D and Reibstein, David J},
  journal={Applied Marketing Analytics},
  volume={1},
  number={3},
  pages={267--282},
  year={2015},
  publisher={Henry Stewart Publications}
}

@inproceedings{garivier2011upper,
  title={On upper-confidence bound policies for switching bandit problems},
  author={Garivier, Aur{\'e}lien and Moulines, Eric},
  booktitle={International conference on algorithmic learning theory},
  pages={174--188},
  year={2011},
  organization={Springer}
}

@article{giglimulti,
  title={Multi-armed bandits for performance marketing},
  author={Gigli, Marco and Stella, Fabio},
  journal={International Journal of Data Science and Analytics},
  pages={1--15},
  year={2024},
  publisher={Springer}
}

@inproceedings{hanbudget,
  title={Budget allocation as a multi-agent system of contextual \& continuous bandits},
  author={Han, Benjamin and Arndt, Carl},
  booktitle={Proceedings of the 27th ACM SIGKDD Conference on Knowledge Discovery \& Data Mining},
  pages={2937--2945},
  year={2021}
}

@article{hancontextual,
  title={Contextual bandits for advertising budget allocation},
  author={Han, Benjamin and Gabor, Jared},
  journal={Proceedings of the ADKDD},
  volume={17},
  year={2020}
}

@article{lewis2022incrementality,
  title={Incrementality bidding and attribution},
  author={Lewis, Randall and Wong, Jeffrey},
  journal={arXiv preprint arXiv:2208.12809},
  year={2022}
}

@inproceedings{liu2018change,
  title={A change-detection based framework for piecewise-stationary multi-armed bandit problem},
  author={Liu, Fang and Lee, Joohyun and Shroff, Ness},
  booktitle={Proceedings of the AAAI Conference on Artificial Intelligence},
  volume={32},
  number={1},
  year={2018}
}

@article{nuara2022online,
  title={Online joint bid/daily budget optimization of internet advertising campaigns},
  author={Nuara, Alessandro and Trov{\`o}, Francesco and Gatti, Nicola and Restelli, Marcello},
  journal={Artificial Intelligence},
  volume={305},
  pages={103663},
  year={2022},
  publisher={Elsevier}
}

@inproceedings{re2021exploiting,
  title={Exploiting history data for nonstationary multi-armed bandit},
  author={Re, Gerlando and Chiusano, Fabio and Trov{\`o}, Francesco and Carrera, Diego and Boracchi, Giacomo and Restelli, Marcello},
  booktitle={Machine Learning and Knowledge Discovery in Databases. Research Track: European Conference, ECML PKDD 2021, Bilbao, Spain, September 13--17, 2021, Proceedings, Part I 21},
  pages={51--66},
  year={2021},
  organization={Springer}
}

@article{trovo2020sliding,
  title={Sliding-window thompson sampling for non-stationary settings},
  author={Trovo, Francesco and Paladino, Stefano and Restelli, Marcello and Gatti, Nicola},
  journal={Journal of Artificial Intelligence Research},
  volume={68},
  pages={311--364},
  year={2020}
}

@inproceedings{zhang2017multi,
  title={Multi-channel marketing with budget complementarities},
  author={Zhang, Haifeng and Vorobeychik, Yevgeniy},
  booktitle={International Conference on Autonomous Agents and Multiagent Systems},
  year={2017}
}

