@inproceedings{10.1145/3637528.3671476,
author = {Bagherjeiran, Abraham and Djuric, Nemanja and Lee, Kuang-Chih and Pang, Linsey and Radosavljevic, Vladan and Rajan, Suju},
title = {AdKDD 2024},
year = {2024},
isbn = {9798400704901},
publisher = {Association for Computing Machinery},
address = {New York, NY, USA},
url = {https://doi.org/10.1145/3637528.3671476},
doi = {10.1145/3637528.3671476},
booktitle = {Proceedings of the 30th ACM SIGKDD Conference on Knowledge Discovery and Data Mining},
pages = {6706–6707},
numpages = {2},
keywords = {ad targeting, computational advertising, user modeling},
location = {Barcelona, Spain},
series = {KDD '24}
}

@misc{iab1,
	author = {PwC},
	title = {IAB\_PwC\_Internet\_Ad\_Revenue\_Report\_2021},
	howpublished = {\url{https://www.iab.com/wp-content/uploads/2022/04/IAB_Internet_Advertising_Revenue_Report_Full_Year_2021.pdf}},
	year = {2021},
	note = {[Accessed 26-08-2024]},
}

@misc{iab2,
	author = {PwC},
	title = {IAB\_PwC\_Internet\_Ad\_Revenue\_Report\_2024},
	howpublished = {\url{https://www.iab.com/wp-content/uploads/2024/04/IAB_PwC_Internet_Ad_Revenue_Report_2024.pdf}},
	year = {2024},
	note = {[Accessed 26-08-2024]},
}

@inproceedings{Nuara2018ACA,
  title={A Combinatorial-Bandit Algorithm for the Online Joint Bid/Budget Optimization of Pay-per-Click Advertising Campaigns},
  author={Alessandro Nuara and Francesco Trov{\`o} and Nicola Gatti and Marcello Restelli},
  booktitle={AAAI Conference on Artificial Intelligence},
  year={2018},
  url={https://api.semanticscholar.org/CorpusID:19147413}
}

@misc{googleAboutAverage,
	author = {},
	title = {{A}bout average daily budgets - {G}oogle {A}ds {H}elp --- support.google.com},
	howpublished = {\url{https://support.google.com/google-ads/answer/6385083?hl=en}},
	year = {},
	note = {[Accessed 11-09-2024]},
}

@inproceedings{10.1007/978-3-030-86486-6_4,
author = {Re, Gerlando and Chiusano, Fabio and Trov\`{o}, Francesco and Carrera, Diego and Boracchi, Giacomo and Restelli, Marcello},
title = {Exploiting History Data for Nonstationary Multi-armed Bandit},
year = {2021},
isbn = {978-3-030-86485-9},
publisher = {Springer-Verlag},
address = {Berlin, Heidelberg},
url = {https://doi.org/10.1007/978-3-030-86486-6_4},
doi = {10.1007/978-3-030-86486-6_4},
pages = {51–66},
numpages = {16},
keywords = {Multi-armed bandit, Non-stationary MAB, Break-point prediction, Recurring concepts},
location = {Bilbao, Spain}
}

@article{gigli2024multi,
  title={Multi-armed bandits for performance marketing},
  author={Gigli, Marco and Stella, Fabio},
  journal={International Journal of Data Science and Analytics},
  pages={1--15},
  year={2024},
  publisher={Springer}
}

@article{han2020contextual,
  title={Contextual bandits for advertising budget allocation},
  author={Han, Benjamin and Gabor, Jared},
  journal={Proceedings of the ADKDD},
  volume={17},
  year={2020}
}

@INPROCEEDINGS{8545777,
  author={wang, Xingfu and Li, Pengcheng and Hawbani, Ammar},
  booktitle={2018 24th International Conference on Pattern Recognition (ICPR)}, 
  title={An Efficient Budget Allocation Algorithm for Multi-Channel Advertising}, 
  year={2018},
  volume={},
  number={},
  pages={886-891},
  keywords={Resource management;Advertising;Decision making;Optimization;Space exploration;Approximation algorithms;budget allocation with constraint;multi-channel marketing;reinforcement learning},
  doi={10.1109/ICPR.2018.8545777}}

@InProceedings{pmlr-v28-chen13a,
  title = 	 {Combinatorial Multi-Armed Bandit: General Framework and Applications},
  author = 	 {Chen, Wei and Wang, Yajun and Yuan, Yang},
  booktitle = 	 {Proceedings of the 30th International Conference on Machine Learning},
  pages = 	 {151--159},
  year = 	 {2013},
  editor = 	 {Dasgupta, Sanjoy and McAllester, David},
  volume = 	 {28},
  number =       {1},
  series = 	 {Proceedings of Machine Learning Research},
  address = 	 {Atlanta, Georgia, USA},
  month = 	 {17--19 Jun},
  publisher =    {PMLR},
  pdf = 	 {http://proceedings.mlr.press/v28/chen13a.pdf},
  url = 	 {https://proceedings.mlr.press/v28/chen13a.html}
}

@article{kellerer2004multiple,
  title={The multiple-choice knapsack problem},
  author={Kellerer, Hans and Pferschy, Ulrich and Pisinger, David and Kellerer, Hans and Pferschy, Ulrich and Pisinger, David},
  journal={Knapsack problems},
  pages={317--347},
  year={2004},
  publisher={Springer}
}

@article{schulz2018tutorial,
  title={A tutorial on Gaussian process regression: Modelling, exploring, and exploiting functions},
  author={Schulz, Eric and Speekenbrink, Maarten and Krause, Andreas},
  journal={Journal of mathematical psychology},
  volume={85},
  pages={1--16},
  year={2018},
  publisher={Elsevier}
}

@article{deng2023cross,
  title={Cross-Channel Marketing on E-commerce Marketplaces: Impact and Strategic Budget Allocation},
  author={Deng, Qiyuan and Hu, Kejia and Lim, Yun Fong},
  journal={Available at SSRN 4332631},
  year={2023}
}

@inproceedings{nguyen2023practical,
  title={Practical Budget Pacing Algorithms and Simulation Test Bed for eBay Marketplace Sponsored Search.},
  author={Nguyen, Phuong Ha and Gligorijevic, Djordje and Borah, Arnab and Adalinge, Gajanan and Bagherjeiran, Abraham},
  booktitle={AdKDD@ KDD},
  year={2023}
}


@article{farris2015marketing,
  title={Marketing return on investment: Seeking clarity for concept and measurement},
  author={Farris, Paul W and Hanssens, Dominique M and Lenskold, James D and Reibstein, David J},
  journal={Applied Marketing Analytics},
  volume={1},
  number={3},
  pages={267--282},
  year={2015},
  publisher={Henry Stewart Publications}
}

@misc{DElia2019,
  author = {Vincenzo D'Elia},
  title = {On the causality of advertising},
  year = {2019},
  howpublished = {\url{http://papers.adkdd.org/2019/invited-talks/slides-adkdd19-delia-causality.pdf}},
  note = {[Online; accessed September-2024]}
}


@article{lewis2022incrementality,
  title={Incrementality bidding and attribution},
  author={Lewis, Randall and Wong, Jeffrey},
  journal={arXiv preprint arXiv:2208.12809},
  year={2022}
}

@article{hancontextual,
  title={Contextual bandits for advertising budget allocation},
  author={Han, Benjamin and Gabor, Jared},
  journal={Proceedings of the ADKDD},
  volume={17},
  year={2020}
}

@inproceedings{hanbudget,
  title={Budget allocation as a multi-agent system of contextual \& continuous bandits},
  author={Han, Benjamin and Arndt, Carl},
  booktitle={Proceedings of the 27th ACM SIGKDD Conference on Knowledge Discovery \& Data Mining},
  pages={2937--2945},
  year={2021}
}

@article{giglimulti,
  title={Multi-armed bandits for performance marketing},
  author={Gigli, Marco and Stella, Fabio},
  journal={International Journal of Data Science and Analytics},
  pages={1--15},
  year={2024},
  publisher={Springer}
}

@article{nuara2022online,
  title={Online joint bid/daily budget optimization of internet advertising campaigns},
  author={Nuara, Alessandro and Trov{\`o}, Francesco and Gatti, Nicola and Restelli, Marcello},
  journal={Artificial Intelligence},
  volume={305},
  pages={103663},
  year={2022},
  publisher={Elsevier}
}

@article{cavenaghi2021non,
  title={Non stationary multi-armed bandit: Empirical evaluation of a new concept drift-aware algorithm},
  author={Cavenaghi, Emanuele and Sottocornola, Gabriele and Stella, Fabio and Zanker, Markus},
  journal={Entropy},
  volume={23},
  number={3},
  pages={380},
  year={2021},
  publisher={MDPI}
}

@article{besbes2014stochastic,
  title={Stochastic multi-armed-bandit problem with non-stationary rewards},
  author={Besbes, Omar and Gur, Yonatan and Zeevi, Assaf},
  journal={Advances in neural information processing systems},
  volume={27},
  year={2014}
}

@inproceedings{re2021exploiting,
  title={Exploiting history data for nonstationary multi-armed bandit},
  author={Re, Gerlando and Chiusano, Fabio and Trov{\`o}, Francesco and Carrera, Diego and Boracchi, Giacomo and Restelli, Marcello},
  booktitle={Machine Learning and Knowledge Discovery in Databases. Research Track: European Conference, ECML PKDD 2021, Bilbao, Spain, September 13--17, 2021, Proceedings, Part I 21},
  pages={51--66},
  year={2021},
  organization={Springer}
}

@inproceedings{garivier2011upper,
  title={On upper-confidence bound policies for switching bandit problems},
  author={Garivier, Aur{\'e}lien and Moulines, Eric},
  booktitle={International conference on algorithmic learning theory},
  pages={174--188},
  year={2011},
  organization={Springer}
}

@article{trovo2020sliding,
  title={Sliding-window thompson sampling for non-stationary settings},
  author={Trovo, Francesco and Paladino, Stefano and Restelli, Marcello and Gatti, Nicola},
  journal={Journal of Artificial Intelligence Research},
  volume={68},
  pages={311--364},
  year={2020}
}

@inproceedings{italia2017internet,
  title={Internet advertising for non-stationary environments},
  author={Italia, EM and Nuara, A and Trov{\`o}, Francesco and Restelli, Marcello and Gatti, N and Dellavalle, E and others},
  booktitle={Proceedings of the International Workshop on Agent-Mediated Electronic Commerce},
  pages={1--15},
  year={2017}
}

@inproceedings{liu2018change,
  title={A change-detection based framework for piecewise-stationary multi-armed bandit problem},
  author={Liu, Fang and Lee, Joohyun and Shroff, Ness},
  booktitle={Proceedings of the AAAI Conference on Artificial Intelligence},
  volume={32},
  number={1},
  year={2018}
}

@inproceedings{cao2019nearly,
  title={Nearly optimal adaptive procedure with change detection for piecewise-stationary bandit},
  author={Cao, Yang and Wen, Zheng and Kveton, Branislav and Xie, Yao},
  booktitle={The 22nd International Conference on Artificial Intelligence and Statistics},
  pages={418--427},
  year={2019},
  organization={PMLR}
}

@inproceedings{nguyenpractical,
  title={Practical Budget Pacing Algorithms and Simulation Test Bed for eBay Marketplace Sponsored Search.},
  author={Nguyen, Phuong Ha and Gligorijevic, Djordje and Borah, Arnab and Adalinge, Gajanan and Bagherjeiran, Abraham},
  booktitle={AdKDD@ KDD},
  year={2023}
}

@inproceedings{10.5555/3104322.3104451,
author = {Srinivas, Niranjan and Krause, Andreas and Kakade, Sham and Seeger, Matthias},
title = {Gaussian process optimization in the bandit setting: no regret and experimental design},
year = {2010},
isbn = {9781605589077},
publisher = {Omnipress},
address = {Madison, WI, USA},
booktitle = {Proceedings of the 27th International Conference on International Conference on Machine Learning},
pages = {1015–1022},
numpages = {8},
location = {Haifa, Israel},
series = {ICML'10}
}

@inproceedings{avadhanula2021stochastic,
  title={Stochastic bandits for multi-platform budget optimization in online advertising},
  author={Avadhanula, Vashist and Colini Baldeschi, Riccardo and Leonardi, Stefano and Sankararaman, Karthik Abinav and Schrijvers, Okke},
  booktitle={Proceedings of the Web Conference 2021},
  pages={2805--2817},
  year={2021}
}

@article{fiandri2024sliding,
  title={Sliding-Window Thompson Sampling for Non-Stationary Settings},
  author={Fiandri, Marco and Metelli, Alberto Maria and Trov{\`o}, Francesco},
  journal={arXiv preprint arXiv:2409.05181},
  year={2024}
}

@inproceedings{zhang2017multi,
  title={Multi-channel marketing with budget complementarities},
  author={Zhang, Haifeng and Vorobeychik, Yevgeniy},
  booktitle={International Conference on Autonomous Agents and Multiagent Systems},
  year={2017}
}

@incollection{diemert2017attribution,
  title={Attribution modeling increases efficiency of bidding in display advertising},
  author={Diemert, Eustache and Meynet, Julien and Galland, Pierre and Lefortier, Damien},
  booktitle={Proceedings of the ADKDD'17},
  pages={1--6},
  year={2017}
}

@inproceedings{DiemertMeynet2017,
author = {{Diemert Eustache, Meynet Julien} and Galland, Pierre and Lefortier, Damien},
title={Attribution Modeling Increases Efficiency of Bidding in Display Advertising},
publisher = {ACM},
pages={To appear},
booktitle = {Proceedings of the AdKDD and TargetAd Workshop, KDD, Halifax, NS, Canada, August, 14, 2017},
year = {2017}
}

@article{rangaswamy2005opportunities,
  title={Opportunities and challenges in multichannel marketing: An introduction to the special issue},
  author={Rangaswamy, Arvind and Van Bruggen, Gerrit H},
  journal={Journal of interactive marketing},
  volume={19},
  number={2},
  pages={5--11},
  year={2005},
  publisher={SAGE Publications Sage CA: Los Angeles, CA}
}

@inproceedings{10.5555/3618408.3618709,
author = {Deng, Yuan and Golrezaei, Negin and Jaillet, Patrick and Liang, Jason Cheuk Nam and Mirrokni, Vahab},
title = {Multi-channel autobidding with budget and ROI constraints},
year = {2023},
publisher = {JMLR.org},
booktitle = {Proceedings of the 40th International Conference on Machine Learning},
articleno = {301},
numpages = {28},
location = {Honolulu, Hawaii, USA},
series = {ICML'23}
}