@article{Barber_2023,
  title={Conformal prediction beyond exchangeability},
  author={Barber, Rina Foygel and Candes, Emmanuel J and Ramdas, Aaditya and Tibshirani, Ryan J},
  journal={The Annals of Statistics},
  volume={51},
  number={2},
  pages={816--845},
  year={2023},
  publisher={Institute of Mathematical Statistics}
}

@article{Bastani_2022,
  title={Practical adversarial multivalid conformal prediction},
  author={Bastani, Osbert and Gupta, Varun and Jung, Christopher and Noarov, Georgy and Ramalingam, Ramya and Roth, Aaron},
  journal={Advances in Neural Information Processing Systems},
  volume={35},
  pages={29362--29373},
  year={2022}
}

@article{Candes_2023,
  title={Conformalized survival analysis},
  author={Cand{\`e}s, Emmanuel and Lei, Lihua and Ren, Zhimei},
  journal={Journal of the Royal Statistical Society Series B: Statistical Methodology},
  volume={85},
  number={1},
  pages={24--45},
  year={2023},
  publisher={Oxford University Press US}
}

@article{Clarkson_2024,
  title={Split Conformal Prediction under Data Contamination},
  author={Clarkson, Jase and Xu, Wenkai and Cucuringu, Mihai and Reinert, Gesine},
  journal={arXiv preprint arXiv:2407.07700},
  year={2024}
}

@inproceedings{Cohen_2019,
  title={Certified adversarial robustness via randomized smoothing},
  author={Cohen, Jeremy and Rosenfeld, Elan and Kolter, Zico},
  booktitle={international conference on machine learning},
  pages={1310--1320},
  year={2019},
  organization={PMLR}
}

@inproceedings{Gendler_2022,
  title={Adversarially robust conformal prediction},
  author={Gendler, Asaf and Weng, Tsui-Wei and Daniel, Luca and Romano, Yaniv},
  booktitle={International Conference on Learning Representations},
  year={2021}
}

@inproceedings{Ghosh_2023,
  title={Probabilistically robust conformal prediction},
  author={Ghosh, Subhankar and Shi, Yuanjie and Belkhouja, Taha and Yan, Yan and Doppa, Jana and Jones, Brian},
  booktitle={Uncertainty in Artificial Intelligence},
  pages={681--690},
  year={2023},
  organization={PMLR}
}

@article{Gibbs_2021,
  title={Adaptive conformal inference under distribution shift},
  author={Gibbs, Isaac and Candes, Emmanuel},
  journal={Advances in Neural Information Processing Systems},
  volume={34},
  pages={1660--1672},
  year={2021}
}

@article{Gibbs_2022,
  title={Conformal inference for online prediction with arbitrary distribution shifts},
  author={Gibbs, Isaac and Cand{\`e}s, Emmanuel J},
  journal={Journal of Machine Learning Research},
  volume={25},
  number={162},
  pages={1--36},
  year={2024}
}

@article{Gui_2022,
  title={Conformalized survival analysis with adaptive cut-offs},
  author={Gui, Yu and Hore, Rohan and Ren, Zhimei and Barber, Rina Foygel},
  journal={Biometrika},
  volume={111},
  number={2},
  pages={459--477},
  year={2024},
  publisher={Oxford University Press}
}

@article{Kumar_2020,
  title={Certifying confidence via randomized smoothing},
  author={Kumar, Aounon and Levine, Alexander and Feizi, Soheil and Goldstein, Tom},
  journal={Advances in Neural Information Processing Systems},
  volume={33},
  pages={5165--5177},
  year={2020}
}

@article{Lei_2021,
  title={Conformal inference of counterfactuals and individual treatment effects},
  author={Lei, Lihua and Cand{\`e}s, Emmanuel J},
  journal={Journal of the Royal Statistical Society Series B: Statistical Methodology},
  volume={83},
  number={5},
  pages={911--938},
  year={2021},
  publisher={Oxford University Press}
}

@article{Mao_2022,
  title={Valid model-free spatial prediction},
  author={Mao, Huiying and Martin, Ryan and Reich, Brian J},
  journal={Journal of the American Statistical Association},
  volume={119},
  number={546},
  pages={904--914},
  year={2024},
  publisher={Taylor \& Francis}
}

@inproceedings{Podkopaev_2021,
  title={Distribution-free uncertainty quantification for classification under label shift},
  author={Podkopaev, Aleksandr and Ramdas, Aaditya},
  booktitle={Uncertainty in artificial intelligence},
  pages={844--853},
  year={2021},
  organization={PMLR}
}

@inproceedings{Xu_2021,
  title={Conformal prediction interval for dynamic time-series},
  author={Xu, Chen and Xie, Yao},
  booktitle={International Conference on Machine Learning},
  pages={11559--11569},
  year={2021},
  organization={PMLR}
}

@inproceedings{Xu_2023,
  title={Sequential predictive conformal inference for time series},
  author={Xu, Chen and Xie, Yao},
  booktitle={International Conference on Machine Learning},
  pages={38707--38727},
  year={2023},
  organization={PMLR}
}

@article{Yan_2024,
  title={Provably robust conformal prediction with improved efficiency},
  author={Yan, Ge and Romano, Yaniv and Weng, Tsui-Wei},
  journal={arXiv preprint arXiv:2404.19651},
  year={2024}
}

@inproceedings{Zaffran_2022,
  title={Adaptive conformal predictions for time series},
  author={Zaffran, Margaux and F{\'e}ron, Olivier and Goude, Yannig and Josse, Julie and Dieuleveut, Aymeric},
  booktitle={International Conference on Machine Learning},
  pages={25834--25866},
  year={2022},
  organization={PMLR}
}

@article{Zargarbashi_2024,
  title={Robust yet efficient conformal prediction sets},
  author={Zargarbashi, Soroush H and Akhondzadeh, Mohammad Sadegh and Bojchevski, Aleksandar},
  journal={arXiv preprint arXiv:2407.09165},
  year={2024}
}

@article{cauchois2024robust,
  title={Robust validation: Confident predictions even when distributions shift},
  author={Cauchois, Maxime and Gupta, Suyash and Ali, Alnur and Duchi, John C},
  journal={Journal of the American Statistical Association},
  pages={1--66},
  year={2024},
  publisher={Taylor \& Francis}
}

@inproceedings{chernozhukov_2018,
  title={Exact and robust conformal inference methods for predictive machine learning with dependent data},
  author={Chernozhukov, Victor and W{\"u}thrich, Kaspar and Yinchu, Zhu},
  booktitle={Conference On learning theory},
  pages={732--749},
  year={2018},
  organization={PMLR}
}

@article{tibshirani2019conformal,
  title={Conformal prediction under covariate shift},
  author={Tibshirani, Ryan J and Foygel Barber, Rina and Candes, Emmanuel and Ramdas, Aaditya},
  journal={Advances in neural information processing systems},
  volume={32},
  year={2019}
}

