%%%%%%%%%%%%%%%%%%%%%%%%%%%%%%%%%%%%%%%%%%%%%%%%%%%%%%%%%%
%%%%%%%%%%%% CP fundementals %%%%%%%%%%%%

@inproceedings{papadopoulos2002inductive,
  title={Inductive confidence machines for regression},
  author={Papadopoulos, Harris and Proedrou, Kostas and Vovk, Volodya and Gammerman, Alex},
  booktitle={Machine learning: ECML 2002: 13th European conference on machine learning Helsinki, Finland, August 19--23, 2002 proceedings 13},
  pages={345--356},
  year={2002},
  organization={Springer}
}

@article{angelopoulos2024theoretical,
  title={Theoretical foundations of conformal prediction},
  author={Angelopoulos, Anastasios N and Barber, Rina Foygel and Bates, Stephen},
  journal={arXiv preprint arXiv:2411.11824},
  year={2024}
}

@inproceedings{lu2022fair,
  title={Fair conformal predictors for applications in medical imaging},
  author={Lu, Charles and Lemay, Andr{\'e}anne and Chang, Ken and H{\"o}bel, Katharina and Kalpathy-Cramer, Jayashree},
  booktitle={Proceedings of the AAAI Conference on Artificial Intelligence},
  volume={36},
  number={11},
  pages={12008--12016},
  year={2022}
}

@article{vazquez2022conformal,
  title={Conformal prediction in clinical medical sciences},
  author={Vazquez, Janette and Facelli, Julio C},
  journal={Journal of Healthcare Informatics Research},
  volume={6},
  number={3},
  pages={241--252},
  year={2022},
  publisher={Springer}
}

@inproceedings{wisniewski2020application,
  title={Application of conformal prediction interval estimations to market makers’ net positions},
  author={Wisniewski, Wojciech and Lindsay, David and Lindsay, Sian},
  booktitle={Conformal and probabilistic prediction and applications},
  pages={285--301},
  year={2020},
  organization={PMLR}
}

@inproceedings{lindemann2023conformal,
  title={Conformal prediction for stl runtime verification},
  author={Lindemann, Lars and Qin, Xin and Deshmukh, Jyotirmoy V and Pappas, George J},
  booktitle={Proceedings of the ACM/IEEE 14th International Conference on Cyber-Physical Systems (with CPS-IoT Week 2023)},
  pages={142--153},
  year={2023}
}

@article{lindemann2023safe,
  title={Safe planning in dynamic environments using conformal prediction},
  author={Lindemann, Lars and Cleaveland, Matthew and Shim, Gihyun and Pappas, George J},
  journal={IEEE Robotics and Automation Letters},
  year={2023},
  publisher={IEEE}
}

@article{rahmani2023assessing,
  title={Assessing the effects of data drift on the performance of machine learning models used in clinical sepsis prediction},
  author={Rahmani, Keyvan and Thapa, Rahul and Tsou, Peiling and Chetty, Satish Casie and Barnes, Gina and Lam, Carson and Tso, Chak Foon},
  journal={International Journal of Medical Informatics},
  volume={173},
  pages={104930},
  year={2023},
  publisher={Elsevier}
}

@inproceedings{moosavi2017universal,
  title={Universal adversarial perturbations},
  author={Moosavi-Dezfooli, Seyed-Mohsen and Fawzi, Alhussein and Fawzi, Omar and Frossard, Pascal},
  booktitle={Proceedings of the IEEE conference on computer vision and pattern recognition},
  pages={1765--1773},
  year={2017}
}

@article{Aolaritei_2023,
  title={Distributional uncertainty propagation via optimal transport},
  author={Aolaritei, Liviu and Lanzetti, Nicolas and Chen, Hongruyu and D{\"o}rfler, Florian},
  journal={IEEE Transactions on Automatic Cntrol (Forthcoming)},
  year={2025}
}

@article{Bates_2023,
  title={Conformal prediction: A gentle introduction},
  author={Angelopoulos, Anastasios N and Bates, Stephen and others},
  journal={Foundations and Trends{\textregistered} in Machine Learning},
  volume={16},
  number={4},
  pages={494--591},
  year={2023},
  publisher={Now Publishers, Inc.}
}


@article{Bastani_2022,
  title={Practical adversarial multivalid conformal prediction},
  author={Bastani, Osbert and Gupta, Varun and Jung, Christopher and Noarov, Georgy and Ramalingam, Ramya and Roth, Aaron},
  journal={Advances in Neural Information Processing Systems},
  volume={35},
  pages={29362--29373},
  year={2022}
}

@article{Fannjiang_2022,
  title={Conformal prediction under feedback covariate shift for biomolecular design},
  author={Fannjiang, Clara and Bates, Stephen and Angelopoulos, Anastasios N and Listgarten, Jennifer and Jordan, Michael I},
  journal={Proceedings of the National Academy of Sciences},
  volume={119},
  number={43},
  pages={e2204569119},
  year={2022},
  publisher={National Acad Sciences}
}

@inproceedings{Feldman_2023,
  title={Conformal prediction is robust to dispersive label noise},
  author={Feldman, Shai and Einbinder, Bat-Sheva and Bates, Stephen and Angelopoulos, Anastasios N and Gendler, Asaf and Romano, Yaniv},
  booktitle={Conformal and Probabilistic Prediction with Applications},
  pages={624--626},
  year={2023},
  organization={PMLR}
}


@incollection{figalli2024introduction,
  title={An Introduction to Optimal Transport and Wasserstein Gradient Flows},
  author={Figalli, Alessio},
  booktitle={Optimal Transport on Quantum Structures},
  pages={1--28},
  year={2024},
  publisher={Springer}
}

@inproceedings{Gendler_2022,
  title={Adversarially robust conformal prediction},
  author={Gendler, Asaf and Weng, Tsui-Wei and Daniel, Luca and Romano, Yaniv},
  booktitle={International Conference on Learning Representations},
  year={2021}
}


@article{Lei_2018,
  title={Distribution-free predictive inference for regression},
  author={Lei, Jing and G’Sell, Max and Rinaldo, Alessandro and Tibshirani, Ryan J and Wasserman, Larry},
  journal={Journal of the American Statistical Association},
  volume={113},
  number={523},
  pages={1094--1111},
  year={2018},
  publisher={Taylor \& Francis}
}


@inproceedings{Lekeufack_2024,
  title={Conformal decision theory: Safe autonomous decisions from imperfect predictions},
  author={Lekeufack, Jordan and Angelopoulos, Anastasios N and Bajcsy, Andrea and Jordan, Michael I and Malik, Jitendra},
  booktitle={2024 IEEE International Conference on Robotics and Automation (ICRA)},
  pages={11668--11675},
  year={2024},
  organization={IEEE}
}

@article{Vovk_2008,
  title={A tutorial on conformal prediction.},
  author={Shafer, Glenn and Vovk, Vladimir},
  journal={Journal of Machine Learning Research},
  volume={9},
  number={3},
  year={2008}
}

@book{Vovk_2005,
  title={Algorithmic learning in a random world},
  author={Vovk, Vladimir and Gammerman, Alexander and Shafer, Glenn},
  volume={29},
  year={2005},
  publisher={Springer}
}


%%%%%%%%%%%%%%%%%%%%%%%%%%%%%%%%%%%%%%%%%%%%%%%%%%%%%%%%%%%%%%%%%%%%%%%%%%%%%%%%%%%%%%%%%%%%%%%%%%%%%%%%%%%%%%%%



%%%%%%%%%%%%%%%%%%%%%%%%%%%%%%%%%%%%%%%%%%%%%%%%%%%%%%%%%%
%%%%%%%%%%%% Measure of discrepancies %%%%%%%%%%%%

@article{Altschuler_2023,
  title={Shifted composition I: Harnack and reverse transport inequalities},
  author={Altschuler, Jason M and Chewi, Sinho},
  journal={IEEE Transactions on Information Theory},
  year={2024},
  publisher={IEEE}
}


@article{Bennouna_2023,
  title={Holistic robust data-driven decisions},
  author={Bennouna, Amine and Van Parys, Bart},
  journal={arXiv preprint arXiv:2207.09560},
  year={2022}
}

@inproceedings{Feldman_2018,
  title={Privacy amplification by iteration},
  author={Feldman, Vitaly and Mironov, Ilya and Talwar, Kunal and Thakurta, Abhradeep},
  booktitle={2018 IEEE 59th Annual Symposium on Foundations of Computer Science (FOCS)},
  pages={521--532},
  year={2018},
  organization={IEEE}
}

%%%%%%%%%%%%%%%%%%%%%%%%%%%%%%%%%%%%%%%%%%%%%%%%%%%%%%%%%%%%%%%%%%%%%%%%%%%%%%%%%%%%%%%%%%%%%%%%%%%%%%%%%%%%%%%%




%%%%%%%%%%%%%%%%%%%%%%%%%%%%%%%%%%%%%%%%%%%%%%%%%%%%%%%%%%
%%%%%%%%%%%% Discrepancy robust CP %%%%%%%%%%%%


@article{cauchois2024robust,
  title={Robust validation: Confident predictions even when distributions shift},
  author={Cauchois, Maxime and Gupta, Suyash and Ali, Alnur and Duchi, John C},
  journal={Journal of the American Statistical Association},
  pages={1--66},
  year={2024},
  publisher={Taylor \& Francis}
}
%%%%%%%%%%%%%%%%%%%%%%%%%%%%%%%%%%%%%%%%%%%%%%%%%%%%%%%%%%%%%%%%%%%%%%%%%%%%%%%%%%%%%%%%%%%%%%%%%%%%%%%%%%%%%%%%



%%%%%%%%%%%%%%%%%%%%%%%%%%%%%%%%%%%%%%%%%%%%%%%%%%%%%%%%%%
%%%%%%%%%%%% Adversarial robust CP %%%%%%%%%%%%

@inproceedings{Cohen_2019,
  title={Certified adversarial robustness via randomized smoothing},
  author={Cohen, Jeremy and Rosenfeld, Elan and Kolter, Zico},
  booktitle={international conference on machine learning},
  pages={1310--1320},
  year={2019},
  organization={PMLR}
}

@article{Kumar_2020,
  title={Certifying confidence via randomized smoothing},
  author={Kumar, Aounon and Levine, Alexander and Feizi, Soheil and Goldstein, Tom},
  journal={Advances in Neural Information Processing Systems},
  volume={33},
  pages={5165--5177},
  year={2020}
}

@article{Hechtlinger_2019,
  title={Cautious deep learning},
  author={Hechtlinger, Yotam and P{\'o}czos, Barnab{\'a}s and Wasserman, Larry},
  journal={arXiv preprint arXiv:1805.09460},
  year={2018}
}


@article{Zargarbashi_2024,
  title={Robust yet efficient conformal prediction sets},
  author={Zargarbashi, Soroush H and Akhondzadeh, Mohammad Sadegh and Bojchevski, Aleksandar},
  journal={arXiv preprint arXiv:2407.09165},
  year={2024}
}


@article{Yan_2024,
  title={Provably robust conformal prediction with improved efficiency},
  author={Yan, Ge and Romano, Yaniv and Weng, Tsui-Wei},
  journal={arXiv preprint arXiv:2404.19651},
  year={2024}
}


@article{Clarkson_2024,
  title={Split Conformal Prediction under Data Contamination},
  author={Clarkson, Jase and Xu, Wenkai and Cucuringu, Mihai and Reinert, Gesine},
  journal={arXiv preprint arXiv:2407.07700},
  year={2024}
}


@inproceedings{Ghosh_2023,
  title={Probabilistically robust conformal prediction},
  author={Ghosh, Subhankar and Shi, Yuanjie and Belkhouja, Taha and Yan, Yan and Doppa, Jana and Jones, Brian},
  booktitle={Uncertainty in Artificial Intelligence},
  pages={681--690},
  year={2023},
  organization={PMLR}
}

%%%%%%%%%%%%%%%%%%%%%%%%%%%%%%%%%%%%%%%%%%%%%%%%%%%%%%%%%%%%%%%%%%%%%%%%%%%%%%%%%%%%%%%%%%%%%%%%%%%%%%%%%%%%%%%%




%%%%%%%%%%%%%%%%%%%%%%%%%%%%%%%%%%%%%%%%%%%%%%%%%%%%%%%%%%
%%%%%%%%%%%% Weighted robust CP %%%%%%%%%%%%

@article{Barber_2023,
  title={Conformal prediction beyond exchangeability},
  author={Barber, Rina Foygel and Candes, Emmanuel J and Ramdas, Aaditya and Tibshirani, Ryan J},
  journal={The Annals of Statistics},
  volume={51},
  number={2},
  pages={816--845},
  year={2023},
  publisher={Institute of Mathematical Statistics}
}


@article{Rohan_2024,
  title={Conformal prediction with local weights: randomization enables robust guarantees},
  author={Hore, Rohan and Barber, Rina Foygel},
  journal={Journal of the Royal Statistical Society Series B: Statistical Methodology},
  pages={qkae103},
  year={2024},
  publisher={Oxford University Press UK}
}


@article{Mao_2022,
  title={Valid model-free spatial prediction},
  author={Mao, Huiying and Martin, Ryan and Reich, Brian J},
  journal={Journal of the American Statistical Association},
  volume={119},
  number={546},
  pages={904--914},
  year={2024},
  publisher={Taylor \& Francis}
}


@inproceedings{Podkopaev_2021,
  title={Distribution-free uncertainty quantification for classification under label shift},
  author={Podkopaev, Aleksandr and Ramdas, Aaditya},
  booktitle={Uncertainty in artificial intelligence},
  pages={844--853},
  year={2021},
  organization={PMLR}
}



@article{Tibshirani_2023,
  title={Conformal prediction beyond exchangeability},
  author={Barber, Rina Foygel and Candes, Emmanuel J and Ramdas, Aaditya and Tibshirani, Ryan J},
  journal={The Annals of Statistics},
  volume={51},
  number={2},
  pages={816--845},
  year={2023},
  publisher={Institute of Mathematical Statistics}
}


@article{Candes_2023,
  title={Conformalized survival analysis},
  author={Cand{\`e}s, Emmanuel and Lei, Lihua and Ren, Zhimei},
  journal={Journal of the Royal Statistical Society Series B: Statistical Methodology},
  volume={85},
  number={1},
  pages={24--45},
  year={2023},
  publisher={Oxford University Press US}
}


@article{Gui_2022,
  title={Conformalized survival analysis with adaptive cut-offs},
  author={Gui, Yu and Hore, Rohan and Ren, Zhimei and Barber, Rina Foygel},
  journal={Biometrika},
  volume={111},
  number={2},
  pages={459--477},
  year={2024},
  publisher={Oxford University Press}
}


%%%%%%%%%%%%%%%%%%%%%%%%%%%%%%%%%%%%%%%%%%%%%%%%%%%%%%%%%%%%%%%%%%%%%%%%%%%%%%%%%%%%%%%%%%%%%%%%%%%%%%%%%%%%%%%%



%%%%%%%%%%%% Adaptive/online CP %%%%%%%%%%%%

@article{Gibbs_2021,
  title={Adaptive conformal inference under distribution shift},
  author={Gibbs, Isaac and Candes, Emmanuel},
  journal={Advances in Neural Information Processing Systems},
  volume={34},
  pages={1660--1672},
  year={2021}
}


@article{Gibbs_2022,
  title={Conformal inference for online prediction with arbitrary distribution shifts},
  author={Gibbs, Isaac and Cand{\`e}s, Emmanuel J},
  journal={Journal of Machine Learning Research},
  volume={25},
  number={162},
  pages={1--36},
  year={2024}
}


@inproceedings{Zaffran_2022,
  title={Adaptive conformal predictions for time series},
  author={Zaffran, Margaux and F{\'e}ron, Olivier and Goude, Yannig and Josse, Julie and Dieuleveut, Aymeric},
  booktitle={International Conference on Machine Learning},
  pages={25834--25866},
  year={2022},
  organization={PMLR}
}


@inproceedings{Xu_2021,
  title={Conformal prediction interval for dynamic time-series},
  author={Xu, Chen and Xie, Yao},
  booktitle={International Conference on Machine Learning},
  pages={11559--11569},
  year={2021},
  organization={PMLR}
}


@inproceedings{Xu_2023,
  title={Sequential predictive conformal inference for time series},
  author={Xu, Chen and Xie, Yao},
  booktitle={International Conference on Machine Learning},
  pages={38707--38727},
  year={2023},
  organization={PMLR}
}


@inproceedings{chernozhukov_2018,
  title={Exact and robust conformal inference methods for predictive machine learning with dependent data},
  author={Chernozhukov, Victor and W{\"u}thrich, Kaspar and Yinchu, Zhu},
  booktitle={Conference On learning theory},
  pages={732--749},
  year={2018},
  organization={PMLR}
}



@article{Kim_2020,
  title={Predictive inference is free with the jackknife+-after-bootstrap},
  author={Kim, Byol and Xu, Chen and Barber, Rina},
  journal={Advances in Neural Information Processing Systems},
  volume={33},
  pages={4138--4149},
  year={2020}
}



aaron roth
%%%%%%%%%%%%%%%%%%%%%%%%%%%%%%%%%%%%%%%%%%%%%%%%%%%%%%%%%%%%%%%%%%%%%%%%%%%%%%%%%%%%%%%%%%%%%%%%%%%%%%%%%%%%%%%%

@article{Foygel_2020,
  title={The limits of distribution-free conditional predictive inference},
  author={Foygel Barber, Rina and Candes, Emmanuel J and Ramdas, Aaditya and Tibshirani, Ryan J},
  journal={Information and Inference: A Journal of the IMA},
  volume={10},
  number={2},
  pages={455--482},
  year={2021},
  publisher={Oxford University Press}
}


@article{Lei_2021,
  title={Conformal inference of counterfactuals and individual treatment effects},
  author={Lei, Lihua and Cand{\`e}s, Emmanuel J},
  journal={Journal of the Royal Statistical Society Series B: Statistical Methodology},
  volume={83},
  number={5},
  pages={911--938},
  year={2021},
  publisher={Oxford University Press}
}


@article{Angelopoulos_2023,
  title={Conformal risk control},
  author={Angelopoulos, Anastasios N and Bates, Stephen and Fisch, Adam and Lei, Lihua and Schuster, Tal},
  journal={arXiv preprint arXiv:2208.02814},
  year={2022}
}



%%%%%%%%%%%%%%%%%%%%Experiment%%%%%%%%%%%%%%%%%%%%%%%

@inproceedings{Recht_19,
  title={Do imagenet classifiers generalize to imagenet?},
  author={Recht, Benjamin and Roelofs, Rebecca and Schmidt, Ludwig and Shankar, Vaishaal},
  booktitle={International conference on machine learning},
  pages={5389--5400},
  year={2019},
  organization={PMLR}
}


@article{strassen1965existence,
  title={The existence of probability measures with given marginals},
  author={Strassen, Volker},
  journal={The Annals of Mathematical Statistics},
  volume={36},
  number={2},
  pages={423--439},
  year={1965},
  publisher={Institute of Mathematical Statistics}
}

@article{tibshirani2019conformal,
  title={Conformal prediction under covariate shift},
  author={Tibshirani, Ryan J and Foygel Barber, Rina and Candes, Emmanuel and Ramdas, Aaditya},
  journal={Advances in neural information processing systems},
  volume={32},
  year={2019}
}


@book{villani2009optimal,
  title={Optimal transport: old and new},
  author={Villani, C{\'e}dric and others},
  volume={338},
  year={2009},
  publisher={Springer}
}

@misc{kuhn2024distributionally,
  title={Distributionally Robust Optimization}, 
  author={Daniel Kuhn and Soroosh Shafiee and Wolfram Wiesemann},
  journal={arXiv preprint arXiv:2411.02549},
  year={2024}
}


@article{Beery_2020,
    title={The iWildCam 2020 Competition Dataset},
    author={Beery, Sara and Cole, Elijah and Gjoka, Arvi},
    journal={arXiv preprint arXiv:2004.10340},
    year={2020}
}

@inproceedings{Li_2009,
  title={Imagenet: A large-scale hierarchical image database},
  author={Deng, Jia and Dong, Wei and Socher, Richard and Li, Li-Jia and Li, Kai and Fei-Fei, Li},
  booktitle={2009 IEEE conference on computer vision and pattern recognition},
  pages={248--255},
  year={2009},
  organization={Ieee}
}


@article{Lecun_1998,
  title={The MNIST database of handwritten digits},
  author={LeCun, Yann},
  journal={http://yann. lecun. com/exdb/mnist/},
  year={1998}
}



@article{Angelopoulos_2024,
  title={Theoretical foundations of conformal prediction},
  author={Angelopoulos, Anastasios N and Barber, Rina Foygel and Bates, Stephen},
  journal={arXiv preprint arXiv:2411.11824},
  year={2024}
}


@inproceedings{Koh_2021,
  title={Wilds: A benchmark of in-the-wild distribution shifts},
  author={Koh, Pang Wei and Sagawa, Shiori and Marklund, Henrik and Xie, Sang Michael and Zhang, Marvin and Balsubramani, Akshay and Hu, Weihua and Yasunaga, Michihiro and Phillips, Richard Lanas and Gao, Irena and others},
  booktitle={International conference on machine learning},
  pages={5637--5664},
  year={2021},
  organization={PMLR}
}


@article{fannjiang2022conformal,
  title={Conformal prediction under feedback covariate shift for biomolecular design},
  author={Fannjiang, Clara and Bates, Stephen and Angelopoulos, Anastasios N and Listgarten, Jennifer and Jordan, Michael I},
  journal={Proceedings of the National Academy of Sciences},
  volume={119},
  number={43},
  pages={e2204569119},
  year={2022},
  publisher={National Acad Sciences}
}

@article{krizhevsky2009learning,
title = {Learning multiple layers of features from tiny images},
author = {Alex Krizhevsky},
Journal = {Technical Report TR-2009},
year = {2009},
}