@inproceedings{abburu2020cognitive,
  title={Cognitive Digital Twins for the Process Industry},
  author={Abburu, Sailesh and Berre, AJ and Jacoby, M and Roman, D and Stojanovic, L and Stojanovic, Nenad},
  booktitle={Proceedings of the The Twelfth International Conference on Advanced Cognitive Technologies and Applications (COGNITIVE 2020), Nice, France},
  pages={25--29},
  year={2020}
}

@inproceedings{bellas2006adaptive,
  title={Adaptive learning application of the MDB evolutionary cognitive architecture in physical agents},
  author={Bellas, Francisco and Fai{\~n}a, Andr{\'e}s and Prieto, Abraham and Duro, Richard J},
  booktitle={International Conference on Simulation of Adaptive Behavior},
  pages={434--445},
  year={2006},
  organization={Springer}
}

@article{bellas2010multilevel,
  title={Multilevel darwinist brain (mdb): Artificial evolution in a cognitive architecture for real robots},
  author={Bellas, Francisco and Duro, Richard J and Fai{\~n}a, Andr{\'e}s and Souto, Daniel},
  journal={IEEE Transactions on autonomous mental development},
  volume={2},
  number={4},
  pages={340--354},
  year={2010},
  publisher={IEEE}
}

@inproceedings{eirinakis2020enhancing,
  title={Enhancing cognition for digital twins},
  author={Eirinakis, Pavlos and Kalaboukas, Kostas and Lounis, Stavros and Mourtos, Ioannis and Ro{\v{z}}anec, Jo{\v{z}}e M and Stojanovic, Nenad and Zois, Georgios},
  booktitle={2020 IEEE International Conference on Engineering, Technology and Innovation (ICE/ITMC)},
  pages={1--7},
  year={2020},
  organization={IEEE}
}

@article{initiative2018symbiotic,
  title={Symbiotic Autonomous Systems},
  author={Initiative, An FDC},
  year={2018}
}

@inproceedings{rozanec2020towards,
  title={Towards Actionable Cognitive Digital Twins for Manufacturing.},
  author={Rozanec, Joze M and Jinzhi, Lu and Kosmerlj, Aljaz and Kenda, Klemen and Dimitris, Kiritsis and Jovanoski, Viktor and Rupnik, Jan and Karlovcec, Mario and Fortuna, Blaz}

@inproceedings{somers2020cognitive,
  title={Cognitive Twin: A Cognitive Approach to Personalized Assistants.},
  author={Somers, Sterling and Oltramari, Alessandro and Lebiere, Christian},
  booktitle={AAAI Spring Symposium: Combining Machine Learning with Knowledge Engineering (1)},
  year={2020}
}

@article{somerscognitive,
  title={Cognitive Twin: A Personal Assistant Embedded in a Cognitive Architecture},
  author={Somers, Sterling and Oltramari, Alessandro and Lebiere, Christian},
  year = {2021}
}

@article{zhang2020affective,
  title={An Affective Computing Multilayer Cognitive Architecture for Evolutionary Cognitive Robotics},
  author={Zhang, Zheming},
  year={2020},
  publisher={Victoria University of Wellington}
}

