% This file was created with JabRef 2.9.2.
% Encoding: MacRoman



@BOOK{Haykin2008,
  title = {{Neural Networks and Learning Machines}},
  publisher = {Prentice Hall},
  year = {2008},
  author = {Haykin, S.},
  edition = {3}
}


@article{haykin1998making,
  title={Making sense of a complex world [chaotic events modeling]},
  author={Haykin, Simon and Principe, Jose},
  journal={IEEE Signal Processing Magazine},
  volume={15},
  number={3},
  pages={66--81},
  year={1998},
  publisher={IEEE}
}

%

@book{Sutton:1998:IRL:551283,
 author = {Sutton, Richard S. and Barto, Andrew G.},
 title = {Introduction to Reinforcement Learning},
 year = {1998},
 isbn = {0262193981},
 edition = {1st},
 publisher = {MIT Press}
} 

@BOOK{Russell:2003:AIM:773294,
 author = {Russell, Stuart J. and Norvig, Peter},
 title = {Artificial Intelligence: A Modern Approach},
 year = {2003},
 isbn = {0137903952},
 edition = {2},
 publisher = {Pearson Education},
} 

@book{Haykin:1998:NNC:521706,
 author = {Haykin, Simon},
 title = {Neural Networks: A Comprehensive Foundation},
 year = {1998},
 isbn = {0132733501},
 edition = {2nd},
 publisher = {Prentice Hall PTR},
} 




@article {COGS:COGS132,
author = {Newell, Allen},
title = {Physical Symbol Systems*},
journal = {Cognitive Science},
volume = {4},
number = {2},
publisher = {Lawrence Erlbaum Associates, Inc.},
issn = {1551-6709},
doi = {10.1207/s15516709cog0402_2},
pages = {135--183},
year = {1980},
}

@article{newell1992,
title = "Pr{\' e}cis of Unified theories of cognition",
doi = "10.1017/S0140525X00069478",
publisher = "Cambridge University Press",
author = "Allen Newell",
volume = "15",
number = "3",
pages = "425-437",
year = "1992",
month = "009",
day = "001",
journal = "Behavioral and Brain Sciences"
}

@inproceedings{Mtzlr2011,
  author = "Metzler, Torsten and Shea, Kristina",
  editor = "Culley, Steve J. and Desing Society and et al.",
  title = "{T}axonomy of {C}ognitive {F}unctions",
  booktitle = "Impacting society through engineering design : ICED 11 København, the 18th International Conference on Engineering Design; 15th - 18th August 2011, Technical University of Denmark (DTU), Copenhagen, Denmark : Human Behaviour in Design",
  year = 2011,
  volume = "7",
  pages = "330--",
}

@article{Baars2007955,
title = "An architectural model of conscious and unconscious brain functions: Global Workspace Theory and \{IDA\} ",
journal = "Neural Networks ",
volume = "20",
number = "9",
pages = "955 - 961",
year = "2007",
note = "Brain and ConsciousnessBrain and Consciousness ",
issn = "0893-6080",
doi = "http://dx.doi.org/10.1016/j.neunet.2007.09.013",
author = "Bernard J. Baars and Stan Franklin",
keywords = "Cognitive architecture",
keywords = "Global workspace theory",
keywords = "Conscious cognition",
keywords = "LIDA architecture ",
}

@inbook{citeulike:4462804,
    author = {Mitchell, M. and Hofstadter, D.},
    booktitle = {Fluid Concepts \& Analogies: Computer Models of the Fundamental Mechanisms of Thought},
    citeulike-article-id = {4462804},
    keywords = {artificial-intelligence},
    posted-at = {2009-05-04 23:33:47},
    priority = {2},
    publisher = {BasicBooks},
    title = {{The Copycat Project: A Model of Mental Fluidity and Analogy-making}},
    year = {1994}
}


@article{RAIZER2012,
  doi = {10.1142/s1793843012400197},
  year  = {2012},
  month = {dec},
  publisher = {World Scientific Pub Co Pte Lt},
  volume = {04},
  number = {02},
  pages = {335--352},
  author = {KLAUS RAIZER and ANDR{\'{E}} L. O. PARAENSE and RICARDO R. GUDWIN},
  title = {A {COGNITIVE} {ARCHITECTURE} {WITH} {INCREMENTAL} {LEVELS} {OF} {MACHINE} {CONSCIOUSNESS} {INSPIRED} {BY} {COGNITIVE} {NEUROSCIENCE}},
  journal = {International Journal of Machine Consciousness}
}

%minecraft & Malmo
@inproceedings{experimental-causal-view-information-integration-autonomous-agents,
author = {Geiger, Philipp and Hofmann, Katja and Schölkopf, Bernhard},
title = {Experimental and causal view on information integration in autonomous agents},
booktitle = {6th International Workshop on Combinations of Intelligent Methods and Applications},
year = {2016},
month = {August},
publisher = {},
address = {},
pages = {21--28},
journal = {},
volume = {},
chapter = {},
isbn = {},
}

@inproceedings{DBLP:conf/ijcai/JohnsonHHB16,
  author    = {Matthew Johnson and
               Katja Hofmann and
               Tim Hutton and
               David Bignell},
  title     = {The Malmo Platform for Artificial Intelligence Experimentation},
  booktitle = {Proceedings of the Twenty-Fifth International Joint Conference on
               Artificial Intelligence, {IJCAI} 2016, New York, NY, USA, 9-15 July
               2016},
  pages     = {4246--4247},
  year      = {2016},
  timestamp = {Fri, 15 Jul 2016 15:58:28 +0200},
  bibsource = {dblp computer science bibliography, http://dblp.org}
}

@InProceedings{bonnanoEtAl16.dlaiws.selectingSubgoals,
  author    = {Bonnano, D. and Roberts, M. and Smith, L. and Aha, D.W.},
  title     = {Selecting subgoals using deep learning in Minecraft: A preliminary report},
  booktitle = {Working Notes of the IJCAI-16 Workshop on Deep Learning and Artificial Intelligence},
  year      = {2016}
}

@inproceedings{Aluru2015MinecraftAA,
  title={Minecraft as an Experimental World for AI in Robotics},
  author={Krishna Aluru and Stefanie Tellex and John Oberlin and James Macglashan},
  year={2015}
}

@INPROCEEDINGS{6329841,
author={J. D. Bayliss},
booktitle={2012 IEEE International Games Innovation Conference},
title={Teaching game AI through Minecraft mods},
year={2012},
pages={1-4},
keywords={artificial intelligence;computer games;computer science education;educational courses;further education;teaching;Minecraft mods;artificial intelligence teaching;character behavior;commercial game environment;dynamic terrain generation;game AI course;game AI teaching;undergraduate elective;world events;Algorithm design and analysis;Artificial intelligence;Computer architecture;Games;Planning;Servers;Technological innovation;Minecraft;artificial intelligence;curriculum;game development},
doi={10.1109/IGIC.2012.6329841},
ISSN={2166-6741},
month={Sept},}

@article{Short2012tw,
	author = { Daniel Short },
	title = { Teaching Scientific Concepts Using a Virtual World--Minecraft },
	journal = { Teaching Science },
	volume = { 58 },
	number = { 3 },
	year = { 2012 },
	month = { September },
	pages = { 55--58 },
	issn = { 1449-6313 },
	abstract = { Minecraft is a multiplayer sandbox video game based in a virtual world modeled on the real world. Players are able to build and craft everyday items using blocks. The cubic geometry of Minecraft lends itself to the teaching of various academic subjects. Minecraft also has a functioning ecology, with chemistry and physics aspects interwoven within the game that can be used to develop the scientific literacy of players. Here I describe various key scientific and mathematical concepts that are able to be modelled with the game for use in the classroom. (Contains 6 figures.) }
}

@inproceedings{ian2016introduction,
author={Ian,Chen W. and Ong,Yew-Soon and Fernando,Owen N. N.},
editor={ },
year={2016},
title={Introduction of Artificial Intelligence through Fuzzy Logic in Minecraft},
publisher={Global Science and Technology Forum},
pages={14-20},
note={Copyright - Copyright Global Science and Technology Forum 2016; Document feature - Tables; Diagrams; Photographs; Graphs; ; Last updated - 2016-10-08},
abstract={Artificial Intelligence epitomizes the importance of analytical skills in programming. Yet, with the current education system, the secondary students are less exposed to advanced programming and Artificial Intelligence concepts. This study aims to evaluate the effectiveness of a modified Minecraft game as an avenue for youths to learn more about Artificial Intelligence while studying the performance of fuzzy logic in decision making of Artificial Intelligence in video games.},
keywords={Education--Computer Applications; Software; Trees; Artificial intelligence; Fuzzy logic; Reflective teaching; Decision making; Computer & video games; User generated content; Popularity; Natural language; Age groups; Singapore},
language={English}
} 

@article{pierresequential,
  title={Sequential decision making under uncertainty in randomly generated games},
  author={Pierre, Lorent and Ernst, D}
}

@article{DBLP:journals/corr/TesslerGZMM16,
  author    = {Chen Tessler and
               Shahar Givony and
               Tom Zahavy and
               Daniel J. Mankowitz and
               Shie Mannor},
  title     = {A Deep Hierarchical Approach to Lifelong Learning in Minecraft},
  journal   = {CoRR},
  volume    = {abs/1604.07255},
  year      = {2016},
  timestamp = {Mon, 02 May 2016 18:22:52 +0200},
  biburl    = {http://dblp.uni-trier.de/rec/bib/journals/corr/TesslerGZMM16},
  bibsource = {dblp computer science bibliography, http://dblp.org}
}



%Learning to Navigate in Complex Environments
@ARTICLE{2016arXiv161103673M,
   author = {{Mirowski}, P. and {Pascanu}, R. and {Viola}, F. and {Soyer}, H. and 
	{Ballard}, A.~J. and {Banino}, A. and {Denil}, M. and {Goroshin}, R. and 
	{Sifre}, L. and {Kavukcuoglu}, K. and {Kumaran}, D. and {Hadsell}, R.
	},
    title = "{Learning to Navigate in Complex Environments}",
  journal = {ArXiv e-prints},
archivePrefix = "arXiv",
   eprint = {1611.03673},
 primaryClass = "cs.AI",
 keywords = {Computer Science - Artificial Intelligence, Computer Science - Computer Vision and Pattern Recognition, Computer Science - Learning, Computer Science - Robotics},
     year = 2016,
    month = nov,
  adsnote = {Provided by the SAO/NASA Astrophysics Data System}
}

%Learning to Act by Predicting the Future
@ARTICLE{2016arXiv161101779D,
   author = {{Dosovitskiy}, A. and {Koltun}, V.},
    title = "{Learning to Act by Predicting the Future}",
  journal = {ArXiv e-prints},
archivePrefix = "arXiv",
   eprint = {1611.01779},
 primaryClass = "cs.LG",
 keywords = {Computer Science - Learning, Computer Science - Artificial Intelligence, Computer Science - Computer Vision and Pattern Recognition},
     year = 2016,
    month = nov,
  adsnote = {Provided by the SAO/NASA Astrophysics Data System}
}

%A Cognitive Control Architecture for an Artificial Creature using Episodic Memory
@INPROCEEDINGS{4108177,
author={N. S. Kuppuswamy and S. h. Cho and J. h. Kim},
booktitle={2006 SICE-ICASE International Joint Conference},
title={A Cognitive Control Architecture for an Artificial Creature using Episodic Memory},
year={2006},
pages={3104-3110},
keywords={cognitive systems;finite state machines;interactive systems;learning (artificial intelligence);multi-agent systems;robots;Rity artificial creature;Ubibot;behavior selection module;cognitive control architecture;episodic memory;episodic perceptual snapshots;finite state machines;interactive learning module;internal state module;memory module;motor module;multiagent strategy;perception module;six principal modules;software robot component;spatial learning;ubiquitous robot system;variant spatial map;Artificial intelligence;Cognitive robotics;Computer architecture;Control systems;Electronic mail;History;Intelligent robots;Memory architecture;Mobile robots;Orbital robotics;Artificial Creature;cognitive robotics;episodic memory;procedural memory},
doi={10.1109/SICE.2006.314799},
month={Oct},}

%Laird
@inbook{3c41ec1dce504d829b7599176b97e2ae,
title = "Cognitive architecture requirements for achieving AGI",
author = "Laird, {John E.} and Wray, {Robert E.}",
year = "2010",
isbn = "9789078677369",
pages = "79--84",
booktitle = "Artificial General Intelligence - Proceedings of the Third Conference on Artificial General Intelligence, AGI 2010",

}


%artigode elisa
@article{Castro2013,
  doi = {10.4018/jse.2013010102},
  year  = {2013},
  month = {jan},
  publisher = {{IGI} Global},
  volume = {4},
  number = {1},
  pages = {32--64},
  author = {Elisa C. Castro and Ricardo R. Gudwin},
  title = {A Scene-Based Episodic Memory System for a Simulated Autonomous Creature},
  journal = {International Journal of Synthetic Emotions}
}

@inproceedings{Barron2016,
	    AUTHOR = "Barron, {Trevor} and Whitehead, {Matthew} and Yeung, {Alan}",
	    TITLE = "Deep Reinforcement Learning in a 3-D Blockworld Environment",
	    address={},
	    PUBLISHER = "Deep Reinforcement Learning: Frontiers and Challenges, IJCAI",
	    YEAR = "2016"
	    }
	    
@ARTICLE{Udagawa2016,
   author = {Udagawa, {Hiroto} and Narasimhan,{Tarun} and Lee, {Shim-Young}},
    title = "{Fighting Zombies in Minecraft With Deep Reinforcement Learning}",
  journal = {},
     year = 2016,
    month = dec,
  adsnote = {Stanford CS229 Machine Learning Autumn 2016}
}

@article{Tulving2002,
  doi = {10.1146/annurev.psych.53.100901.135114},
  year  = {2002},
  month = {feb},
  publisher = {Annual Reviews},
  volume = {53},
  number = {1},
  pages = {1--25},
  author = {Endel Tulving},
  title = {Episodic Memory: From Mind to Brain},
  journal = {Annual Review of Psychology}
}


@INPROCEEDINGS{Littman94markovgames,
    author = {Michael L. Littman},
    title = {Markov games as a framework for multi-agent reinforcement learning},
    booktitle = {IN PROCEEDINGS OF THE ELEVENTH INTERNATIONAL CONFERENCE ON MACHINE LEARNING},
    year = {1994},
    pages = {157--163},
    publisher = {Morgan Kaufmann}
}

@INPROCEEDINGS{Sutton96generalizationin,
    author = {Richard S. Sutton},
    title = {Generalization in Reinforcement Learning: Successful Examples Using Sparse Coarse Coding},
    booktitle = {Advances in Neural Information Processing Systems 8},
    year = {1996},
    pages = {1038--1044},
    publisher = {MIT Press}
}


@article{Kaelbling:1996:RLS:1622737.1622748,
 author = {Kaelbling, Leslie Pack and Littman, Michael L. and Moore, Andrew W.},
 title = {Reinforcement Learning: A Survey},
 journal = {J. Artif. Int. Res.},
 issue_date = {Jnauary 1996},
 volume = {4},
 number = {1},
 month = may,
 year = {1996},
 issn = {1076-9757},
 pages = {237--285},
 numpages = {49},
 acmid = {1622748},
 publisher = {AI Access Foundation}
} 






@article{Paraense201632,
title = "The cognitive systems toolkit and the \{CST\} reference cognitive architecture ",
journal = "Biologically Inspired Cognitive Architectures ",
volume = "17",
number = "",
pages = "32 - 48",
year = "2016",
note = "",
issn = "2212-683X",
doi = "http://dx.doi.org/10.1016/j.bica.2016.07.005",
url = "//www.sciencedirect.com/science/article/pii/S2212683X1630038X",
author = "André L.O. Paraense and Klaus Raizer and Suelen M. de Paula and Eric Rohmer and Ricardo R. Gudwin",
}

@book{Hagan:1997:NND:249049,
 author = {Hagan, Martin T. and Demuth, Howard B. and Beale, Mark},
 title = {Neural Network Design},
 year = {1996},
 isbn = {0-534-94332-2},
 publisher = {PWS Publishing Co.}
}

@article{Krishnamurthy2016HierarchicalRL,
  title={Hierarchical Reinforcement Learning using Spatio-Temporal Abstractions and Deep Neural Networks},
  author={Ramnandan Krishnamurthy and Aravind S. Lakshminarayanan and Peeyush Kumar and Balaraman Ravindran},
  journal={CoRR},
  year={2016},
  volume={abs/1605.05359}
}

@inproceedings{Oh2016ControlOM,
  title={Control of Memory, Active Perception, and Action in Minecraft},
  author={Junhyuk Oh and Valliappa Chockalingam and Satinder P. Singh and Honglak Lee},
  booktitle={ICML},
  year={2016}
}

%include
@article{Tulving1973,
  doi = {10.1037/h0020071},
  year  = {1973},
  publisher = {American Psychological Association ({APA})},
  volume = {80},
  number = {5},
  pages = {352--373},
  author = {Endel Tulving and Donald M. Thomson},
  title = {Encoding specificity and retrieval processes in episodic memory.},
  journal = {Psychological Review}
}

%SOAR EP-Men
@Inbook{Derbinsky2009,
author="Derbinsky, Nate
and Laird, John E.",
editor="McGinty, Lorraine
and Wilson, David C.",
title="Efficiently Implementing Episodic Memory",
bookTitle="Case-Based Reasoning Research and Development: 8th International Conference on Case-Based Reasoning, ICCBR 2009 Seattle, WA, USA, July 20-23, 2009 Proceedings",
year="2009",
publisher="Springer Berlin Heidelberg",
pages="403--417",
isbn="978-3-642-02998-1",
doi="10.1007/978-3-642-02998-1_29"
}

@Inbook{Li2015,
author="Li, Francis
and Frost, Jesse
and Phillips, Braden J.",
editor="Pfahringer, Bernhard
and Renz, Jochen",
title="An Episodic Memory Retrieval Algorithm for the Soar Cognitive Architecture",
bookTitle="AI 2015: Advances in Artificial Intelligence: 28th Australasian Joint Conference, Canberra, ACT, Australia, November 30 -- December 4, 2015, Proceedings",
year="2015",
publisher="Springer International Publishing",
pages="343--355",
isbn="978-3-319-26350-2",
doi="10.1007/978-3-319-26350-2_30"
}

%Nuxoll
@inproceedings{Nuxoll:2007:ECA:1619797.1619895,
 author = {Nuxoll, Andrew M. and Laird, John E.},
 title = {Extending Cognitive Architecture with Episodic Memory},
 booktitle = {Proceedings of the 22Nd National Conference on Artificial Intelligence - Volume 2},
 series = {AAAI'07},
 year = {2007},
 isbn = {978-1-57735-323-2},
 location = {Vancouver, British Columbia, Canada},
 pages = {1560--1565},
 numpages = {6},
 acmid = {1619895},
 publisher = {AAAI Press},
} 

@book{gross2010psychology,
  title={Psychology: The Science of Mind and Behaviour},
  author={Gross, R.},
  isbn={9781444108316},
  lccn={2010286300},
  year={2010},
  publisher={Hodder Education}
}

@misc{skinner1938behaviour,
  title={The behaviour of organisms: An experimental analysis},
  author={Skinner, Burrhus Frederic},
  year={1938},
  publisher={D. Appleton-Century Company Incorporated}
}


@article{Touretzky:1997:OCS:261496.261497,
 author = {Touretzky, David S. and Saksida, Lisa M.},
 title = {Operant Conditioning in Skinnerbots},
 journal = {Adapt. Behav.},
 issue_date = {Winter/Spring 1997},
 volume = {5},
 number = {3-4},
 month = jan,
 year = {1997},
 issn = {1059-7123},
 pages = {219--247},
 numpages = {29},
 doi = {10.1177/105971239700500302},
 acmid = {261497},
 publisher = {MIT Press},
 keywords = {chaining, instrumental learning, learning robots, operant conditioning, shaping},
} 

@INPROCEEDINGS{5190044,
author={R. Hong-ge and R. Xiao-gang},
booktitle={2009 International Conference on Information Technology and Computer Science},
title={Self-Learning of Robot Based on Skinner's Operant Conditioning},
year={2009},
volume={1},
pages={175-178},
keywords={mobile robots;recurrent neural nets;unsupervised learning;Skinner operant conditioning;recurrent neural network;self-balancing mobile robot;self-learning;Animals;Educational robots;Humans;Information technology;Learning systems;Mobile robots;Recurrent neural networks;Robot control;Robot sensing systems;Robust control;Robustness;Skinner's operation conditioning;recurrent neural networks;self-balance control;self-learning;two-wheeled robot},
doi={10.1109/ITCS.2009.253},
month={July},}


@INPROCEEDINGS{7428710,
author={H. Jing and R. Xiaogang and X. Yao and Z. Xiaoping and L. Xiaoyang},
booktitle={2015 IEEE Advanced Information Technology, Electronic and Automation Control Conference (IAEAC)},
title={Operant conditioning model in autonomous navigation},
year={2015},
pages={1015-1019},
keywords={learning (artificial intelligence);mobile robots;navigation;path planning;position control;OCM;action set;autonomous navigation problem;learning mechanism;mobile robots;operant conditioning mechanism;operant conditioning model;operant conditioning principles;state set;system entropy;Biological system modeling;Decision support systems;Entropy;Learning (artificial intelligence);Mobile robots;Navigation;artificial intelligence;bionic learning;mobile robot;navigation;operant conditioning model},
doi={10.1109/IAEAC.2015.7428710},
month={Dec},}

@INPROCEEDINGS{5190292,
author={J. Cai and X. Ruan},
booktitle={2009 International Conference on Information Technology and Computer Science},
title={Self-Balance Control of Inverted Pendulum Based on Fuzzy Skinner Operant Conditioning},
year={2009},
volume={2},
pages={518-521},
keywords={fuzzy control;fuzzy reasoning;learning systems;nonlinear control systems;pendulums;position control;probabilistic automata;probability;unsupervised learning;fuzzy Skinner operant conditioning;fuzzy automata;fuzzy control;fuzzy inference;fuzzy rules;inverted pendulum;learning rapidity;online self-learning;operant conditioning learning system;probabilistic automata;probability;robustness;rule explosion problem;self-balance control;Automatic control;Automatic generation control;Fuzzy control;Fuzzy logic;Fuzzy neural networks;Fuzzy systems;Learning automata;Learning systems;Mathematical model;Robots;fuzzy rules;operant conditioning;probabilistic automata;self-balance control;self-learning},
doi={10.1109/ITCS.2009.241},
month={July},}

@ARTICLE{2015arXiv151105952S,
   author = {{Schaul}, T. and {Quan}, J. and {Antonoglou}, I. and {Silver}, D.
	},
    title = "{Prioritized Experience Replay}",
  journal = {ArXiv e-prints},
archivePrefix = "arXiv",
   eprint = {1511.05952},
 primaryClass = "cs.LG",
 keywords = {Computer Science - Learning},
     year = 2015,
    month = nov,
   adsurl = {http://adsabs.harvard.edu/abs/2015arXiv151105952S},
  adsnote = {Provided by the SAO/NASA Astrophysics Data System}
}

@phdthesis{watkins1989learning,
  title={Learning from delayed rewards},
  author={Watkins, Christopher John Cornish Hellaby},
  year={1989},
  school={King's College, Cambridge}
}

@book{Laird:2012:SCA:2222503,
 author = {Laird, John E.},
 title = {The Soar Cognitive Architecture},
 year = {2012},
 isbn = {0262122960, 9780262122962},
 publisher = {The MIT Press},
} 

@techreport{newell1961gps,
  title={GPS, a program that simulates human thought},
  author={Newell, Allen and Simon, Herbert Alexander},
  year={1961},
  institution={DTIC Document}
}


@article{simon1971human,
  title={Human problem solving: The state of the theory in 1970.},
  author={Simon, Herbert A and Newell, Allen},
  journal={American Psychologist},
  volume={26},
  number={2},
  pages={145},
  year={1971},
  publisher={American Psychological Association}
}

@article{anderson1989theory,
  title={A theory of the origins of human knowledge},
  author={Anderson, John R},
  journal={Artificial intelligence},
  volume={40},
  number={1-3},
  pages={313--351},
  year={1989},
  publisher={Elsevier}
}

@article{anderson2004integrated,
  title={An integrated theory of the mind.},
  author={Anderson, John R and Bothell, Daniel and Byrne, Michael D and Douglass, Scott and Lebiere, Christian and Qin, Yulin},
  journal={Psychological review},
  volume={111},
  number={4},
  pages={1036},
  year={2004},
  publisher={American Psychological Association}
}

@book{anderson2009can,
  title={How can the human mind occur in the physical universe?},
  author={Anderson, John R},
  year={2009},
  publisher={Oxford University Press}
}

@book{laird2012soar,
  title={The Soar cognitive architecture},
  author={Laird, John E},
  year={2012},
  publisher={MIT Press}
}

@article{laird1996evolution,
  title={The evolution of the Soar cognitive architecture},
  author={Laird, John E and Rosenbloom, Paul},
  journal={Mind matters: A tribute to Allen Newell},
  pages={1--50},
  year={1996},
  publisher={Mahwah, NJ: Lawrence Erlbaum}
}

@techreport{newell1989symbolic,
  title={Symbolic architectures for cognition},
  author={Newell, Allen and Rosenbloom, Paul S and Laird, John E},
  year={1989},
  institution={DTIC Document}
}

@incollection{sloman2002architecture,
  title={Architecture-based conceptions of mind},
  author={Sloman, Aaron},
  booktitle={In the Scope of Logic, Methodology and Philosophy of Science},
  pages={403--427},
  year={2002},
  publisher={Springer}
}

@article{sun2004desiderata,
  title={Desiderata for cognitive architectures},
  author={Sun, Ron},
  journal={Philosophical Psychology},
  volume={17},
  number={3},
  pages={341--373},
  year={2004},
  publisher={Taylor \& Francis}
}

@article{sun2007importance,
  title={The importance of cognitive architectures: An analysis based on CLARION},
  author={Sun, Ron},
  journal={Journal of Experimental \& Theoretical Artificial Intelligence},
  volume={19},
  number={2},
  pages={159--193},
  year={2007},
  publisher={Taylor \& Francis}
}

@article{langley2009cognitive,
  title={Cognitive architectures: Research issues and challenges},
  author={Langley, Pat and Laird, John E and Rogers, Seth},
  journal={Cognitive Systems Research},
  volume={10},
  number={2},
  pages={141--160},
  year={2009},
  publisher={Elsevier}
}

@article{samsonovich2010toward,
  title={Toward a Unified Catalog of Implemented Cognitive Architectures.},
  author={Samsonovich, Alexei V},
  journal={BICA},
  volume={221},
  pages={195--244},
  year={2010}
}

@incollection{goertzel2014brief,
  title={Brief Survey of Cognitive Architectures},
  author={Goertzel, Ben and Pennachin, Cassio and Geisweiller, Nil},
  booktitle={Engineering General Intelligence, Part 1},
  pages={101--142},
  year={2014},
  publisher={Springer}
}


@article{hofstadter1994copycat,
  title={The Copycat project: A model of mental fluidity and analogy-making.},
  author={Hofstadter, Douglas R and Mitchell, Melanie},
  year={1994},
  publisher={Ablex Publishing}
}

@book{franklin_1995, 
	title={Artificial minds}, 
	publisher={The MIT Press}, 
	author={Stan Franklin}, 
	year={1995},
	isbn={0-262-06178-3},
	volume={1},
	edition={1}
}

@inproceedings{franklin1998ida,
  title={IDA: A cognitive agent architecture},
  author={Franklin, Stan and Kelemen, Arpad and McCauley, Lee},
  booktitle={SMC'98 Conference Proceedings. 1998 IEEE International Conference on Systems, Man, and Cybernetics},
  volume={3},
  pages={2646--2651},
  year={1998},
  organization={IEEE}
}

@article{franklin2014lida,
  title={LIDA: A systems-level architecture for cognition, emotion, and learning},
  author={Stan Franklin and Madl, Tamas and D'mello, Sidney and Snaider, Javier},
  journal={Autonomous Mental Development, IEEE Transactions on},
  volume={6},
  number={1},
  pages={19--41},
  year={2014},
  publisher={IEEE}
}


@book{baars1993cognitive,
  title={A cognitive theory of consciousness},
  author={Baars, Bernard J},
  year={1993},
  publisher={Cambridge University Press}
}

@article{baars2007architectural,
  title={An architectural model of conscious and unconscious brain functions: Global Workspace Theory and IDA},
  author={Baars, Bernard J and Stan Franklin},
  journal={Neural Networks},
  volume={20},
  number={9},
  pages={955--961},
  year={2007},
  publisher={Elsevier}
}

@book{goertzel2014engineering,
  title={Engineering General Intelligence, Part 2: The CogPrime Architecture for Integrative, Embodied AGI},
  author={Goertzel, B. and Pennachin, C. and Geisweiller, N.},
  isbn={9789462390294},
  series={Atlantis Thinking Machines},
  year={2014},
  publisher={Atlantis Press}
}

@inproceedings{Hawkins2006HierarchicalTM,
  title={Hierarchical Temporal Memory Concepts, Theory, and Terminology},
  author={Jeff Hawkins and Dileep George},
  year={2006}
}

@book{hawkins2007intelligence,
  title={On intelligence},
  author={Hawkins, Jeff and Blakeslee, Sandra},
  year={2007},
  publisher={Macmillan}
}

@Article{Friedman1997,
author="Friedman, Nir
and Geiger, Dan
and Goldszmidt, Moises",
title="Bayesian Network Classifiers",
journal="Machine Learning",
year="1997",
volume="29",
number="2",
pages="131--163",
issn="1573-0565",
doi="10.1023/A:1007465528199"
}

@INPROCEEDINGS{Krizhevsky_imagenetclassification,
    author = {Alex Krizhevsky and Ilya Sutskever and Geoffrey E. Hinton},
    title = {Imagenet classification with deep convolutional neural networks},
    booktitle = {Advances in Neural Information Processing Systems},
    year = {2012},
    pages = {}
}

@techreport{deep-learning-methods-and-applications,
author = {Deng, Li and Yu, Dong},
title = {Deep Learning: Methods and Applications},
booktitle = {},
year = {2014},
month = {May},
publisher = {NOW Publishers},
address = {},
pages = {},
journal = {},
volume = {},
chapter = {},
isbn = {},
}

@ARTICLE{726791,
author={Y. Lecun and L. Bottou and Y. Bengio and P. Haffner},
journal={Proceedings of the IEEE},
title={Gradient-based learning applied to document recognition},
year={1998},
volume={86},
number={11},
pages={2278-2324},
keywords={backpropagation;convolution;multilayer perceptrons;optical character recognition;2D shape variability;GTN;back-propagation;cheque reading;complex decision surface synthesis;convolutional neural network character recognizers;document recognition;document recognition systems;field extraction;gradient based learning technique;gradient-based learning;graph transformer networks;handwritten character recognition;handwritten digit recognition task;high-dimensional patterns;language modeling;multilayer neural networks;multimodule systems;performance measure minimization;segmentation recognition;Character recognition;Feature extraction;Hidden Markov models;Machine learning;Multi-layer neural network;Neural networks;Optical character recognition software;Optical computing;Pattern recognition;Principal component analysis},
doi={10.1109/5.726791},
ISSN={0018-9219},
month={Nov},}

@article{fukushima1983neocognitron,
  title={Neocognitron: A neural network model for a mechanism of visual pattern recognition},
  author={Fukushima, Kunihiko and Miyake, Sei and Ito, Takayuki},
  journal={IEEE Transactions on Systems, Man, and Cybernetics},
  number={5},
  pages={826--834},
  year={1983},
  publisher={IEEE}
}

@inproceedings{mairal2014convolutional,
  title={Convolutional kernel networks},
  author={Mairal, Julien and Koniusz, Piotr and Harchaoui, Zaid and Schmid, Cordelia},
  booktitle={Advances in Neural Information Processing Systems},
  pages={2627--2635},
  year={2014}
}

@article{madl2011timing,
  title={The timing of the cognitive cycle},
  author={Madl, Tamas and Baars, Bernard J and Franklin, Stan},
  journal={PloS one},
  volume={6},
  number={4},
  pages={e14803},
  year={2011},
  publisher={Public Library of Science}
}

%Neuro DP
@INPROCEEDINGS{neuroDP,
author={D. P. Bertsekas and J. N. Tsitsiklis},
booktitle={Proceedings of 1995 34th IEEE Conference on Decision and Control},
title={Neuro-dynamic programming: an overview},
year={1995},
volume={1},
number={},
pages={560-564 vol.1},
keywords={approximation theory;cognitive systems;dynamic programming;neural nets;uncertainty handling;approximation theory;artificial intelligence;cognitive science;neural networks;neuro-dynamic programming;simulation;uncertainty;Artificial intelligence;Artificial neural networks;Control systems;Cost function;Dynamic programming;Equations;Laboratories;Optimal control;State-space methods;Uncertainty},
doi={10.1109/CDC.1995.478953},
ISSN={0191-2216},
month={Dec},}

%intelect
@article{Gottfredson1997,
  doi = {10.1016/s0160-2896(97)90011-8},
  year  = {1997},
  month = {jan},
  publisher = {Elsevier {BV}},
  volume = {24},
  number = {1},
  pages = {13--23},
  author = {Linda S. Gottfredson},
  journal = {Intelligence}
}

%RL
@book{Gosavi2015,
  doi = {10.1007/978-1-4899-7491-4},
  year  = {2015},
  publisher = {Springer {US}},
  author = {Abhijit Gosavi},
  title = {Simulation-Based Optimization}
}

%RL N
@article{jakvsa1999backpropagation,
  title={Backpropagation in supervised and reinforcement learning for mobile robot control},
  author={Jak{\v{s}}a, Rudolf and Sin{\v{c}}{\'a}k, P and Majernik, P},
  journal={Computational Intelligence for Modelling, Control \& Automation (CIMCA'99)},
  pages={6},
  year={1999}
}

%RL N
@phdthesis{coulom2002apprentissage,
  title={Apprentissage par renforcement utilisant des r{\'e}seaux de neurones, avec des applications au contr{\^o}le moteur},
  author={Coulom, R{\'e}mi},
  year={2002},
  school={Institut National Polytechnique de Grenoble-INPG}
}

@Inbook{Bottou2012,
author="Bottou, L{\'e}on",
editor="Montavon, Gr{\'e}goire
and Orr, Genevi{\`e}ve B.
and M{\"u}ller, Klaus-Robert",
title="Stochastic Gradient Descent Tricks",
bookTitle="Neural Networks: Tricks of the Trade: Second Edition",
year="2012",
publisher="Springer Berlin Heidelberg",
pages="421--436",
isbn="978-3-642-35289-8",
doi="10.1007/978-3-642-35289-8_25"
}

@article{vonZubenAula,
  title={Notas de Aula do curso "Redes Neurais" (IA353)},
  author={von Zuben, Fernando},
  
  year={2016},
  url = "ftp://ftp.dca.fee.unicamp.br/pub/docs/vonzuben/ia353_1s16/topico4_P2_IA353_1s2016.pdf"
}

@Article{Osman2004,
author="Osman, Magda",
title="An evaluation of dual-process theories of reasoning",
journal="Psychonomic Bulletin {\&} Review",
year="2004",
month="Dec",
day="01",
volume="11",
number="6",
pages="988--1010",
doi="10.3758/BF03196730"
}

@article{MAHADEVAN1992311,
title = "Automatic programming of behavior-based robots using reinforcement learning",
journal = "Artificial Intelligence",
volume = "55",
number = "2",
pages = "311 - 365",
year = "1992",
issn = "0004-3702",
doi = "https://doi.org/10.1016/0004-3702(92)90058-6",
author = "Sridhar Mahadevan and Jonathan Connell"
}

@book{Sun2015,
  doi = {10.1093/oxfordhb/9780199842193.013.11},
  year  = {2015},
  month = {may},
  publisher = {Oxford University Press},
  author = {Ron Sun},
  editor = {Susan E. F. Chipman},
  title = {The {CLARION} Cognitive Architecture}
}

@article{menager2016episodic,
  title={Episodic Memory in a Cognitive Model},
  author={M{\'e}nager, David},
  year={2016}
}

%rob cog

@INPROCEEDINGS{1554279, 
author={K. Kawamura and W. Dodd and P. Ratanaswasd and R. A. Gutierrez}, 
booktitle={2005 International Symposium on Computational Intelligence in Robotics and Automation}, 
title={Development of a robot with a sense of self}, 
year={2005}, 
volume={}, 
number={}, 
pages={211-217}, 
keywords={adaptive control;intelligent robots;multi-robot systems;neurocontrollers;cognitive control;cognitive robot;declarative long-term memory;episodic long-term memory;machine consciousness;memory systems;multiagent-based cognitive architecture;procedural long-term memory;self agent;spatio-temporal short-term memory;task-oriented adaptive working memory;Adaptive control;Cognitive robotics;Computer architecture;Humanoid robots;Intelligent agent;Intelligent robots;Intelligent sensors;Programmable control;Robot control;Robot sensing systems;adaptive working memory;cognitive control;cognitive robot;machine consciousness;self agent}, 
doi={10.1109/CIRA.2005.1554279}, 
ISSN={}, 
month={June},}

%Narle

@article{SANDAMIRSKAYA201591,
title = "NARLE: Neurocognitive architecture for the autonomous task recognition, learning, and execution",
journal = "Biologically Inspired Cognitive Architectures",
volume = "13",
number = "Supplement C",
pages = "91 - 104",
year = "2015",
issn = "2212-683X",
doi = "https://doi.org/10.1016/j.bica.2015.06.007",
author = "Yulia Sandamirskaya and Mikhail Burtsev",
keywords = "Neurocognitive architecture, Dynamic Neural Fields, Functional System Network, Pervasive learning"
}

@article{CHALITA201645,
title = "Reinforcement learning in a bio-connectionist model based in the thalamo-cortical neural circuit",
journal = "Biologically Inspired Cognitive Architectures",
volume = "16",
number = "Supplement C",
pages = "45 - 63",
year = "2016",
issn = "2212-683X",
doi = "https://doi.org/10.1016/j.bica.2016.03.001",
author = "Mario Andrés Chalita and Diego Lis and Agustín Caverzasi",
keywords = "Reinforcement learning, Sparse coding, Thalamo-cortical, Cognition, Connectionism, Fuzzy neural network"
}

@inproceedings{pynadath2014reinforcement,
  title={Reinforcement learning for adaptive theory of mind in the Sigma cognitive architecture},
  author={Pynadath, David V and Rosenbloom, Paul S and Marsella, Stacy C},
  booktitle={International Conference on Artificial General Intelligence},
  pages={143--154},
  year={2014},
  organization={Springer}
}




@article{gudwin2017multipurpose,
  title={The Multipurpose Enhanced Cognitive Architecture (MECA)},
  author={Gudwin, Ricardo and Paraense, Andr{\'e} and de Paula, Suelen M and Fr{\'o}es, Eduardo and Gibaut, Wandemberg and Castro, Elisa and Figueiredo, Vera and Raizer, Klaus},
  journal={Biologically Inspired Cognitive Architectures},
  volume={22},
  pages={20--34},
  year={2017},
  publisher={Elsevier}
}

@article{bistricky2013mill,
  title={Mill and mental phenomena: Critical contributions to a science of cognition},
  author={Bistricky, Steven L},
  journal={Behavioral Sciences},
  volume={3},
  number={2},
  pages={217--231},
  year={2013},
  publisher={Multidisciplinary Digital Publishing Institute}
}

@article{frasconi1997successes,
  title={Successes and failures of backpropagation: A theoretical},
  author={Frasconi, P and Gori, M and Tesi, A},
  journal={Progress in Neural Networks: Architecture},
  volume={5},
  pages={205},
  year={1997},
  publisher={Intellect Books}
}

@article{vsima1996back,
  title={Back-propagation is not efficient},
  author={{\v{S}}{\'\i}ma, Ji{\v{r}}{\'\i}},
  journal={Neural Networks},
  volume={9},
  number={6},
  pages={1017--1023},
  year={1996},
  publisher={Elsevier}
}

@inproceedings{ramamurthy2011memory,
  title={Memory systems for cognitive agents},
  author={Ramamurthy, Uma and Franklin, Stan},
  booktitle={Proceedings of Human Memory for Artificial Agents Symposium at the Artificial Intelligence and Simulation of Behavior Convention (AISB'11)},
  pages={35--40},
  year={2011}
}

@article{sun2003tutorial,
  title={A tutorial on CLARION 5.0},
  author={Sun, Ron},
  journal={Cognitive Science Department, Rensselaer Polytechnic Institute},
  year={2003}
}

@article{jaderberg2016reinforcement,
  title={Reinforcement learning with unsupervised auxiliary tasks},
  author={Jaderberg, Max and Mnih, Volodymyr and Czarnecki, Wojciech Marian and Schaul, Tom and Leibo, Joel Z and Silver, David and Kavukcuoglu, Koray},
  journal={arXiv preprint arXiv:1611.05397},
  year={2016}
}

@incollection{denoyelle2016biological,
  title={From biological to numerical experiments in systemic neuroscience: a simulation platform},
  author={Denoyelle, Nicolas and Carrere, Maxime and Pouget, Florian and Vi{\'e}ville, Thierry and Alexandre, Fr{\'e}d{\'e}ric},
  booktitle={Advances in Neurotechnology, Electronics and Informatics},
  pages={1--17},
  year={2016},
  publisher={Springer}
}

@article{sharma2017learning,
  title={Learning to repeat: Fine grained action repetition for deep reinforcement learning},
  author={Sharma, Sahil and Lakshminarayanan, Aravind S and Ravindran, Balaraman},
  journal={arXiv preprint arXiv:1702.06054},
  year={2017}
}

@article{arkin1998behavior,
  title={Behavior-based robotics (intelligent robotics and autonomous agents)},
  author={Arkin, Ronald C},
  year={1998},
  publisher={The MIT Press}
}
@book{gardenfors2014geometry,
  title={The geometry of meaning: Semantics based on conceptual spaces},
  author={G{\"a}rdenfors, Peter},
  year={2014},
  publisher={MIT Press}
}
@article{barsalou2010grounded,
  title={Grounded cognition: Past, present, and future},
  author={Barsalou, Lawrence W},
  journal={Topics in cognitive science},
  volume={2},
  number={4},
  pages={716--724},
  year={2010},
  publisher={Wiley Online Library}
}

@article{siljebraat2015maia,
  title={MAIA: The role of innate behaviors when picking flowers in Minecraft with Q-learning},
  author={Siljebr{\aa}t, Henrik},
  year={2015}
}
@article{mirowski2016learning,
  title={Learning to navigate in complex environments},
  author={Mirowski, Piotr and Pascanu, Razvan and Viola, Fabio and Soyer, Hubert and Ballard, Andy and Banino, Andrea and Denil, Misha and Goroshin, Ross and Sifre, Laurent and Kavukcuoglu, Koray and others},
  journal={arXiv preprint arXiv:1611.03673},
  year={2016}
}
@article{abel2016exploratory,
  title={Exploratory gradient boosting for reinforcement learning in complex domains},
  author={Abel, David and Agarwal, Alekh and Diaz, Fernando and Krishnamurthy, Akshay and Schapire, Robert E},
  journal={arXiv preprint arXiv:1603.04119},
  year={2016}
}

@article{gaudiano1996model,
  title={A model of operant conditioning for adaptive obstacle avoidance},
  author={Gaudiano, Paolo and Zalama, Eduardo and Chang, Carolina and Coronado, J L{\'o}pez},
  journal={From Animals to Animats},
  volume={4},
  pages={373--381},
  year={1996}
}

@article{touretzky1997operant,
  title={Operant conditioning in skinnerbots},
  author={Touretzky, David S and Saksida, Lisa M},
  journal={Adaptive Behavior},
  volume={5},
  number={3-4},
  pages={219--247},
  year={1997},
  publisher={Sage Publications Sage CA: Thousand Oaks, CA}
}


@inproceedings{gaudiano1997adaptive,
  title={Adaptive obstacle avoidance with a neural network for operant conditioning: experiments with real robots},
  author={Gaudiano, Paolo and Chang, Carolina},
  booktitle={Computational Intelligence in Robotics and Automation, 1997. CIRA'97., Proceedings., 1997 IEEE International Symposium on},
  pages={13--18},
  year={1997},
  organization={IEEE}
}

@article{saksida1997shaping,
  title={Shaping robot behavior using principles from instrumental conditioning},
  author={Saksida, Lisa M and Raymond, Scott M and Touretzky, David S},
  journal={Robotics and Autonomous Systems},
  volume={22},
  number={3-4},
  pages={231--249},
  year={1997},
  publisher={Elsevier}
}


@inproceedings{itoh2005behavior,
  title={Behavior model of humanoid robots based on operant conditioning},
  author={Itoh, Kazuko and Miwa, Hiroyasu and Matsumoto, Munemichi and Zecca, Massimiliano and Takanobu, Hideaki and Roccella, Stefano and Carrozza, Maria Chiara and Dario, Paolo and Takanishi, Atsuo},
  booktitle={Humanoid Robots, 2005 5th IEEE-RAS International Conference on},
  pages={220--225},
  year={2005},
  organization={IEEE}
}


@InProceedings{10.1007/BFb0013570,
author="Franklin, Stan
and Graesser, Art",
editor="M{\"u}ller, J{\"o}rg P.
and Wooldridge, Michael J.
and Jennings, Nicholas R.",
title="Is It an agent, or just a program?: A taxonomy for autonomous agents",
booktitle="Intelligent Agents III Agent Theories, Architectures, and Languages",
year="1997",
publisher="Springer Berlin Heidelberg",
pages="21--35",
abstract="The advent of software agents gave rise to much discussion of just what such an agent is, and of how they differ from programs in general. Here we propose a formal definition of an autonomous agent which clearly distinguishes a software agent from just any program. We also offer the beginnings of a natural kinds taxonomy of autonomous agents, and discuss possibilities for further classification. Finally, we discuss subagents and multiagent systems.",
isbn="978-3-540-68057-4"
}

@book{pavlov1960conditioned,
  title={Conditioned Reflexes: An Investigation of the Physiological Activity of the Cerebral Cortex, by I. P. Pavlov. Translated and Edited by G. V. Anrep},
  author={Pavlov, I.P.},
  series={Dover Publications. S},
  year={1960},
  publisher={Dover Publications}
}

@ARTICLE{4539721,
author={C. Chen and H. X. Li and D. Dong},
journal={IEEE Robotics Automation Magazine},
title={Hybrid Control for Robot Navigation - A Hierarchical Q-Learning Algorithm},
year={2008},
volume={15},
number={2},
pages={37-47},
keywords={learning (artificial intelligence);mobile robots;path planning;hierarchical Q-learning algorithm;hybrid control;mobile robot navigation;path planning;reactive control;Artificial intelligence;Automatic control;Automatic testing;Home automation;Hospitals;Mobile robots;Navigation;Robot control;Robotics and automation;Service robots},
doi={10.1109/MRA.2008.921541},
ISSN={1070-9932},
month={June},}

@article{JOHNSONLAIRD198071,
title = "Mental models in cognitive science",
journal = "Cognitive Science",
volume = "4",
number = "1",
pages = "71 - 115",
year = "1980",
issn = "0364-0213",
doi = "https://doi.org/10.1016/S0364-0213(81)80005-5",
author = "P.N. Johnson-Laird"
}

@mastersthesis{gibaut2018arquitetura,
  title={Uma arquitetura cognitiva para o aprendizado instrumental em agentes inteligentes},
  author={Gibaut, Wandemberg Santana Pharaoh},
  school = {Universidade Estadual de Campinas},
  year={2018},
  publisher={[sn]}
}


@article{boulding1956sos,
  title={General systems theory—the skeleton of science},
  author={Boulding, Kenneth E},
  journal={Management science},
  volume={2},
  number={3},
  pages={197--208},
  year={1956},
  publisher={INFORMS}
}

@article{jackson1984system,
 author = {M. C. Jackson and P. Keys},
 journal = {The Journal of the Operational Research Society},
 number = {6},
 pages = {473--486},
 publisher = {Palgrave Macmillan Journals},
 title = {Towards a System of Systems Methodologies},
 volume = {35},
 year = {1984}
}

@article{gorod2008system,
  title={System-of-systems engineering management: A review of modern history and a path forward},
  author={Gorod, Alex and Sauser, Brian and Boardman, John},
  journal={Systems Journal, IEEE},
  volume={2},
  number={4},
  pages={484--499},
  year={2008},
  keywords={SoS},
  publisher={IEEE}
}

@book{gorod2014case,
  title={Case studies in system of systems, enterprise systems, and complex systems engineering},
  author={Gorod, Alex and White, Brian E and Ireland, Vernon and Gandhi, S Jimmy and Sauser, Brian},
  year={2014},
  publisher={CRC Press}
}

@book{jacob1974logique,
  title={La logique du vivant. The logic of living systems. A history of heredity. Translated by Betty E. Spillmann},
  author={Jacob, Francois and Spillmann, Betty E},
  year={1974},
  publisher={Allen Lane}
}

@inproceedings{gpo1989restructuring,
  title={Restructuring of the strategic defense initiative (SDI) program},
  author={GPO, US},
  booktitle={Services, USCS C. o. A.(Ed.), United States Congress},
  pages={16},
  year={1989},
  publisher={U.S. Government Printing Office}
}


@inproceedings{eisner1991computer,
  title={Computer-aided system of systems (S2) engineering},
  author={Eisner, Howard and Marciniak, John and McMillan, Ray},
  booktitle={Systems, Man, and Cybernetics, 1991.'Decision Aiding for Complex Systems, Conference Proceedings., 1991 IEEE International Conference on},
  pages={531--537},
  year={1991},
  organization={IEEE}
}

@inproceedings{eisner1993rcasse,
  title={RCASSE: Rapid Computer-Aided System of Systems (S2) Engineering},
  author={Eisner, Howard and McMillan, Ray and Marciniak, John and Pragluski, William},
  booktitle={INCOSE International Symposium},
  volume={3},
  number={1},
  pages={267--273},
  year={1993},
  organization={Wiley Online Library}
}

@inproceedings{shenhar1994new,
  title={A new systems engineering taxonomy},
  author={Shenhar, A},
  booktitle={Proceedings of the 4th International Symposium of the National Council on System Engineering, National Council on System Engineering},
  volume={2},
  pages={261--276},
  year={1994}
}

@book{holland1995hidden,
  title={Hidden order: How adaptation builds complexity},
  author={Holland, John H},
  year={1995},
  publisher={Basic Books}
}

@inproceedings{maier1996architecting,
  title={Architecting principles for systems-of-systems},
  author={Maier, Mark W},
  booktitle={INCOSE International Symposium},
  volume={6},
  number={1},
  pages={565--573},
  year={1996},
  organization={Wiley Online Library}
}

@article{maeir1998architecting,
  title={Architecting principles for system-of-systems},
  author={Maeir, M},
  journal={Systems Engineering},
  volume={1},
  number={4},
  pages={267--284},
  year={1998}
}

@book{kotov1997systems,
  title={Systems of systems as communicating structures},
  author={Kotov, Vadim},
  year={1997},
  publisher={Hewlett Packard Laboratories}
}

@article{lukasik1998systems,
  title={Systems, systems of systems, and the education of engineers},
  author={Lukasik, Stephen J},
  journal={AI EDAM},
  volume={12},
  number={01},
  pages={55--60},
  year={1998},
  publisher={Cambridge Univ Press}
}

@inproceedings{boardman2006system,
  title={System of Systems-the meaning of of},
  author={Boardman, John and Sauser, Brian},
  booktitle={2006 IEEE/SMC International Conference on System of Systems Engineering},
  pages={6--pp},
  year={2006},
  organization={IEEE}
}

@book{jamshidi2011system,
  title={System of Systems Engineering: Innovations for the 21st Century},
  author={Jamshidi, Mohammad and Sage, Andrew P},
  volume={58},
  year={2011},
  publisher={John Wiley \& Sons}
}

@inproceedings{dimario2006system,
  title={System of systems interoperability types and characteristics in joint command and control},
  author={DiMario, Michael J},
  booktitle={2006 IEEE/SMC International Conference on System of Systems Engineering},
  pages={6--pp},
  year={2006},
  organization={IEEE}
}

@article{waldo2002virtual,
  title={Virtual organizations, pervasive computing, and an infrastructure for networking at the edge},
  author={Waldo, Jim},
  journal={Information Systems Frontiers},
  volume={4},
  number={1},
  pages={9--18},
  year={2002},
  publisher={Springer}
}
@article{atzori2010internet,
  title={The internet of things: A survey},
  author={Atzori, Luigi and Iera, Antonio and Morabito, Giacomo},
  journal={Computer networks},
  volume={54},
  number={15},
  pages={2787--2805},
  year={2010},
  publisher={Elsevier}
}
@article{rose2015internet,
  title={The internet of things: An overview},
  author={Rose, Karen and Eldridge, Scott and Chapin, Lyman},
  year={2015}
  }

@INPROCEEDINGS{6468312, 
author={D. Kelaidonis and A. Somov and V. Foteinos and G. Poulios and V. Stavroulaki and P. Vlacheas and P. Demestichas and A. Baranov and A. R. Biswas and R. Giaffreda}, 
booktitle={Green Computing and Communications (GreenCom), 2012 IEEE International Conference on}, 
title={Virtualization and Cognitive Management of Real World Objects in the Internet of Things}, 
year={2012}, 
pages={187-194}, 
keywords={Internet of Things;fires;home computing;virtualisation;Internet of Things;cognitive entity;fire detection scenario;heterogeneity abstraction;object communication;object owner;real world object cognitive management;real world object virtualization;smart home;Context;Decision making;Fires;Internet;Temperature sensors;Virtualization;Wireless sensor networks;Cognitive Management;Internet of Things;Self-Management;Virtual Objects;Virtualization;Web of Things;Wireless Sensor Networks}}

@INPROCEEDINGS{7105581, 
author={Y. Jiang and W. Xie and F. Wang and N. Li}, 
booktitle={Information Technology and Electronic Commerce (ICITEC), 2014 2nd International Conference on}, 
title={An implementation of cognitive management framework for the Internet of Things system}, 
year={2014}, 
pages={103-106}, 
keywords={Internet of Things;cognitive systems;traffic information systems;transportation;Internet of things system;IoT system;car renting;cognitive cycle;cognitive management framework;virtual representation;Databases;Decision making;Internet of things;Learning systems;Roads;Sensors;Service-oriented architecture;Internet of Things (IoT);Virtual Objects (VO);cognitive cycle;cognitive management}, 
doi={10.1109/ICITEC.2014.7105581}}


@inproceedings{sasidharan2014cognitive,
  title={Cognitive management framework for Internet of Things:—A prototype implementation},
  author={Sasidharan, Swaytha and Somov, Andrey and Biswas, Abdur Rahim and Giaffreda, Raffaele},
  booktitle={2014 IEEE World Forum on Internet of Things (WF-IoT)},
  pages={538--543},
  year={2014},
  organization={IEEE}
}

@article{wu2014cognitive,
  title={Cognitive internet of things: a new paradigm beyond connection},
  author={Wu, Qihui and Ding, Guoru and Xu, Yuhua and Feng, Shuo and Du, Zhiyong and Wang, Jinlong and Long, Keping},
  journal={IEEE Internet of Things Journal},
  volume={1},
  number={2},
  pages={129--143},
  year={2014},
  publisher={IEEE}
}

@article{donoho2006compressed,
  title={Compressed sensing},
  author={Donoho, David L and others},
  journal={IEEE Transactions on information theory},
  volume={52},
  number={4},
  pages={1289--1306},
  year={2006},
  publisher={Citeseer}
}


@inproceedings{lee2008sparse,
  title={Sparse deep belief net model for visual area V2},
  author={Lee, Honglak and Ekanadham, Chaitanya and Ng, Andrew Y},
  booktitle={Advances in neural information processing systems},
  pages={873--880},
  year={2008}
}

@article{olshausen2004sparse,
  title={Sparse coding of sensory inputs},
  author={Olshausen, Bruno A and Field, David J},
  journal={Current opinion in neurobiology},
  volume={14},
  number={4},
  pages={481--487},
  year={2004},
  publisher={Elsevier}
}

@book{kanerva1988sparse,
  title={Sparse distributed memory},
  author={Kanerva, Pentti},
  year={1988},
  publisher={MIT press}
}

@article{kanerva1997fully,
  title={Fully distributed representation},
  author={Kanerva, Pentti and others},
  journal={PAT},
  volume={1},
  number={5},
  pages={10000},
  year={1997},
  publisher={Citeseer}
}

@article{tibshirani1996regression,
  title={Regression shrinkage and selection via the lasso},
  author={Tibshirani, Robert},
  journal={Journal of the Royal Statistical Society: Series B (Methodological)},
  volume={58},
  number={1},
  pages={267--288},
  year={1996},
  publisher={Wiley Online Library}
}


@article{hromadka2008sparse,
  title={Sparse representation of sounds in the unanesthetized auditory cortex},
  author={Hrom{\'a}dka, Tom{\'a}{\v{s}} and DeWeese, Michael R and Zador, Anthony M},
  journal={PLoS biology},
  volume={6},
  number={1},
  pages={e16},
  year={2008},
  publisher={Public Library of Science}
}


@article{weliky2003coding,
  title={Coding of natural scenes in primary visual cortex},
  author={Weliky, Michael and Fiser, J{\'o}zsef and Hunt, Ruskin H and Wagner, David N},
  journal={Neuron},
  volume={37},
  number={4},
  pages={703--718},
  year={2003},
  publisher={Elsevier}
}

@article{sanes2000plasticity,
  title={Plasticity and primary motor cortex},
  author={Sanes, Jerome N and Donoghue, John P},
  journal={Annual review of neuroscience},
  volume={23},
  number={1},
  pages={393--415},
  year={2000},
  publisher={Annual Reviews 4139 El Camino Way, PO Box 10139, Palo Alto, CA 94303-0139, USA}
}


@article{graziano2002complex,
  title={Complex movements evoked by microstimulation of precentral cortex},
  author={Graziano, Michael SA and Taylor, Charlotte SR and Moore, Tirin},
  journal={Neuron},
  volume={34},
  number={5},
  pages={841--851},
  year={2002},
  publisher={Elsevier}
}

@article{kanerva1992sparse,
  title={Sparse distributed memory and related models},
  author={Kanerva, Pentti},
  year={1992}
}

@techreport{hawkins2006hierarchical,
  title={Hierarchical temporal memory: Concepts, theory and terminology},
  author={Hawkins, Jeff and George, Dileep},
  year={2006},
  institution={Technical report, Numenta}
}

@article{hawkings2004intelligence,
  title={On Intelligence: How a New Understanding of the Brain will Lead to the Creation of Truly Intelligent Machines},
  author={Hawkings, J and Blakeslee, S},
  journal={Henry Holt and Company, New York},
  pages={262},
  year={2004}
}

@article{hawkins2010hierarchical,
  title={Hierarchical temporal memory including HTM cortical learning algorithms},
  author={Hawkins, Jeff and Ahmad, Subutai and Dubinsky, Donna},
  journal={Techical report, Numenta, Inc, Palto Alto http://www. numenta. com/htmoverview/education/HTM\_CorticalLearningAlgorithms. pdf},
  year={2010}
}

@article{ahmad1503properties,
  title={Properties of sparse distributed representations and their application to hierarchical temporal memory. arXiv, 2015},
  author={Ahmad, S and Hawkins, J},
  journal={arXiv preprint arXiv:1503.07469},
  year={2015}
}


@article{gudwin2016stateOfTheArt,
  title={State of Art Report: Cyber-Physical Systems, Systems of Systems, Internet of Things, Cognitive Architectures, Cognitive Management and Urban Traffic Signal Control},
  author={Gudwin, Ricardo and Paraense, Andr{\'e} and de Paula, Suelen M and Fr{\'o}es, Eduardo and Gibaut, Wandemberg and Castro, Elisa and Figueiredo, Vera and Raizer, Klaus},
  journal={Techical report, Cogsys, DCA - FEEC - UNICAMP, Campinas, Brazil},
  year={2016}
}


%------
@article{ayesh2019cognitive,
  title={Cognitive Systems Approach to Smart Cities},
  author={Ayesh, Aladdin},
  journal={arXiv preprint arXiv:1906.11032},
  year={2019}
}


@article{fischbach2020caai,
  title={CAAI--A Cognitive Architecture to Introduce Artificial Intelligence in Cyber-Physical Production Systems},
  author={Fischbach, Andreas and Strohschein, Jan and Bunte, Andreas and Stork, J{\"o}rg and Faeskorn-Woyke, Heide and Moriz, Natalia and Bartz-Beielstein, Thomas},
  journal={arXiv preprint arXiv:2003.00925},
  year={2020}
}


@article{herrera2020multi,
  title={Multi-Agent Systems and Complex Networks: Review and Applications in Systems Engineering},
  author={Herrera, Manuel and P{\'e}rez-Hern{\'a}ndez, Marco and Kumar Parlikad, Ajith and Izquierdo, Joaqu{\'\i}n},
  journal={Processes},
  volume={8},
  number={3},
  pages={312},
  year={2020},
  publisher={Multidisciplinary Digital Publishing Institute}
}

@inproceedings{kim2020brain,
  title={Brain-inspired Method for Hyper-connected and Distributed Intelligence},
  author={Kim, Sang Ki and Kim, Sunme},
  booktitle={2020 International Conference on Artificial Intelligence in Information and Communication (ICAIIC)},
  pages={657--660},
  year={2020},
  organization={IEEE}
}

@article{park2019ciot,
  title={CIoT-Net: a scalable cognitive IoT based smart city network architecture},
  author={Park, Jin-ho and Salim, Mikail Mohammed and Jo, Jeong Hoon and Sicato, Jose Costa Sapalo and Rathore, Shailendra and Park, Jong Hyuk},
  journal={Human-centric Computing and Information Sciences},
  volume={9},
  number={1},
  pages={29},
  year={2019},
  publisher={SpringerOpen}
}


@inproceedings{savaglio2015autonomic,
  title={Autonomic and cognitive architectures for the Internet of Things},
  author={Savaglio, Claudio and Fortino, Giancarlo},
  booktitle={International Conference on Internet and Distributed Computing Systems},
  pages={39--47},
  year={2015},
  organization={Springer}
}

@inproceedings{VREP2013,
 author    = "E. Rohmer and S. P. N. Singh and M. Freese",
 title     = "V-REP: a Versatile and Scalable Robot Simulation Framework",
 booktitle = "Proc. of The International Conference on Intelligent Robots and Systems (IROS)",
 year      = "2013"
}

@techreport{saunders2005system,
  title={System-of-systems engineering for air force capability development: executive summary and annotated brief},
  author={Saunders, Thomas and Croom, Charles and Austin, Wanda and Brock, John and Crawford, Natalie and Endsley, Mica and Glasgow, Ed and Hastings, Dan and Levis, Alex and Murray, Richard},
  year={2005},
  institution={SCIENTIFIC ADVISORY BOARD (AIR FORCE) WASHINGTON DC}
}

@phdthesis{paraense2016machine,
  title={A machine consciousness approach to urban traffic signal control= Uma abordagem de consci{\^e}ncia de m{\'a}quina ao controle de sem{\'a}foros de tr{\'a}fego urbano},
  author={Paraense, Andr{\'e} Luis Ogando},
  school = {Universidade Estadual de Campinas},
  year={2016},
  publisher={[sn]}
}

@article{gudwin2018urban,
  title={An urban traffic controller using the MECA cognitive architecture},
  author={{R. Gudwin, A. Paraense, S. M. de Paula, E. Fr{\'o}es, W. Gibaut,  E.  Castro,  V.  Figueiredo,  and  K.  Raizer}},
  journal={Biologically inspired cognitive architectures},
  volume={26},
  pages={41--54},
  year={2018},
  publisher={Elsevier}
}

@article{gudwin2020troca,
  title={The TROCA Project: An autonomous transportation robot controlled by a cognitive architecture},
  author={Gudwin, Ricardo and Rohmer, Eric and Paraense, Andr{\'e} and Fr{\'o}es, Eduardo and Gibaut, Wandemberg and Oliveira, Ian and Rocha, Sender and Raizer, Klaus and Feljan, Aneta Vulgarakis},
  journal={Cognitive Systems Research},
  volume={59},
  pages={179--197},
  year={2020},
  publisher={Elsevier}
}


%------------- Cognitive Twin -----------------
@inproceedings{zhang2020towards,
  title={Towards Engineering Cognitive Digital Twins with Self-Awareness},
  author={Zhang, Nan and Bahsoon, Rami and Theodoropoulos, Georgios},
  booktitle={2020 IEEE International Conference on Systems, Man, and Cybernetics (SMC)},
  pages={3891--3891},
  year={2020},
  organization={IEEE}
}

@article{lim2019state,
  title={A state-of-the-art survey of Digital Twin: techniques, engineering product lifecycle management and business innovation perspectives},
  author={Lim, Kendrik Yan Hong and Zheng, Pai and Chen, Chun-Hsien},
  journal={Journal of Intelligent Manufacturing},
  pages={1--25},
  year={2019},
  publisher={Springer}
}

@inproceedings{abburu2020cognitwin,
  title={COGNITWIN--Hybrid and cognitive digital twins for the process industry},
  author={Abburu, Sailesh and Berre, Arne J and Jacoby, Michael and Roman, Dumitru and Stojanovic, Ljiljana and Stojanovic, Nenad},
  booktitle={2020 IEEE International Conference on Engineering, Technology and Innovation (ICE/ITMC)},
  pages={1--8},
  year={2020},
  organization={IEEE}
}

@inproceedings{abburu2020cognitive,
  title={Cognitive Digital Twins for the Process Industry},
  author={Abburu, Sailesh and Berre, AJ and Jacoby, M and Roman, D and Stojanovic, L and Stojanovic, Nenad},
  booktitle={Proceedings of the The Twelfth International Conference on Advanced Cognitive Technologies and Applications (COGNITIVE 2020), Nice, France},
  pages={25--29},
  year={2020}
}

@inproceedings{somers2020cognitive,
  title={Cognitive Twin: A Cognitive Approach to Personalized Assistants.},
  author={Somers, Sterling and Oltramari, Alessandro and Lebiere, Christian},
  booktitle={AAAI Spring Symposium: Combining Machine Learning with Knowledge Engineering (1)},
  year={2020}
}
@article{somerscognitive,
  title={Cognitive Twin: A Personal Assistant Embedded in a Cognitive Architecture},
  author={Somers, Sterling and Oltramari, Alessandro and Lebiere, Christian},
  year = {2021}
}

@article{du2020cognition,
  title={Cognition digital twins for personalized information systems of smart cities: Proof of concept},
  author={Du, Jing and Zhu, Qi and Shi, Yangming and Wang, Qi and Lin, Yingzi and Zhao, Daniel},
  journal={Journal of Management in Engineering},
  volume={36},
  number={2},
  pages={04019052},
  year={2020},
  publisher={American Society of Civil Engineers}
}

@inproceedings{eirinakis2020enhancing,
  title={Enhancing cognition for digital twins},
  author={Eirinakis, Pavlos and Kalaboukas, Kostas and Lounis, Stavros and Mourtos, Ioannis and Ro{\v{z}}anec, Jo{\v{z}}e M and Stojanovic, Nenad and Zois, Georgios},
  booktitle={2020 IEEE International Conference on Engineering, Technology and Innovation (ICE/ITMC)},
  pages={1--7},
  year={2020},
  organization={IEEE}
}

@article{initiative2018symbiotic,
  title={Symbiotic Autonomous Systems},
  author={Initiative, An FDC},
  year={2018}
}

@inproceedings{rozanec2020towards,
  title={Towards Actionable Cognitive Digital Twins for Manufacturing.},
  author={Rozanec, Joze M and Jinzhi, Lu and Kosmerlj, Aljaz and Kenda, Klemen and Dimitris, Kiritsis and Jovanoski, Viktor and Rupnik, Jan and Karlovcec, Mario and Fortuna, Blaz},
  booktitle={SeDiT@ ESWC},
  year={2020}
}

@article{zhang2020affective,
  title={An Affective Computing Multilayer Cognitive Architecture for Evolutionary Cognitive Robotics},
  author={Zhang, Zheming},
  year={2020},
  publisher={Victoria University of Wellington}
}

@article{bellas2010multilevel,
  title={Multilevel darwinist brain (mdb): Artificial evolution in a cognitive architecture for real robots},
  author={Bellas, Francisco and Duro, Richard J and Fai{\~n}a, Andr{\'e}s and Souto, Daniel},
  journal={IEEE Transactions on autonomous mental development},
  volume={2},
  number={4},
  pages={340--354},
  year={2010},
  publisher={IEEE}
}

@inproceedings{bellas2006adaptive,
  title={Adaptive learning application of the MDB evolutionary cognitive architecture in physical agents},
  author={Bellas, Francisco and Fai{\~n}a, Andr{\'e}s and Prieto, Abraham and Duro, Richard J},
  booktitle={International Conference on Simulation of Adaptive Behavior},
  pages={434--445},
  year={2006},
  organization={Springer}
}

@inproceedings{salgado2015autonomous,
  title={Autonomous learning of procedural knowledge in an evolutionary cognitive architecture for robots},
  author={Salgado, Rodrigo and Bellas, Francisco and Duro, Richard J},
  booktitle={European Conference on the Applications of Evolutionary Computation},
  pages={807--818},
  year={2015},
  organization={Springer}
}

@article{haakansson2015reasoning,
  title={Reasoning Strategies in Smart Cyber-Physical Systems},
  author={H{\aa}kansson, Anne and Hartung, Ronald and Moradian, Esmiralda},
  journal={Procedia Computer Science},
  volume={60},
  pages={1575--1584},
  year={2015},
  publisher={Elsevier}
}

@article{conti2012looking,
  title={Looking ahead in pervasive computing: Challenges and opportunities in the era of cyber--physical convergence},
  author={Conti, Marco and Das, Sajal K and Bisdikian, Chatschik and Kumar, Mohan and Ni, Lionel M and Passarella, Andrea and Roussos, George and Tr{\"o}ster, Gerhard and Tsudik, Gene and Zambonelli, Franco},
  journal={Pervasive and Mobile Computing},
  volume={8},
  number={1},
  pages={2--21},
  year={2012},
  publisher={Elsevier}
}

@article{khaitan2015design,
  title={Design techniques and applications of cyberphysical systems: A survey},
  author={Khaitan, Siddhartha Kumar and McCalley, James D},
  journal={IEEE Systems Journal},
  volume={9},
  number={2},
  pages={350--365},
  year={2015},
  publisher={IEEE}
}

@inproceedings{horvath2012cyber,
  title={Cyber-physical systems: Concepts, technologies and implementation principles},
  author={Horvath, Imre and Gerritsen, Bart HM},
  booktitle={Proceedings of TMCE},
  volume={1},
  pages={7--11},
  year={2012}
}

@inproceedings{lee2006cyber,
  title={Cyber-physical systems-are computing foundations adequate},
  author={Lee, Edward A},
  booktitle={Position Paper for NSF Workshop On Cyber-Physical Systems: Research Motivation, Techniques and Roadmap},
  volume={2},
  year={2006},
  organization={Citeseer}
}

@article{lee2009computing,
  title={Computing needs time},
  author={Lee, Edward A},
  journal={Communications of the ACM},
  volume={52},
  number={5},
  pages={70--79},
  year={2009},
  publisher={ACM}
}

@book{lee2011introduction,
  title={Introduction to embedded systems: A cyber-physical systems approach},
  author={Lee, Edward Ashford and Seshia, Sanjit Arunkumar},
  year={2011},
  publisher={Lee \& Seshia}
}

@inproceedings{miclea2011dependability,
  title={About dependability in cyber-physical systems},
  author={Miclea, Liviu and Sanislav, Teodora},
  booktitle={Design \& Test Symposium (EWDTS), 2011 9th East-West},
  pages={17--21},
  year={2011},
  organization={IEEE}
}

@article{nsf10515,
  title={Cyber Physical Systems},
  author={NSF, National Science Foundation},
  year={2013}
}

@incollection{sha2009cyber,
  title={Cyber-physical systems: A new frontier},
  author={Sha, Lui and Gopalakrishnan, Sathish and Liu, Xue and Wang, Qixin},
  booktitle={Machine Learning in Cyber Trust},
  pages={3--13},
  year={2009},
  publisher={Springer}
}



@inproceedings{gibaut2020extending,
  title={Extending the CST: The Distributed Cognitive Toolkit},
  author={Gibaut, Wandemberg and Gudwin, Ricardo},
  booktitle={2020 International Conferences on Internet of Things (iThings) and IEEE Green Computing and Communications (GreenCom) and IEEE Cyber, Physical and Social Computing (CPSCom) and IEEE Smart Data (SmartData) and IEEE Congress on Cybermatics (Cybermatics)},
  pages={474--481},
  year={2020},
  organization={IEEE}
}



@inproceedings{mendez2009simulating,
  title={Simulating events to generate synthetic data for pervasive spaces},
  author={Mendez-Vazquez, Andres and Helal, A and Cook, D},
  booktitle={Workshop on Developing Shared Home Behavior Datasets to Advance HCI and Ubiquitous Computing Research},
  year={2009},
  organization={Citeseer}
}


@inproceedings{engelmann2016interaction,
  title={An interaction-centric dataset for learning automation rules in smart homes},
  author={Engelmann, Kai Frederic and Holthaus, Patrick and Wrede, Britta and Wrede, Sebastian},
  booktitle={Proceedings of the Tenth International Conference on Language Resources and Evaluation (LREC'16)},
  pages={1432--1437},
  year={2016}
}

@article{kotseruba2016review,
  title={A review of 40 years of cognitive architecture research: Core cognitive abilities and practical applications},
  author={Kotseruba, Iuliia and Tsotsos, John K},
  journal={arXiv preprint arXiv:1610.08602},
  year={2016}
}