@article{azizi2023synthetic,
  title={Synthetic data from diffusion models improves imagenet classification},
  author={Azizi, Shekoofeh and Kornblith, Simon and Saharia, Chitwan and Norouzi, Mohammad and Fleet, David J},
  journal={arXiv preprint arXiv:2304.08466},
  year={2023}
}

@inproceedings{bansal2023universal,
  title={Universal guidance for diffusion models},
  author={Bansal, Arpit and Chu, Hong-Min and Schwarzschild, Avi and Sengupta, Soumyadip and Goldblum, Micah and Geiping, Jonas and Goldstein, Tom},
  booktitle={Proceedings of the IEEE/CVF Conference on Computer Vision and Pattern Recognition},
  pages={843--852},
  year={2023}
}

@article{bao2021beit,
  title={Beit: Bert pre-training of image transformers},
  author={Bao, Hangbo and Dong, Li and Piao, Songhao and Wei, Furu},
  journal={arXiv preprint arXiv:2106.08254},
  year={2021}
}

@inproceedings{chen2025pixart,
  title={PIXART-$\Sigma$: Weak-to-Strong Training of Diffusion Transformer for 4K Text-to-Image Generation},
  author={Chen, Junsong and Ge, Chongjian and Xie, Enze and Wu, Yue and Yao, Lewei and Ren, Xiaozhe and Wang, Zhongdao and Luo, Ping and Lu, Huchuan and Li, Zhenguo},
  booktitle={European Conference on Computer Vision},
  pages={74--91},
  year={2025},
  organization={Springer}
}

@inproceedings{cohen2020detecting,
  title={Detecting adversarial samples using influence functions and nearest neighbors},
  author={Cohen, Gilad and Sapiro, Guillermo and Giryes, Raja},
  booktitle={Proceedings of the IEEE/CVF conference on computer vision and pattern recognition},
  pages={14453--14462},
  year={2020}
}

@inproceedings{crowson2024scalable,
  title={Scalable high-resolution pixel-space image synthesis with hourglass diffusion transformers},
  author={Crowson, Katherine and Baumann, Stefan Andreas and Birch, Alex and Abraham, Tanishq Mathew and Kaplan, Daniel Z and Shippole, Enrico},
  booktitle={Forty-first International Conference on Machine Learning},
  year={2024}
}

@inproceedings{depeweg2018decomposition,
  title={Decomposition of uncertainty in Bayesian deep learning for efficient and risk-sensitive learning},
  author={Depeweg, Stefan and Hernandez-Lobato, Jose-Miguel and Doshi-Velez, Finale and Udluft, Steffen},
  booktitle={International conference on machine learning},
  pages={1184--1193},
  year={2018},
  organization={PMLR}
}

@article{dhariwal2021diffusion,
  title={Diffusion models beat gans on image synthesis},
  author={Dhariwal, Prafulla and Nichol, Alexander},
  journal={Advances in neural information processing systems},
  volume={34},
  pages={8780--8794},
  year={2021}
}

@article{du2024dream,
  title={Dream the impossible: Outlier imagination with diffusion models},
  author={Du, Xuefeng and Sun, Yiyou and Zhu, Jerry and Li, Yixuan},
  journal={Advances in Neural Information Processing Systems},
  volume={36},
  year={2024}
}

@inproceedings{gal2016dropout,
  title={Dropout as a bayesian approximation: Representing model uncertainty in deep learning},
  author={Gal, Yarin and Ghahramani, Zoubin},
  booktitle={international conference on machine learning},
  pages={1050--1059},
  year={2016},
  organization={PMLR}
}

@inproceedings{he2022masked,
  title={Masked autoencoders are scalable vision learners},
  author={He, Kaiming and Chen, Xinlei and Xie, Saining and Li, Yanghao and Doll{\'a}r, Piotr and Girshick, Ross},
  booktitle={Proceedings of the IEEE/CVF conference on computer vision and pattern recognition},
  pages={16000--16009},
  year={2022}
}

@article{ho2020denoising,
  title={Denoising diffusion probabilistic models},
  author={Ho, Jonathan and Jain, Ajay and Abbeel, Pieter},
  journal={Advances in neural information processing systems},
  volume={33},
  pages={6840--6851},
  year={2020}
}

@article{ho2022classifier,
  title={Classifier-free diffusion guidance},
  author={Ho, Jonathan and Salimans, Tim},
  journal={arXiv preprint arXiv:2207.12598},
  year={2022}
}

@inproceedings{hsu2020generalized,
  title={Generalized odin: Detecting out-of-distribution image without learning from out-of-distribution data},
  author={Hsu, Yen-Chang and Shen, Yilin and Jin, Hongxia and Kira, Zsolt},
  booktitle={Proceedings of the IEEE/CVF conference on computer vision and pattern recognition},
  pages={10951--10960},
  year={2020}
}

@article{huang2021importance,
  title={On the importance of gradients for detecting distributional shifts in the wild},
  author={Huang, Rui and Geng, Andrew and Li, Yixuan},
  journal={Advances in Neural Information Processing Systems},
  volume={34},
  pages={677--689},
  year={2021}
}

@inproceedings{jiang2022improving,
  title={Improving the intra-class long-tail in 3d detection via rare example mining},
  author={Jiang, Chiyu Max and Najibi, Mahyar and Qi, Charles R and Zhou, Yin and Anguelov, Dragomir},
  booktitle={European Conference on Computer Vision},
  pages={158--175},
  year={2022},
  organization={Springer}
}

@article{karras2022elucidating,
  title={Elucidating the design space of diffusion-based generative models},
  author={Karras, Tero and Aittala, Miika and Aila, Timo and Laine, Samuli},
  journal={Advances in neural information processing systems},
  volume={35},
  pages={26565--26577},
  year={2022}
}

@inproceedings{kumari2023multi,
  title={Multi-concept customization of text-to-image diffusion},
  author={Kumari, Nupur and Zhang, Bingliang and Zhang, Richard and Shechtman, Eli and Zhu, Jun-Yan},
  booktitle={Proceedings of the IEEE/CVF Conference on Computer Vision and Pattern Recognition},
  pages={1931--1941},
  year={2023}
}

@article{lakshminarayanan2017simple,
  title={Simple and scalable predictive uncertainty estimation using deep ensembles},
  author={Lakshminarayanan, Balaji and Pritzel, Alexander and Blundell, Charles},
  journal={Advances in neural information processing systems},
  volume={30},
  year={2017}
}

@article{lee2018simple,
  title={A simple unified framework for detecting out-of-distribution samples and adversarial attacks},
  author={Lee, Kimin and Lee, Kibok and Lee, Honglak and Shin, Jinwoo},
  journal={Advances in neural information processing systems},
  volume={31},
  year={2018}
}

@inproceedings{li2022bigdatasetgan,
  title={Bigdatasetgan: Synthesizing imagenet with pixel-wise annotations},
  author={Li, Daiqing and Ling, Huan and Kim, Seung Wook and Kreis, Karsten and Fidler, Sanja and Torralba, Antonio},
  booktitle={Proceedings of the IEEE/CVF Conference on Computer Vision and Pattern Recognition},
  pages={21330--21340},
  year={2022}
}

@article{liu2019accurate,
  title={Accurate uncertainty estimation and decomposition in ensemble learning},
  author={Liu, Jeremiah and Paisley, John and Kioumourtzoglou, Marianthi-Anna and Coull, Brent},
  journal={Advances in neural information processing systems},
  volume={32},
  year={2019}
}

@inproceedings{liu2019large,
  title={Large-scale long-tailed recognition in an open world},
  author={Liu, Ziwei and Miao, Zhongqi and Zhan, Xiaohang and Wang, Jiayun and Gong, Boqing and Yu, Stella X},
  booktitle={Proceedings of the IEEE/CVF conference on computer vision and pattern recognition},
  pages={2537--2546},
  year={2019}
}

@article{lu2022dpm,
  title={Dpm-solver++: Fast solver for guided sampling of diffusion probabilistic models},
  author={Lu, Cheng and Zhou, Yuhao and Bao, Fan and Chen, Jianfei and Li, Chongxuan and Zhu, Jun},
  journal={arXiv preprint arXiv:2211.01095},
  year={2022}
}

@article{podell2023sdxl,
  title={Sdxl: Improving latent diffusion models for high-resolution image synthesis},
  author={Podell, Dustin and English, Zion and Lacey, Kyle and Blattmann, Andreas and Dockhorn, Tim and M{\"u}ller, Jonas and Penna, Joe and Rombach, Robin},
  journal={arXiv preprint arXiv:2307.01952},
  year={2023}
}

@article{pronovost2023scenario,
  title={Scenario diffusion: Controllable driving scenario generation with diffusion},
  author={Pronovost, Ethan and Ganesina, Meghana Reddy and Hendy, Noureldin and Wang, Zeyu and Morales, Andres and Wang, Kai and Roy, Nick},
  journal={Advances in Neural Information Processing Systems},
  volume={36},
  pages={68873--68894},
  year={2023}
}

@inproceedings{ran2024towards,
  title={Towards Realistic Scene Generation with LiDAR Diffusion Models},
  author={Ran, Haoxi and Guizilini, Vitor and Wang, Yue},
  booktitle={Proceedings of the IEEE/CVF Conference on Computer Vision and Pattern Recognition},
  pages={14738--14748},
  year={2024}
}

@inproceedings{rombach2022high,
  title={High-resolution image synthesis with latent diffusion models},
  author={Rombach, Robin and Blattmann, Andreas and Lorenz, Dominik and Esser, Patrick and Ommer, Bj{\"o}rn},
  booktitle={Proceedings of the IEEE/CVF conference on computer vision and pattern recognition},
  pages={10684--10695},
  year={2022}
}

@inproceedings{ross2017focal,
  title={Focal loss for dense object detection},
  author={Ross, T-YLPG and Doll{\'a}r, GKHP},
  booktitle={proceedings of the IEEE conference on computer vision and pattern recognition},
  pages={2980--2988},
  year={2017}
}

@inproceedings{ruiz2023dreambooth,
  title={Dreambooth: Fine tuning text-to-image diffusion models for subject-driven generation},
  author={Ruiz, Nataniel and Li, Yuanzhen and Jampani, Varun and Pritch, Yael and Rubinstein, Michael and Aberman, Kfir},
  booktitle={Proceedings of the IEEE/CVF conference on computer vision and pattern recognition},
  pages={22500--22510},
  year={2023}
}

@article{song2020denoising,
  title={Denoising diffusion implicit models},
  author={Song, Jiaming and Meng, Chenlin and Ermon, Stefano},
  journal={arXiv preprint arXiv:2010.02502},
  year={2020}
}

@inproceedings{van2018inaturalist,
  title={The inaturalist species classification and detection dataset},
  author={Van Horn, Grant and Mac Aodha, Oisin and Song, Yang and Cui, Yin and Sun, Chen and Shepard, Alex and Adam, Hartwig and Perona, Pietro and Belongie, Serge},
  booktitle={Proceedings of the IEEE conference on computer vision and pattern recognition},
  pages={8769--8778},
  year={2018}
}

@inproceedings{van2020uncertainty,
  title={Uncertainty estimation using a single deep deterministic neural network},
  author={Van Amersfoort, Joost and Smith, Lewis and Teh, Yee Whye and Gal, Yarin},
  booktitle={International conference on machine learning},
  pages={9690--9700},
  year={2020},
  organization={PMLR}
}

@inproceedings{wallace2023edict,
  title={Edict: Exact diffusion inversion via coupled transformations},
  author={Wallace, Bram and Gokul, Akash and Naik, Nikhil},
  booktitle={Proceedings of the IEEE/CVF Conference on Computer Vision and Pattern Recognition},
  pages={22532--22541},
  year={2023}
}

@inproceedings{wallace2023end,
  title={End-to-end diffusion latent optimization improves classifier guidance},
  author={Wallace, Bram and Gokul, Akash and Ermon, Stefano and Naik, Nikhil},
  booktitle={Proceedings of the IEEE/CVF International Conference on Computer Vision},
  pages={7280--7290},
  year={2023}
}

@article{wilson2020bayesian,
  title={Bayesian deep learning and a probabilistic perspective of generalization},
  author={Wilson, Andrew G and Izmailov, Pavel},
  journal={Advances in neural information processing systems},
  volume={33},
  pages={4697--4708},
  year={2020}
}

@inproceedings{xiang2020learning,
  title={Learning from multiple experts: Self-paced knowledge distillation for long-tailed classification},
  author={Xiang, Liuyu and Ding, Guiguang and Han, Jungong},
  booktitle={Computer Vision--ECCV 2020: 16th European Conference, Glasgow, UK, August 23--28, 2020, Proceedings, Part V 16},
  pages={247--263},
  year={2020},
  organization={Springer}
}

@inproceedings{xu2023learning,
  title={Learning imbalanced data with vision transformers},
  author={Xu, Zhengzhuo and Liu, Ruikang and Yang, Shuo and Chai, Zenghao and Yuan, Chun},
  booktitle={Proceedings of the IEEE/CVF conference on computer vision and pattern recognition},
  pages={15793--15803},
  year={2023}
}

@inproceedings{yu2023freedom,
  title={Freedom: Training-free energy-guided conditional diffusion model},
  author={Yu, Jiwen and Wang, Yinhuai and Zhao, Chen and Ghanem, Bernard and Zhang, Jian},
  booktitle={Proceedings of the IEEE/CVF International Conference on Computer Vision},
  pages={23174--23184},
  year={2023}
}

@inproceedings{zhang2023adding,
  title={Adding conditional control to text-to-image diffusion models},
  author={Zhang, Lvmin and Rao, Anyi and Agrawala, Maneesh},
  booktitle={Proceedings of the IEEE/CVF International Conference on Computer Vision},
  pages={3836--3847},
  year={2023}
}

@article{zhang2023expanding,
  title={Expanding small-scale datasets with guided imagination},
  author={Zhang, Yifan and Zhou, Daquan and Hooi, Bryan and Wang, Kai and Feng, Jiashi},
  journal={Advances in neural information processing systems},
  volume={36},
  pages={76558--76618},
  year={2023}
}

@inproceedings{zhong2023language,
  title={Language-guided traffic simulation via scene-level diffusion},
  author={Zhong, Ziyuan and Rempe, Davis and Chen, Yuxiao and Ivanovic, Boris and Cao, Yulong and Xu, Danfei and Pavone, Marco and Ray, Baishakhi},
  booktitle={Conference on Robot Learning},
  pages={144--177},
  year={2023},
  organization={PMLR}
}

@article{zhou2023training,
  title={Training on thin air: Improve image classification with generated data},
  author={Zhou, Yongchao and Sahak, Hshmat and Ba, Jimmy},
  journal={arXiv preprint arXiv:2305.15316},
  year={2023}
}

