@article{wei2022chain,
  title={Chain-of-thought prompting elicits reasoning in large language models},
  author={Wei, Jason and Wang, Xuezhi and Schuurmans, Dale and Bosma, Maarten and Xia, Fei and Chi, Ed and Le, Quoc V and Zhou, Denny and others},
  journal={Advances in neural information processing systems},
  volume={35},
  pages={24824--24837},
  year={2022}
}

@article{yao2024tree,
  title={Tree of thoughts: Deliberate problem solving with large language models},
  author={Yao, Shunyu and Yu, Dian and Zhao, Jeffrey and Shafran, Izhak and Griffiths, Tom and Cao, Yuan and Narasimhan, Karthik},
  journal={Advances in Neural Information Processing Systems},
  volume={36},
  year={2024}
}

@inproceedings{rombach2022high,
  title={High-resolution image synthesis with latent diffusion models},
  author={Rombach, Robin and Blattmann, Andreas and Lorenz, Dominik and Esser, Patrick and Ommer, Bj{\"o}rn},
  booktitle={Proceedings of the IEEE/CVF conference on computer vision and pattern recognition},
  pages={10684--10695},
  year={2022}
}

@article{brown2020language,
  title={Language models are few-shot learners},
  author={Brown, Tom and Mann, Benjamin and Ryder, Nick and Subbiah, Melanie and Kaplan, Jared D and Dhariwal, Prafulla and Neelakantan, Arvind and Shyam, Pranav and Sastry, Girish and Askell, Amanda and others},
  journal={Advances in neural information processing systems},
  volume={33},
  pages={1877--1901},
  year={2020}
}

@techreport{openai2023gpt4,
  title={GPT-4 Technical Report},
  author={OpenAI},
  year={2023},
  url={https://openai.com/research/gpt-4},
  institution={OpenAI},
}

@misc{anthropic2024claude3,
  title={Introducing the next generation of Claude},
  author={Anthropic},
  year={2024},
  url={https://www.anthropic.com/news/claude-3-family},
  note={Accessed: 2025-01-03}
}

@article{zhang2023expanding,
  title={Expanding small-scale datasets with guided imagination},
  author={Zhang, Yifan and Zhou, Daquan and Hooi, Bryan and Wang, Kai and Feng, Jiashi},
  journal={Advances in neural information processing systems},
  volume={36},
  pages={76558--76618},
  year={2023}
}

@article{lakshminarayanan2017simple,
  title={Simple and scalable predictive uncertainty estimation using deep ensembles},
  author={Lakshminarayanan, Balaji and Pritzel, Alexander and Blundell, Charles},
  journal={Advances in neural information processing systems},
  volume={30},
  year={2017}
}

@article{liu2019accurate,
  title={Accurate uncertainty estimation and decomposition in ensemble learning},
  author={Liu, Jeremiah and Paisley, John and Kioumourtzoglou, Marianthi-Anna and Coull, Brent},
  journal={Advances in neural information processing systems},
  volume={32},
  year={2019}
}

@inproceedings{depeweg2018decomposition,
  title={Decomposition of uncertainty in Bayesian deep learning for efficient and risk-sensitive learning},
  author={Depeweg, Stefan and Hernandez-Lobato, Jose-Miguel and Doshi-Velez, Finale and Udluft, Steffen},
  booktitle={International conference on machine learning},
  pages={1184--1193},
  year={2018},
  organization={PMLR}
}

@article{wilson2020bayesian,
  title={Bayesian deep learning and a probabilistic perspective of generalization},
  author={Wilson, Andrew G and Izmailov, Pavel},
  journal={Advances in neural information processing systems},
  volume={33},
  pages={4697--4708},
  year={2020}
}

@inproceedings{wallace2023edict,
  title={Edict: Exact diffusion inversion via coupled transformations},
  author={Wallace, Bram and Gokul, Akash and Naik, Nikhil},
  booktitle={Proceedings of the IEEE/CVF Conference on Computer Vision and Pattern Recognition},
  pages={22532--22541},
  year={2023}
}

@inproceedings{yu2023freedom,
  title={Freedom: Training-free energy-guided conditional diffusion model},
  author={Yu, Jiwen and Wang, Yinhuai and Zhao, Chen and Ghanem, Bernard and Zhang, Jian},
  booktitle={Proceedings of the IEEE/CVF International Conference on Computer Vision},
  pages={23174--23184},
  year={2023}
}

@inproceedings{bansal2023universal,
  title={Universal guidance for diffusion models},
  author={Bansal, Arpit and Chu, Hong-Min and Schwarzschild, Avi and Sengupta, Soumyadip and Goldblum, Micah and Geiping, Jonas and Goldstein, Tom},
  booktitle={Proceedings of the IEEE/CVF Conference on Computer Vision and Pattern Recognition},
  pages={843--852},
  year={2023}
}

@article{dhariwal2021diffusion,
  title={Diffusion models beat gans on image synthesis},
  author={Dhariwal, Prafulla and Nichol, Alexander},
  journal={Advances in neural information processing systems},
  volume={34},
  pages={8780--8794},
  year={2021}
}

@article{ho2022classifier,
  title={Classifier-free diffusion guidance},
  author={Ho, Jonathan and Salimans, Tim},
  journal={arXiv preprint arXiv:2207.12598},
  year={2022}
}

@inproceedings{wallace2023end,
  title={End-to-end diffusion latent optimization improves classifier guidance},
  author={Wallace, Bram and Gokul, Akash and Ermon, Stefano and Naik, Nikhil},
  booktitle={Proceedings of the IEEE/CVF International Conference on Computer Vision},
  pages={7280--7290},
  year={2023}
}

@article{song2020denoising,
  title={Denoising diffusion implicit models},
  author={Song, Jiaming and Meng, Chenlin and Ermon, Stefano},
  journal={arXiv preprint arXiv:2010.02502},
  year={2020}
}

@article{karras2022elucidating,
  title={Elucidating the design space of diffusion-based generative models},
  author={Karras, Tero and Aittala, Miika and Aila, Timo and Laine, Samuli},
  journal={Advances in neural information processing systems},
  volume={35},
  pages={26565--26577},
  year={2022}
}

@article{ho2020denoising,
  title={Denoising diffusion probabilistic models},
  author={Ho, Jonathan and Jain, Ajay and Abbeel, Pieter},
  journal={Advances in neural information processing systems},
  volume={33},
  pages={6840--6851},
  year={2020}
}

@inproceedings{crowson2024scalable,
  title={Scalable high-resolution pixel-space image synthesis with hourglass diffusion transformers},
  author={Crowson, Katherine and Baumann, Stefan Andreas and Birch, Alex and Abraham, Tanishq Mathew and Kaplan, Daniel Z and Shippole, Enrico},
  booktitle={Forty-first International Conference on Machine Learning},
  year={2024}
}

@inproceedings{gal2016dropout,
  title={Dropout as a bayesian approximation: Representing model uncertainty in deep learning},
  author={Gal, Yarin and Ghahramani, Zoubin},
  booktitle={international conference on machine learning},
  pages={1050--1059},
  year={2016},
  organization={PMLR}
}

@article{tran2020hydra,
  title={Hydra: Preserving ensemble diversity for model distillation},
  author={Tran, Linh and Veeling, Bastiaan S and Roth, Kevin and Swiatkowski, Jakub and Dillon, Joshua V and Snoek, Jasper and Mandt, Stephan and Salimans, Tim and Nowozin, Sebastian and Jenatton, Rodolphe},
  journal={arXiv preprint arXiv:2001.04694},
  year={2020}
}

@article{azizi2023synthetic,
  title={Synthetic data from diffusion models improves imagenet classification},
  author={Azizi, Shekoofeh and Kornblith, Simon and Saharia, Chitwan and Norouzi, Mohammad and Fleet, David J},
  journal={arXiv preprint arXiv:2304.08466},
  year={2023}
}

@article{du2024dream,
  title={Dream the impossible: Outlier imagination with diffusion models},
  author={Du, Xuefeng and Sun, Yiyou and Zhu, Jerry and Li, Yixuan},
  journal={Advances in Neural Information Processing Systems},
  volume={36},
  year={2024}
}

@article{devries2017improved,
  title={Improved Regularization of Convolutional Neural Networks with Cutout},
  author={DeVries, Terrance},
  journal={arXiv preprint arXiv:1708.04552},
  year={2017}
}

@article{chen2020gridmask,
  title={Gridmask data augmentation},
  author={Chen, Pengguang and Liu, Shu and Zhao, Hengshuang and Wang, Xingquan and Jia, Jiaya},
  journal={arXiv preprint arXiv:2001.04086},
  year={2020}
}

@inproceedings{cubuk2020randaugment,
  title={Randaugment: Practical automated data augmentation with a reduced search space},
  author={Cubuk, Ekin D and Zoph, Barret and Shlens, Jonathon and Le, Quoc V},
  booktitle={Proceedings of the IEEE/CVF conference on computer vision and pattern recognition workshops},
  pages={702--703},
  year={2020}
}

@inproceedings{he2022masked,
  title={Masked autoencoders are scalable vision learners},
  author={He, Kaiming and Chen, Xinlei and Xie, Saining and Li, Yanghao and Doll{\'a}r, Piotr and Girshick, Ross},
  booktitle={Proceedings of the IEEE/CVF conference on computer vision and pattern recognition},
  pages={16000--16009},
  year={2022}
}

@article{ramesh2022hierarchical,
  title={Hierarchical text-conditional image generation with clip latents},
  author={Ramesh, Aditya and Dhariwal, Prafulla and Nichol, Alex and Chu, Casey and Chen, Mark},
  journal={arXiv preprint arXiv:2204.06125},
  volume={1},
  number={2},
  pages={3},
  year={2022}
}

@inproceedings{radford2021learning,
  title={Learning transferable visual models from natural language supervision},
  author={Radford, Alec and Kim, Jong Wook and Hallacy, Chris and Ramesh, Aditya and Goh, Gabriel and Agarwal, Sandhini and Sastry, Girish and Askell, Amanda and Mishkin, Pamela and Clark, Jack and others},
  booktitle={International conference on machine learning},
  pages={8748--8763},
  year={2021},
  organization={PMLR}
}

@inproceedings{chen2025pixart,
  title={PIXART-$\Sigma$: Weak-to-Strong Training of Diffusion Transformer for 4K Text-to-Image Generation},
  author={Chen, Junsong and Ge, Chongjian and Xie, Enze and Wu, Yue and Yao, Lewei and Ren, Xiaozhe and Wang, Zhongdao and Luo, Ping and Lu, Huchuan and Li, Zhenguo},
  booktitle={European Conference on Computer Vision},
  pages={74--91},
  year={2025},
  organization={Springer}
}

@article{zhou2023training,
  title={Training on thin air: Improve image classification with generated data},
  author={Zhou, Yongchao and Sahak, Hshmat and Ba, Jimmy},
  journal={arXiv preprint arXiv:2305.15316},
  year={2023}
}

@book{minsky2006emotion,
  title     = {The Emotion Machine: Commonsense Thinking, Artificial Intelligence, and the Future of the Human Mind},
  author    = {Marvin Minsky},
  year      = {2006},
  publisher = {Simon and Schuster},
  isbn      = {9780743276641},
}

@article{guzman2012multiple,
  title={Multiple choice learning: Learning to produce multiple structured outputs},
  author={Guzman-Rivera, Abner and Batra, Dhruv and Kohli, Pushmeet},
  journal={Advances in neural information processing systems},
  volume={25},
  year={2012}
}

@article{gou2021knowledge,
  title={Knowledge distillation: A survey},
  author={Gou, Jianping and Yu, Baosheng and Maybank, Stephen J and Tao, Dacheng},
  journal={International Journal of Computer Vision},
  volume={129},
  number={6},
  pages={1789--1819},
  year={2021},
  publisher={Springer}
}

@article{yu2023dataset,
  title={Dataset distillation: A comprehensive review},
  author={Yu, Ruonan and Liu, Songhua and Wang, Xinchao},
  journal={IEEE Transactions on Pattern Analysis and Machine Intelligence},
  year={2023},
  publisher={IEEE}
}

@article{kaplan2020scaling,
  title={Scaling laws for neural language models},
  author={Kaplan, Jared and McCandlish, Sam and Henighan, Tom and Brown, Tom B and Chess, Benjamin and Child, Rewon and Gray, Scott and Radford, Alec and Wu, Jeffrey and Amodei, Dario},
  journal={arXiv preprint arXiv:2001.08361},
  year={2020}
}

@article{liu2020energy,
  title={Energy-based out-of-distribution detection},
  author={Liu, Weitang and Wang, Xiaoyun and Owens, John and Li, Yixuan},
  journal={Advances in neural information processing systems},
  volume={33},
  pages={21464--21475},
  year={2020}
}

@article{jang2016categorical,
  title={Categorical reparameterization with gumbel-softmax},
  author={Jang, Eric and Gu, Shixiang and Poole, Ben},
  journal={arXiv preprint arXiv:1611.01144},
  year={2016}
}

@article{maddox2019simple,
  title={A simple baseline for bayesian uncertainty in deep learning},
  author={Maddox, Wesley J and Izmailov, Pavel and Garipov, Timur and Vetrov, Dmitry P and Wilson, Andrew Gordon},
  journal={Advances in neural information processing systems},
  volume={32},
  year={2019}
}

@article{song2020score,
  title={Score-based generative modeling through stochastic differential equations},
  author={Song, Yang and Sohl-Dickstein, Jascha and Kingma, Diederik P and Kumar, Abhishek and Ermon, Stefano and Poole, Ben},
  journal={arXiv preprint arXiv:2011.13456},
  year={2020}
}

@inproceedings{fei2004learning,
  title={Learning generative visual models from few training examples: An incremental bayesian approach tested on 101 object categories},
  author={Fei-Fei, Li and Fergus, Rob and Perona, Pietro},
  booktitle={2004 conference on computer vision and pattern recognition workshop},
  pages={178--178},
  year={2004},
  organization={IEEE}
}

@article{krause2013collecting,
  title={Collecting a large-scale dataset of fine-grained cars},
  author={Krause, Jonathan and Deng, Jia and Stark, Michael and Fei-Fei, Li},
  journal={},
  year={2013}
}

@inproceedings{nilsback2008automated,
  title={Automated flower classification over a large number of classes},
  author={Nilsback, Maria-Elena and Zisserman, Andrew},
  booktitle={2008 Sixth Indian conference on computer vision, graphics \& image processing},
  pages={722--729},
  year={2008},
  organization={IEEE}
}

@inproceedings{parkhi2012cats,
  title={Cats and dogs},
  author={Parkhi, Omkar M and Vedaldi, Andrea and Zisserman, Andrew and Jawahar, CV},
  booktitle={2012 IEEE conference on computer vision and pattern recognition},
  pages={3498--3505},
  year={2012},
  organization={IEEE}
}

@inproceedings{zhang2023adding,
  title={Adding conditional control to text-to-image diffusion models},
  author={Zhang, Lvmin and Rao, Anyi and Agrawala, Maneesh},
  booktitle={Proceedings of the IEEE/CVF International Conference on Computer Vision},
  pages={3836--3847},
  year={2023}
}

@inproceedings{ran2024towards,
  title={Towards Realistic Scene Generation with LiDAR Diffusion Models},
  author={Ran, Haoxi and Guizilini, Vitor and Wang, Yue},
  booktitle={Proceedings of the IEEE/CVF Conference on Computer Vision and Pattern Recognition},
  pages={14738--14748},
  year={2024}
}

@article{pronovost2023scenario,
  title={Scenario diffusion: Controllable driving scenario generation with diffusion},
  author={Pronovost, Ethan and Ganesina, Meghana Reddy and Hendy, Noureldin and Wang, Zeyu and Morales, Andres and Wang, Kai and Roy, Nick},
  journal={Advances in Neural Information Processing Systems},
  volume={36},
  pages={68873--68894},
  year={2023}
}

@inproceedings{zhong2023language,
  title={Language-guided traffic simulation via scene-level diffusion},
  author={Zhong, Ziyuan and Rempe, Davis and Chen, Yuxiao and Ivanovic, Boris and Cao, Yulong and Xu, Danfei and Pavone, Marco and Ray, Baishakhi},
  booktitle={Conference on Robot Learning},
  pages={144--177},
  year={2023},
  organization={PMLR}
}

@article{lu2022dpm,
  title={Dpm-solver++: Fast solver for guided sampling of diffusion probabilistic models},
  author={Lu, Cheng and Zhou, Yuhao and Bao, Fan and Chen, Jianfei and Li, Chongxuan and Zhu, Jun},
  journal={arXiv preprint arXiv:2211.01095},
  year={2022}
}

@inproceedings{ruiz2023dreambooth,
  title={Dreambooth: Fine tuning text-to-image diffusion models for subject-driven generation},
  author={Ruiz, Nataniel and Li, Yuanzhen and Jampani, Varun and Pritch, Yael and Rubinstein, Michael and Aberman, Kfir},
  booktitle={Proceedings of the IEEE/CVF conference on computer vision and pattern recognition},
  pages={22500--22510},
  year={2023}
}

@inproceedings{kumari2023multi,
  title={Multi-concept customization of text-to-image diffusion},
  author={Kumari, Nupur and Zhang, Bingliang and Zhang, Richard and Shechtman, Eli and Zhu, Jun-Yan},
  booktitle={Proceedings of the IEEE/CVF Conference on Computer Vision and Pattern Recognition},
  pages={1931--1941},
  year={2023}
}

@inproceedings{li2022bigdatasetgan,
  title={Bigdatasetgan: Synthesizing imagenet with pixel-wise annotations},
  author={Li, Daiqing and Ling, Huan and Kim, Seung Wook and Kreis, Karsten and Fidler, Sanja and Torralba, Antonio},
  booktitle={Proceedings of the IEEE/CVF Conference on Computer Vision and Pattern Recognition},
  pages={21330--21340},
  year={2022}
}

@inproceedings{van2020uncertainty,
  title={Uncertainty estimation using a single deep deterministic neural network},
  author={Van Amersfoort, Joost and Smith, Lewis and Teh, Yee Whye and Gal, Yarin},
  booktitle={International conference on machine learning},
  pages={9690--9700},
  year={2020},
  organization={PMLR}
}

@article{huang2021importance,
  title={On the importance of gradients for detecting distributional shifts in the wild},
  author={Huang, Rui and Geng, Andrew and Li, Yixuan},
  journal={Advances in Neural Information Processing Systems},
  volume={34},
  pages={677--689},
  year={2021}
}

@inproceedings{hsu2020generalized,
  title={Generalized odin: Detecting out-of-distribution image without learning from out-of-distribution data},
  author={Hsu, Yen-Chang and Shen, Yilin and Jin, Hongxia and Kira, Zsolt},
  booktitle={Proceedings of the IEEE/CVF conference on computer vision and pattern recognition},
  pages={10951--10960},
  year={2020}
}

@article{lee2018simple,
  title={A simple unified framework for detecting out-of-distribution samples and adversarial attacks},
  author={Lee, Kimin and Lee, Kibok and Lee, Honglak and Shin, Jinwoo},
  journal={Advances in neural information processing systems},
  volume={31},
  year={2018}
}

@inproceedings{cohen2020detecting,
  title={Detecting adversarial samples using influence functions and nearest neighbors},
  author={Cohen, Gilad and Sapiro, Guillermo and Giryes, Raja},
  booktitle={Proceedings of the IEEE/CVF conference on computer vision and pattern recognition},
  pages={14453--14462},
  year={2020}
}

@inproceedings{xu2023learning,
  title={Learning imbalanced data with vision transformers},
  author={Xu, Zhengzhuo and Liu, Ruikang and Yang, Shuo and Chai, Zenghao and Yuan, Chun},
  booktitle={Proceedings of the IEEE/CVF conference on computer vision and pattern recognition},
  pages={15793--15803},
  year={2023}
}

@inproceedings{ross2017focal,
  title={Focal loss for dense object detection},
  author={Ross, T-YLPG and Doll{\'a}r, GKHP},
  booktitle={proceedings of the IEEE conference on computer vision and pattern recognition},
  pages={2980--2988},
  year={2017}
}

@inproceedings{liu2019large,
  title={Large-scale long-tailed recognition in an open world},
  author={Liu, Ziwei and Miao, Zhongqi and Zhan, Xiaohang and Wang, Jiayun and Gong, Boqing and Yu, Stella X},
  booktitle={Proceedings of the IEEE/CVF conference on computer vision and pattern recognition},
  pages={2537--2546},
  year={2019}
}

@inproceedings{van2018inaturalist,
  title={The inaturalist species classification and detection dataset},
  author={Van Horn, Grant and Mac Aodha, Oisin and Song, Yang and Cui, Yin and Sun, Chen and Shepard, Alex and Adam, Hartwig and Perona, Pietro and Belongie, Serge},
  booktitle={Proceedings of the IEEE conference on computer vision and pattern recognition},
  pages={8769--8778},
  year={2018}
}

@article{podell2023sdxl,
  title={Sdxl: Improving latent diffusion models for high-resolution image synthesis},
  author={Podell, Dustin and English, Zion and Lacey, Kyle and Blattmann, Andreas and Dockhorn, Tim and M{\"u}ller, Jonas and Penna, Joe and Rombach, Robin},
  journal={arXiv preprint arXiv:2307.01952},
  year={2023}
}

@article{bao2021beit,
  title={Beit: Bert pre-training of image transformers},
  author={Bao, Hangbo and Dong, Li and Piao, Songhao and Wei, Furu},
  journal={arXiv preprint arXiv:2106.08254},
  year={2021}
}

@inproceedings{xiang2020learning,
  title={Learning from multiple experts: Self-paced knowledge distillation for long-tailed classification},
  author={Xiang, Liuyu and Ding, Guiguang and Han, Jungong},
  booktitle={Computer Vision--ECCV 2020: 16th European Conference, Glasgow, UK, August 23--28, 2020, Proceedings, Part V 16},
  pages={247--263},
  year={2020},
  organization={Springer}
}

@article{zhang2022memo,
  title={Memo: Test time robustness via adaptation and augmentation},
  author={Zhang, Marvin and Levine, Sergey and Finn, Chelsea},
  journal={Advances in neural information processing systems},
  volume={35},
  pages={38629--38642},
  year={2022}
}

@inproceedings{cubuk2019autoaugment,
  title={Autoaugment: Learning augmentation strategies from data},
  author={Cubuk, Ekin D and Zoph, Barret and Mane, Dandelion and Vasudevan, Vijay and Le, Quoc V},
  booktitle={Proceedings of the IEEE/CVF conference on computer vision and pattern recognition},
  pages={113--123},
  year={2019}
}

@inproceedings{yun2019cutmix,
  title={Cutmix: Regularization strategy to train strong classifiers with localizable features},
  author={Yun, Sangdoo and Han, Dongyoon and Oh, Seong Joon and Chun, Sanghyuk and Choe, Junsuk and Yoo, Youngjoon},
  booktitle={Proceedings of the IEEE/CVF international conference on computer vision},
  pages={6023--6032},
  year={2019}
}

@article{hendrycks2019augmix,
  title={Augmix: A simple data processing method to improve robustness and uncertainty},
  author={Hendrycks, Dan and Mu, Norman and Cubuk, Ekin D and Zoph, Barret and Gilmer, Justin and Lakshminarayanan, Balaji},
  journal={arXiv preprint arXiv:1912.02781},
  year={2019}
}

@inproceedings{hendrycks2021many,
  title={The many faces of robustness: A critical analysis of out-of-distribution generalization},
  author={Hendrycks, Dan and Basart, Steven and Mu, Norman and Kadavath, Saurav and Wang, Frank and Dorundo, Evan and Desai, Rahul and Zhu, Tyler and Parajuli, Samyak and Guo, Mike and others},
  booktitle={Proceedings of the IEEE/CVF international conference on computer vision},
  pages={8340--8349},
  year={2021}
}

@article{hu2021lora,
  title={Lora: Low-rank adaptation of large language models},
  author={Hu, Edward J and Shen, Yelong and Wallis, Phillip and Allen-Zhu, Zeyuan and Li, Yuanzhi and Wang, Shean and Wang, Lu and Chen, Weizhu},
  journal={arXiv preprint arXiv:2106.09685},
  year={2021}
}

@misc{liu2024llavanext,
    title={LLaVA-NeXT: Improved reasoning, OCR, and world knowledge},
    url={https://llava-vl.github.io/blog/2024-01-30-llava-next/},
    author={Liu, Haotian and Li, Chunyuan and Li, Yuheng and Li, Bo and Zhang, Yuanhan and Shen, Sheng and Lee, Yong Jae},
    month={January},
    year={2024}
}

@inproceedings{yu2020bdd100k,
  title={Bdd100k: A diverse driving dataset for heterogeneous multitask learning},
  author={Yu, Fisher and Chen, Haofeng and Wang, Xin and Xian, Wenqi and Chen, Yingying and Liu, Fangchen and Madhavan, Vashisht and Darrell, Trevor},
  booktitle={Proceedings of the IEEE/CVF conference on computer vision and pattern recognition},
  pages={2636--2645},
  year={2020}
}

@article{devlin2018bert,
  title={Bert: Pre-training of deep bidirectional transformers for language understanding},
  author={Devlin, Jacob},
  journal={arXiv preprint arXiv:1810.04805},
  year={2018}
}

@inproceedings{cui2019class,
  title={Class-balanced loss based on effective number of samples},
  author={Cui, Yin and Jia, Menglin and Lin, Tsung-Yi and Song, Yang and Belongie, Serge},
  booktitle={Proceedings of the IEEE/CVF conference on computer vision and pattern recognition},
  pages={9268--9277},
  year={2019}
}

@article{cao2019learning,
  title={Learning imbalanced datasets with label-distribution-aware margin loss},
  author={Cao, Kaidi and Wei, Colin and Gaidon, Adrien and Arechiga, Nikos and Ma, Tengyu},
  journal={Advances in neural information processing systems},
  volume={32},
  year={2019}
}

@article{kang2019decoupling,
  title={Decoupling representation and classifier for long-tailed recognition},
  author={Kang, Bingyi and Xie, Saining and Rohrbach, Marcus and Yan, Zhicheng and Gordo, Albert and Feng, Jiashi and Kalantidis, Yannis},
  journal={arXiv preprint arXiv:1910.09217},
  year={2019}
}

@article{tang2020long,
  title={Long-tailed classification by keeping the good and removing the bad momentum causal effect},
  author={Tang, Kaihua and Huang, Jianqiang and Zhang, Hanwang},
  journal={Advances in neural information processing systems},
  volume={33},
  pages={1513--1524},
  year={2020}
}

@article{wang2020long,
  title={Long-tailed recognition by routing diverse distribution-aware experts},
  author={Wang, Xudong and Lian, Long and Miao, Zhongqi and Liu, Ziwei and Yu, Stella X},
  journal={arXiv preprint arXiv:2010.01809},
  year={2020}
}

@inproceedings{zhong2021improving,
  title={Improving calibration for long-tailed recognition},
  author={Zhong, Zhisheng and Cui, Jiequan and Liu, Shu and Jia, Jiaya},
  booktitle={Proceedings of the IEEE/CVF conference on computer vision and pattern recognition},
  pages={16489--16498},
  year={2021}
}

@inproceedings{zhang2021distribution,
  title={Distribution alignment: A unified framework for long-tail visual recognition},
  author={Zhang, Songyang and Li, Zeming and Yan, Shipeng and He, Xuming and Sun, Jian},
  booktitle={Proceedings of the IEEE/CVF conference on computer vision and pattern recognition},
  pages={2361--2370},
  year={2021}
}

@inproceedings{cai2021ace,
  title={Ace: Ally complementary experts for solving long-tailed recognition in one-shot},
  author={Cai, Jiarui and Wang, Yizhou and Hwang, Jenq-Neng},
  booktitle={Proceedings of the IEEE/CVF international conference on computer vision},
  pages={112--121},
  year={2021}
}

@inproceedings{cui2021parametric,
  title={Parametric contrastive learning},
  author={Cui, Jiequan and Zhong, Zhisheng and Liu, Shu and Yu, Bei and Jia, Jiaya},
  booktitle={Proceedings of the IEEE/CVF international conference on computer vision},
  pages={715--724},
  year={2021}
}

@article{zhang2022self,
  title={Self-supervised aggregation of diverse experts for test-agnostic long-tailed recognition},
  author={Zhang, Yifan and Hooi, Bryan and Hong, Lanqing and Feng, Jiashi},
  journal={Advances in Neural Information Processing Systems},
  volume={35},
  pages={34077--34090},
  year={2022}
}

@inproceedings{li2022targeted,
  title={Targeted supervised contrastive learning for long-tailed recognition},
  author={Li, Tianhong and Cao, Peng and Yuan, Yuan and Fan, Lijie and Yang, Yuzhe and Feris, Rogerio S and Indyk, Piotr and Katabi, Dina},
  booktitle={Proceedings of the IEEE/CVF conference on computer vision and pattern recognition},
  pages={6918--6928},
  year={2022}
}

@inproceedings{li2022long,
  title={Long-tailed visual recognition via gaussian clouded logit adjustment},
  author={Li, Mengke and Cheung, Yiu-ming and Lu, Yang},
  booktitle={Proceedings of the IEEE/CVF Conference on Computer Vision and Pattern Recognition},
  pages={6929--6938},
  year={2022}
}

@inproceedings{li2022trustworthy,
  title={Trustworthy long-tailed classification},
  author={Li, Bolian and Han, Zongbo and Li, Haining and Fu, Huazhu and Zhang, Changqing},
  booktitle={Proceedings of the IEEE/CVF Conference on Computer Vision and Pattern Recognition},
  pages={6970--6979},
  year={2022}
}

@inproceedings{zhu2022balanced,
  title={Balanced contrastive learning for long-tailed visual recognition},
  author={Zhu, Jianggang and Wang, Zheng and Chen, Jingjing and Chen, Yi-Ping Phoebe and Jiang, Yu-Gang},
  booktitle={Proceedings of the IEEE/CVF Conference on Computer Vision and Pattern Recognition},
  pages={6908--6917},
  year={2022}
}

@inproceedings{li2022nested,
  title={Nested collaborative learning for long-tailed visual recognition},
  author={Li, Jun and Tan, Zichang and Wan, Jun and Lei, Zhen and Guo, Guodong},
  booktitle={Proceedings of the IEEE/CVF Conference on Computer Vision and Pattern Recognition},
  pages={6949--6958},
  year={2022}
}

@inproceedings{hong2022safa,
  title={Safa: Sample-adaptive feature augmentation for long-tailed image classification},
  author={Hong, Yan and Zhang, Jianfu and Sun, Zhongyi and Yan, Ke},
  booktitle={European Conference on Computer Vision},
  pages={587--603},
  year={2022},
  organization={Springer}
}

@inproceedings{wang2022towards,
  title={Towards calibrated hyper-sphere representation via distribution overlap coefficient for long-tailed learning},
  author={Wang, Hualiang and Fu, Siming and He, Xiaoxuan and Fang, Hangxiang and Liu, Zuozhu and Hu, Haoji},
  booktitle={European Conference on Computer Vision},
  pages={179--196},
  year={2022},
  organization={Springer}
}

@inproceedings{xu2022constructing,
  title={Constructing balance from imbalance for long-tailed image recognition},
  author={Xu, Yue and Li, Yong-Lu and Li, Jiefeng and Lu, Cewu},
  booktitle={European Conference on Computer Vision},
  pages={38--56},
  year={2022},
  organization={Springer}
}

@article{dosovitskiy2020image,
  title={An image is worth 16x16 words: Transformers for image recognition at scale},
  author={Dosovitskiy, Alexey},
  journal={arXiv preprint arXiv:2010.11929},
  year={2020}
}

@inproceedings{touvron2022deit,
  title={Deit iii: Revenge of the vit},
  author={Touvron, Hugo and Cord, Matthieu and J{\'e}gou, Herv{\'e}},
  booktitle={European conference on computer vision},
  pages={516--533},
  year={2022},
  organization={Springer}
}

@article{heusel2017gans,
  title={Gans trained by a two time-scale update rule converge to a local nash equilibrium},
  author={Heusel, Martin and Ramsauer, Hubert and Unterthiner, Thomas and Nessler, Bernhard and Hochreiter, Sepp},
  journal={Advances in neural information processing systems},
  volume={30},
  year={2017}
}

@article{bansal2023leaving,
  title={Leaving reality to imagination: Robust classification via generated datasets},
  author={Bansal, Hritik and Grover, Aditya},
  journal={arXiv preprint arXiv:2302.02503},
  year={2023}
}

@article{gowal2021improving,
  title={Improving robustness using generated data},
  author={Gowal, Sven and Rebuffi, Sylvestre-Alvise and Wiles, Olivia and Stimberg, Florian and Calian, Dan Andrei and Mann, Timothy A},
  journal={Advances in Neural Information Processing Systems},
  volume={34},
  pages={4218--4233},
  year={2021}
}

@inproceedings{jiang2023motiondiffuser,
  title={Motiondiffuser: Controllable multi-agent motion prediction using diffusion},
  author={Jiang, Chiyu and Cornman, Andre and Park, Cheolho and Sapp, Benjamin and Zhou, Yin and Anguelov, Dragomir and others},
  booktitle={Proceedings of the IEEE/CVF Conference on Computer Vision and Pattern Recognition},
  pages={9644--9653},
  year={2023}
}

@inproceedings{jiang2022improving,
  title={Improving the intra-class long-tail in 3d detection via rare example mining},
  author={Jiang, Chiyu Max and Najibi, Mahyar and Qi, Charles R and Zhou, Yin and Anguelov, Dragomir},
  booktitle={European Conference on Computer Vision},
  pages={158--175},
  year={2022},
  organization={Springer}
}