% Use this file for citations not found in the ACL Anthology (contained in "anthology.bib").
@article{ZhuDeepseekCode24,
  author       = {DeepSeek{-}AI and
                  Qihao Zhu and
                  Daya Guo and
                  Zhihong Shao and
                  Dejian Yang and
                  Peiyi Wang and
                  Runxin Xu and
                  Y. Wu and
                  Yukun Li and
                  Huazuo Gao and
                  Shirong Ma and
                  Wangding Zeng and others},
  title        = {DeepSeek-Coder-V2: Breaking the Barrier of Closed-Source Models in
                  Code Intelligence},
  journal      = {CoRR},
  volume       = {abs/2406.11931},
  year         = {2024},
  url          = {https://doi.org/10.48550/arXiv.2406.11931},
  doi          = {10.48550/ARXIV.2406.11931},
  eprinttype    = {arXiv},
  eprint       = {2406.11931},
  timestamp    = {Thu, 18 Jul 2024 15:01:31 +0200},
  biburl       = {https://dblp.org/rec/journals/corr/abs-2406-11931.bib},
  bibsource    = {dblp computer science bibliography, https://dblp.org}
}
@article{wu2023bloomberggpt,
  title={Bloomberggpt: A large language model for finance},
  author={Wu, Shijie and Irsoy, Ozan and Lu, Steven and Dabravolski, Vadim and Dredze, Mark and Gehrmann, Sebastian and Kambadur, Prabhanjan and Rosenberg, David and Mann, Gideon},
  journal={arXiv preprint arXiv:2303.17564},
  year={2023}
}
@article{chen2023meditron,
  title={Meditron-70b: Scaling medical pretraining for large language models},
  author={Chen, Zeming and Cano, Alejandro Hern{\'a}ndez and Romanou, Angelika and Bonnet, Antoine and Matoba, Kyle and Salvi, Francesco and Pagliardini, Matteo and Fan, Simin and K{\"o}pf, Andreas and Mohtashami, Amirkeivan and others},
  journal={arXiv preprint arXiv:2311.16079},
  year={2023}
}
@article{LiuDeepseekV324,
  author       = {DeepSeek{-}AI and
                  Aixin Liu and
                  Bei Feng and
                  Bing Xue and
                  Bingxuan Wang and
                  Bochao Wu and
                  Chengda Lu and
                  Chenggang Zhao and
                  Chengqi Deng and
                  Chenyu Zhang and
                  Chong Ruan and
                  Damai Dai and
                  Daya Guo and
                  Dejian Yang and others},
  title        = {DeepSeek-V3 Technical Report},
  journal      = {CoRR},
  volume       = {abs/2412.19437},
  year         = {2024},
  url          = {https://doi.org/10.48550/arXiv.2412.19437},
  doi          = {10.48550/ARXIV.2412.19437},
  eprinttype    = {arXiv},
  eprint       = {2412.19437},
  timestamp    = {Sat, 25 Jan 2025 22:09:30 +0100},
  biburl       = {https://dblp.org/rec/journals/corr/abs-2412-19437.bib},
  bibsource    = {dblp computer science bibliography, https://dblp.org}
}
@article{YangQwen224,
  author       = {An Yang and
                  Baosong Yang and
                  Binyuan Hui and
                  Bo Zheng and
                  Bowen Yu and
                  Chang Zhou and
                  Chengpeng Li and
                  Chengyuan Li and
                  Dayiheng Liu and
                  Fei Huang and others},
  title        = {Qwen2 Technical Report},
  journal      = {CoRR},
  volume       = {abs/2407.10671},
  year         = {2024},
  url          = {https://doi.org/10.48550/arXiv.2407.10671},
  doi          = {10.48550/ARXIV.2407.10671},
  eprinttype    = {arXiv},
  eprint       = {2407.10671},
  timestamp    = {Thu, 10 Oct 2024 07:59:37 +0200},
  biburl       = {https://dblp.org/rec/journals/corr/abs-2407-10671.bib},
  bibsource    = {dblp computer science bibliography, https://dblp.org}
}
@misc{Doubao2024,
  author = {Doubao},
  title = {Doubao: AI Large Model Platform},
  year = {2024},
  note = {Accessed: 2024-12-09},
}
@inproceedings{LiLFD24,
  author       = {Ming Li and
                  Yong Zhang and
                  Zhitao Li and
                  Jiuhai Chen and
                  Lichang Chen and
                  Ning Cheng and
                  Jianzong Wang and
                  Tianyi Zhou and
                  Jing Xiao},
  editor       = {Kevin Duh and
                  Helena G{\'{o}}mez{-}Adorno and
                  Steven Bethard},
  title        = {From Quantity to Quality: Boosting {LLM} Performance with Self-Guided
                  Data Selection for Instruction Tuning},
  booktitle    = {Proceedings of the 2024 Conference of the North American Chapter of
                  the Association for Computational Linguistics: Human Language Technologies
                  (Volume 1: Long Papers), {NAACL} 2024, Mexico City, Mexico, June 16-21,
                  2024},
  pages        = {7602--7635},
  publisher    = {Association for Computational Linguistics},
  year         = {2024},
  url          = {https://doi.org/10.18653/v1/2024.naacl-long.421},
  doi          = {10.18653/V1/2024.NAACL-LONG.421},
  timestamp    = {Thu, 29 Aug 2024 17:13:57 +0200},
  biburl       = {https://dblp.org/rec/conf/naacl/LiZLCC0W0024.bib},
  bibsource    = {dblp computer science bibliography, https://dblp.org}
}
@inproceedings{NiT522,
  author       = {Jianmo Ni and
                  Gustavo Hern{\'{a}}ndez {\'{A}}brego and
                  Noah Constant and
                  Ji Ma and
                  Keith B. Hall and
                  Daniel Cer and
                  Yinfei Yang},
  editor       = {Smaranda Muresan and
                  Preslav Nakov and
                  Aline Villavicencio},
  title        = {Sentence-T5: Scalable Sentence Encoders from Pre-trained Text-to-Text
                  Models},
  booktitle    = {Findings of the Association for Computational Linguistics: {ACL} 2022,
                  Dublin, Ireland, May 22-27, 2022},
  pages        = {1864--1874},
  publisher    = {Association for Computational Linguistics},
  year         = {2022},
  url          = {https://doi.org/10.18653/v1/2022.findings-acl.146},
  doi          = {10.18653/V1/2022.FINDINGS-ACL.146},
  timestamp    = {Thu, 05 Jan 2023 22:22:54 +0100},
  biburl       = {https://dblp.org/rec/conf/acl/NiACMHCY22.bib},
  bibsource    = {dblp computer science bibliography, https://dblp.org}
}
@article{DingFullparameter23,
  author       = {Ning Ding and
                  Yujia Qin and
                  Guang Yang and
                  Fuchao Wei and
                  Zonghan Yang and
                  Yusheng Su and
                  Shengding Hu and
                  Yulin Chen and
                  Chi{-}Min Chan and
                  Weize Chen and
                  Jing Yi and
                  Weilin Zhao and
                  Xiaozhi Wang and
                  Zhiyuan Liu and
                  Hai{-}Tao Zheng and
                  Jianfei Chen and
                  Yang Liu and
                  Jie Tang and
                  Juanzi Li and
                  Maosong Sun},
  title        = {Parameter-efficient fine-tuning of large-scale pre-trained language
                  models},
  journal      = {Nat. Mac. Intell.},
  volume       = {5},
  number       = {3},
  pages        = {220--235},
  year         = {2023},
  url          = {https://doi.org/10.1038/s42256-023-00626-4},
  doi          = {10.1038/S42256-023-00626-4},
  timestamp    = {Sun, 06 Oct 2024 21:35:37 +0200},
  biburl       = {https://dblp.org/rec/journals/natmi/DingQYWYSHCCCYZWLZCLTLS23.bib},
  bibsource    = {dblp computer science bibliography, https://dblp.org}
}
@inproceedings{HuSWALWWCLora22,
  author       = {Edward J. Hu and
                  Yelong Shen and
                  Phillip Wallis and
                  Zeyuan Allen{-}Zhu and
                  Yuanzhi Li and
                  Shean Wang and
                  Lu Wang and
                  Weizhu Chen},
  title        = {LoRA: Low-Rank Adaptation of Large Language Models},
  booktitle    = {The Tenth International Conference on Learning Representations, {ICLR}
                  2022, Virtual Event, April 25-29, 2022},
  publisher    = {OpenReview.net},
  year         = {2022},
  url          = {https://openreview.net/forum?id=nZeVKeeFYf9},
  timestamp    = {Sat, 20 Aug 2022 01:15:42 +0200},
  biburl       = {https://dblp.org/rec/conf/iclr/HuSWALWWC22.bib},
  bibsource    = {dblp computer science bibliography, https://dblp.org}
}
@article{Goelquantifyembedding24,
  author       = {Samarth Goel and
                  Reagan J. Lee and
                  Kannan Ramchandran},
  title        = {Quantifying Positional Biases in Text Embedding Models},
  journal      = {CoRR},
  volume       = {abs/2412.15241},
  year         = {2024},
  url          = {https://doi.org/10.48550/arXiv.2412.15241},
  doi          = {10.48550/ARXIV.2412.15241},
  eprinttype    = {arXiv},
  eprint       = {2412.15241},
  timestamp    = {Thu, 23 Jan 2025 22:31:31 +0100},
  biburl       = {https://dblp.org/rec/journals/corr/abs-2412-15241.bib},
  bibsource    = {dblp computer science bibliography, https://dblp.org}
}
@inproceedings{JoshiSBN20,
  author       = {Brihi Joshi and
                  Neil Shah and
                  Francesco Barbieri and
                  Leonardo Neves},
  editor       = {Donia Scott and
                  N{\'{u}}ria Bel and
                  Chengqing Zong},
  title        = {The Devil is in the Details: Evaluating Limitations of Transformer-based
                  Methods for Granular Tasks},
  booktitle    = {Proceedings of the 28th International Conference on Computational
                  Linguistics, {COLING} 2020, Barcelona, Spain (Online), December 8-13,
                  2020},
  pages        = {3652--3659},
  publisher    = {International Committee on Computational Linguistics},
  year         = {2020},
  url          = {https://doi.org/10.18653/v1/2020.coling-main.326},
  doi          = {10.18653/V1/2020.COLING-MAIN.326},
  timestamp    = {Fri, 06 Aug 2021 00:39:50 +0200},
  biburl       = {https://dblp.org/rec/conf/coling/JoshiSBN20.bib},
  bibsource    = {dblp computer science bibliography, https://dblp.org}
}
@article{lifederatedSD24,
  author       = {Haoran Li and
                  Xinyuan Zhao and
                  Dadi Guo and
                  Hanlin Gu and
                  Ziqian Zeng and
                  Yuxing Han and
                  Yangqiu Song and
                  Lixin Fan and
                  Qiang Yang},
  title        = {Federated Domain-Specific Knowledge Transfer on Large Language Models
                  Using Synthetic Data},
  journal      = {CoRR},
  volume       = {abs/2405.14212},
  year         = {2024},
  url          = {https://doi.org/10.48550/arXiv.2405.14212},
  doi          = {10.48550/ARXIV.2405.14212},
  eprinttype    = {arXiv},
  eprint       = {2405.14212},
  timestamp    = {Wed, 19 Jun 2024 08:52:49 +0200},
  biburl       = {https://dblp.org/rec/journals/corr/abs-2405-14212.bib},
  bibsource    = {dblp computer science bibliography, https://dblp.org}
}
@inproceedings{DBLP:conf/emnlp/LiGFXHMS23,
  author       = {Haoran Li and
                  Dadi Guo and
                  Wei Fan and
                  Mingshi Xu and
                  Jie Huang and
                  Fanpu Meng and
                  Yangqiu Song},
  editor       = {Houda Bouamor and
                  Juan Pino and
                  Kalika Bali},
  title        = {Multi-step Jailbreaking Privacy Attacks on ChatGPT},
  booktitle    = {Findings of the Association for Computational Linguistics: {EMNLP}
                  2023, Singapore, December 6-10, 2023},
  pages        = {4138--4153},
  publisher    = {Association for Computational Linguistics},
  year         = {2023},
  url          = {https://doi.org/10.18653/v1/2023.findings-emnlp.272},
  doi          = {10.18653/V1/2023.FINDINGS-EMNLP.272},
  timestamp    = {Sun, 06 Oct 2024 21:00:51 +0200},
  biburl       = {https://dblp.org/rec/conf/emnlp/LiGFXHMS23.bib},
  bibsource    = {dblp computer science bibliography, https://dblp.org}
}
@inproceedings{Sahar2023Not,
  author       = {Sahar Abdelnabi and
                  Kai Greshake and
                  Shailesh Mishra and
                  Christoph Endres and
                  Thorsten Holz and
                  Mario Fritz},
  editor       = {Maura Pintor and
                  Xinyun Chen and
                  Florian Tram{\`{e}}r},
  title        = {Not What You've Signed Up For: Compromising Real-World LLM-Integrated
                  Applications with Indirect Prompt Injection},
  booktitle    = {Proceedings of the 16th {ACM} Workshop on Artificial Intelligence
                  and Security, AISec 2023, Copenhagen, Denmark, 30 November 2023},
  pages        = {79--90},
  publisher    = {{ACM}},
  year         = {2023},
  url          = {https://doi.org/10.1145/3605764.3623985},
  doi          = {10.1145/3605764.3623985},
  timestamp    = {Sun, 19 Jan 2025 13:26:51 +0100},
  biburl       = {https://dblp.org/rec/conf/ccs/AbdelnabiGMEHF23.bib},
  bibsource    = {dblp computer science bibliography, https://dblp.org}
}
@inproceedings{lin2004rouge,
  title={Rouge: A package for automatic evaluation of summaries},
  author={Lin, Chin-Yew},
  booktitle={Text summarization branches out},
  pages={74--81},
  year={2004}
}
@inproceedings{papineni2002bleu,
  title={Bleu: a method for automatic evaluation of machine translation},
  author={Papineni, Kishore and Roukos, Salim and Ward, Todd and Zhu, Wei-Jing},
  booktitle={Proceedings of the 40th annual meeting of the Association for Computational Linguistics},
  pages={311--318},
  year={2002}
}
@inproceedings{DBLP:conf/iclr/TangSIMM0GKS24,
  author       = {Xinyu Tang and
                  Richard Shin and
                  Huseyin A. Inan and
                  Andre Manoel and
                  Fatemehsadat Mireshghallah and
                  Zinan Lin and
                  Sivakanth Gopi and
                  Janardhan Kulkarni and
                  Robert Sim},
  title        = {Privacy-Preserving In-Context Learning with Differentially Private
                  Few-Shot Generation},
  booktitle    = {The Twelfth International Conference on Learning Representations,
                  {ICLR} 2024, Vienna, Austria, May 7-11, 2024},
  publisher    = {OpenReview.net},
  year         = {2024},
  url          = {https://openreview.net/forum?id=oZtt0pRnOl},
  timestamp    = {Wed, 07 Aug 2024 17:11:53 +0200},
  biburl       = {https://dblp.org/rec/conf/iclr/TangSIMM0GKS24.bib},
  bibsource    = {dblp computer science bibliography, https://dblp.org}
}
@inproceedings{DBLP:conf/iclr/HongWZL0W24,
  author       = {Junyuan Hong and
                  Jiachen T. Wang and
                  Chenhui Zhang and
                  Zhangheng Li and
                  Bo Li and
                  Zhangyang Wang},
  title        = {{DP-OPT:} Make Large Language Model Your Privacy-Preserving Prompt
                  Engineer},
  booktitle    = {The Twelfth International Conference on Learning Representations,
                  {ICLR} 2024, Vienna, Austria, May 7-11, 2024},
  publisher    = {OpenReview.net},
  year         = {2024},
  url          = {https://openreview.net/forum?id=Ifz3IgsEPX},
  timestamp    = {Mon, 29 Jul 2024 17:17:48 +0200},
  biburl       = {https://dblp.org/rec/conf/iclr/HongWZL0W24.bib},
  bibsource    = {dblp computer science bibliography, https://dblp.org}
}
@article{duan2024privacy,
  title={On the privacy risk of in-context learning},
  author={Duan, Haonan and Dziedzic, Adam and Yaghini, Mohammad and Papernot, Nicolas and Boenisch, Franziska},
  journal={arXiv preprint arXiv:2411.10512},
  year={2024}
}
@inproceedings{DBLP:conf/iclr/WuPWM24,
  author       = {Tong Wu and
                  Ashwinee Panda and
                  Jiachen T. Wang and
                  Prateek Mittal},
  title        = {Privacy-Preserving In-Context Learning for Large Language Models},
  booktitle    = {The Twelfth International Conference on Learning Representations,
                  {ICLR} 2024, Vienna, Austria, May 7-11, 2024},
  publisher    = {OpenReview.net},
  year         = {2024},
  url          = {https://openreview.net/forum?id=x4OPJ7lHVU},
  timestamp    = {Wed, 07 Aug 2024 17:11:53 +0200},
  biburl       = {https://dblp.org/rec/conf/iclr/WuPWM24.bib},
  bibsource    = {dblp computer science bibliography, https://dblp.org}
}
@article{duan2024flocks,
  title={Flocks of stochastic parrots: Differentially private prompt learning for large language models},
  author={Duan, Haonan and Dziedzic, Adam and Papernot, Nicolas and Boenisch, Franziska},
  journal={Advances in Neural Information Processing Systems},
  volume={36},
  year={2024}
}

@article{putta2022differentially,
  title={Differentially private conditional text generation for synthetic data production},
  author={Putta, Pranav and Steele, Ander and Ferrara, Joseph W},
  year={2022}
}
@inproceedings{DBLP:conf/iclr/AugensteinMRRKC20,
  author       = {Sean Augenstein and
                  H. Brendan McMahan and
                  Daniel Ramage and
                  Swaroop Ramaswamy and
                  Peter Kairouz and
                  Mingqing Chen and
                  Rajiv Mathews and
                  Blaise Ag{\"{u}}era y Arcas},
  title        = {Generative Models for Effective {ML} on Private, Decentralized Datasets},
  booktitle    = {8th International Conference on Learning Representations, {ICLR} 2020,
                  Addis Ababa, Ethiopia, April 26-30, 2020},
  publisher    = {OpenReview.net},
  year         = {2020},
  url          = {https://openreview.net/forum?id=SJgaRA4FPH},
  timestamp    = {Thu, 07 May 2020 17:11:47 +0200},
  biburl       = {https://dblp.org/rec/conf/iclr/AugensteinMRRKC20.bib},
  bibsource    = {dblp computer science bibliography, https://dblp.org}
}

@article{Kurakin2023HarnessingLM,
    author       = {Alexey Kurakin and
                  Natalia Ponomareva and
                  Umar Syed and
                  Liam MacDermed and
                  Andreas Terzis},
    title        = {Harnessing large-language models to generate private synthetic text},
    journal      = {CoRR},
    volume       = {abs/2306.01684},
    year         = {2023},
    url          = {https://doi.org/10.48550/arXiv.2306.01684},
    doi          = {10.48550/ARXIV.2306.01684},
    eprinttype    = {arXiv},
    eprint       = {2306.01684},
    timestamp    = {Tue, 02 Apr 2024 08:35:59 +0200},
    biburl       = {https://dblp.org/rec/journals/corr/abs-2306-01684.bib},
    bibsource    = {dblp computer science bibliography, https://dblp.org}
}

@inproceedings{Wang2022SelfInstructAL,
  title={Self-Instruct: Aligning Language Models with Self-Generated Instructions},
  author={Yizhong Wang and Yeganeh Kordi and Swaroop Mishra and Alisa Liu and Noah A. Smith and Daniel Khashabi and Hannaneh Hajishirzi},
  booktitle={Annual Meeting of the Association for Computational Linguistics},
  year={2022},
  url={https://api.semanticscholar.org/CorpusID:254877310}
}
@article{Li2024SyntheticD,
  title={Synthetic Data (Almost) from Scratch: Generalized Instruction Tuning for Language Models},
  author={Haoran Li and Qingxiu Dong and Zhengyang Tang and Chaojun Wang and Xingxing Zhang and Haoyang Huang and Shaohan Huang and Xiaolong Huang and Zeqiang Huang and Dongdong Zhang and Yuxian Gu and Xin Cheng and Xun Wang and Si-Qing Chen and Li Dong and Wei Lu and Zhifang Sui and Benyou Wang and Wai Lam and Furu Wei},
  journal={ArXiv},
  year={2024},
  volume={abs/2402.13064},
  url={https://api.semanticscholar.org/CorpusID:267759981}
}
@article{DBLP:journals/fttcs/DworkR14,
  author       = {Cynthia Dwork and
                  Aaron Roth},
  title        = {The Algorithmic Foundations of Differential Privacy},
  journal      = {Found. Trends Theor. Comput. Sci.},
  volume       = {9},
  number       = {3-4},
  pages        = {211--407},
  year         = {2014},
  url          = {https://doi.org/10.1561/0400000042},
  doi          = {10.1561/0400000042},
  timestamp    = {Sat, 30 Sep 2023 10:13:44 +0200},
  biburl       = {https://dblp.org/rec/journals/fttcs/DworkR14.bib},
  bibsource    = {dblp computer science bibliography, https://dblp.org}
}
@inproceedings{DBLP:conf/nips/WangCPXKZXXDSTA23,
  author       = {Boxin Wang and
                  Weixin Chen and
                  Hengzhi Pei and
                  Chulin Xie and
                  Mintong Kang and
                  Chenhui Zhang and
                  Chejian Xu and
                  Zidi Xiong and
                  Ritik Dutta and
                  Rylan Schaeffer and
                  Sang T. Truong and
                  Simran Arora and
                  Mantas Mazeika and
                  Dan Hendrycks and
                  Zinan Lin and
                  Yu Cheng and
                  Sanmi Koyejo and
                  Dawn Song and
                  Bo Li},
  editor       = {Alice Oh and
                  Tristan Naumann and
                  Amir Globerson and
                  Kate Saenko and
                  Moritz Hardt and
                  Sergey Levine},
  title        = {DecodingTrust: {A} Comprehensive Assessment of Trustworthiness in
                  {GPT} Models},
  booktitle    = {Advances in Neural Information Processing Systems 36: Annual Conference
                  on Neural Information Processing Systems 2023, NeurIPS 2023, New Orleans,
                  LA, USA, December 10 - 16, 2023},
  year         = {2023},
  url          = {http://papers.nips.cc/paper\_files/paper/2023/hash/63cb9921eecf51bfad27a99b2c53dd6d-Abstract-Datasets\_and\_Benchmarks.html},
  timestamp    = {Thu, 08 Aug 2024 08:05:57 +0200},
  biburl       = {https://dblp.org/rec/conf/nips/WangCPXKZXXDSTA23.bib},
  bibsource    = {dblp computer science bibliography, https://dblp.org}
}
@article{Borkar2023WhatCW,
  title={What can we learn from Data Leakage and Unlearning for Law?},
  author={Jaydeep Borkar},
  journal={ArXiv},
  year={2023},
  volume={abs/2307.10476},
  url={https://api.semanticscholar.org/CorpusID:259991665}
}
@inproceedings{Carlini2020ExtractingTD,
  title={Extracting Training Data from Large Language Models},
  author={Nicholas Carlini and Florian Tram{\`e}r and Eric Wallace and Matthew Jagielski and Ariel Herbert-Voss and Katherine Lee and Adam Roberts and Tom B. Brown and Dawn Xiaodong Song and {\'U}lfar Erlingsson and Alina Oprea and Colin Raffel},
  booktitle={USENIX Security Symposium},
  year={2020},
  url={https://api.semanticscholar.org/CorpusID:229156229}
}
@article{Lukas2023AnalyzingLO,
  title={Analyzing Leakage of Personally Identifiable Information in Language Models},
  author={Nils Lukas and A. Salem and Robert Sim and Shruti Tople and Lukas Wutschitz and Santiago Zanella-B'eguelin},
  journal={2023 IEEE Symposium on Security and Privacy (SP)},
  year={2023},
  pages={346-363},
  url={https://api.semanticscholar.org/CorpusID:256459554}
}
@article{Xue2023DBGPTED,
  title={DB-GPT: Empowering Database Interactions with Private Large Language Models},
  author={Siqiao Xue and Caigao Jiang and Wenhui Shi and Fangyin Cheng and Keting Chen and Hongjun Yang and Zhiping Zhang and Jianshan He and Hongyang Zhang and Ganglin Wei and Wang Zhao and Fan Zhou and Danrui Qi and Hong Yi and Shaodong Liu and Faqiang Chen},
  journal={ArXiv},
  year={2023},
  volume={abs/2312.17449},
  url={https://api.semanticscholar.org/CorpusID:266690744}
}
@article{metaai2023llama2,
  title={Llama 2: Open foundation and fine-tuned chat models},
  author={MetaAI},
  journal={arXiv preprint arXiv:2307.09288},
  year={2023}
}
@article{achiam2023gpt,
  title={Gpt-4 technical report},
  author={Achiam, Josh and Adler, Steven and Agarwal, Sandhini and Ahmad, Lama and Akkaya, Ilge and Aleman, Florencia Leoni and Almeida, Diogo and Altenschmidt, Janko and Altman, Sam and Anadkat, Shyamal and others},
  journal={arXiv preprint arXiv:2303.08774},
  year={2023}
}
@inproceedings{Wang2024KnowledgeSGPS,
    title={KnowledgeSG: Privacy-Preserving Synthetic Text Generation with Knowledge Distillation from Server},
    author={Wenhao Wang and Xiaoyu Liang and Rui Ye and Jingyi Chai and Siheng Chen and Yanfeng Wang},
    booktitle={Conference on Empirical Methods in Natural Language Processing},
    year={2024},
    url={https://api.semanticscholar.org/CorpusID:273227842}
}
@article{Gao_Das_2024, 
    title={Customizing Language Model Responses with Contrastive In-Context Learning}, 
    volume={38}, 
    url={https://ojs.aaai.org/index.php/AAAI/article/view/29760}, 
    DOI={10.1609/aaai.v38i16.29760}, 
    journal={Proceedings of the AAAI Conference on Artificial Intelligence}, 
    author={Gao, Xiang and Das, Kamalika}, 
    year={2024}, 
    month={Mar.}, 
    pages={18039-18046} 
}
@inproceedings{Zou2025ContrastivePD,
    title={Contrastive Private Data Synthesis via Weighted Multi-PLM Fusion},
    author={Tianyuan Zou and Yang Liu and Peng Li and Yufei Xiong and Jianqing Zhang and Jingjing Liu and Xiaozhou Ye and Ouyang Ye and Ya-Qin Zhang},
    year={2025},
    url={https://api.semanticscholar.org/CorpusID:276094814}
}
@inproceedings{Du2023ImprovingFA,
  author       = {Yilun Du and
                  Shuang Li and
                  Antonio Torralba and
                  Joshua B. Tenenbaum and
                  Igor Mordatch},
  title        = {Improving Factuality and Reasoning in Language Models through Multiagent
                  Debate},
  booktitle    = {Forty-first International Conference on Machine Learning, {ICML} 2024,
                  Vienna, Austria, July 21-27, 2024},
  publisher    = {OpenReview.net},
  year         = {2024},
  url          = {https://openreview.net/forum?id=zj7YuTE4t8},
  timestamp    = {Mon, 02 Sep 2024 16:55:26 +0200},
  biburl       = {https://dblp.org/rec/conf/icml/Du00TM24.bib},
  bibsource    = {dblp computer science bibliography, https://dblp.org}
}
@inproceedings{Xie2024DifferentiallyPS,
  author       = {Chulin Xie and
                  Zinan Lin and
                  Arturs Backurs and
                  Sivakanth Gopi and
                  Da Yu and
                  Huseyin A. Inan and
                  Harsha Nori and
                  Haotian Jiang and
                  Huishuai Zhang and
                  Yin Tat Lee and
                  Bo Li and
                  Sergey Yekhanin},
  title        = {Differentially Private Synthetic Data via Foundation Model APIs 2:
                  Text},
  booktitle    = {Forty-first International Conference on Machine Learning, {ICML} 2024,
                  Vienna, Austria, July 21-27, 2024},
  publisher    = {OpenReview.net},
  year         = {2024},
  url          = {https://openreview.net/forum?id=LWD7upg1ob},
  timestamp    = {Mon, 02 Sep 2024 16:55:25 +0200},
  biburl       = {https://dblp.org/rec/conf/icml/Xie0BGYINJZL0Y24.bib},
  bibsource    = {dblp computer science bibliography, https://dblp.org}
}
@inproceedings{Lin2023DifferentiallyPS,
  author       = {Zinan Lin and
                  Sivakanth Gopi and
                  Janardhan Kulkarni and
                  Harsha Nori and
                  Sergey Yekhanin},
  title        = {Differentially Private Synthetic Data via Foundation Model APIs 1:
                  Images},
  booktitle    = {The Twelfth International Conference on Learning Representations,
                  {ICLR} 2024, Vienna, Austria, May 7-11, 2024},
  publisher    = {OpenReview.net},
  year         = {2024},
  url          = {https://openreview.net/forum?id=YEhQs8POIo},
  timestamp    = {Wed, 07 Aug 2024 17:11:53 +0200},
  biburl       = {https://dblp.org/rec/conf/iclr/0001GKNY24.bib},
  bibsource    = {dblp computer science bibliography, https://dblp.org}
}
@article{Du2023SanitizingSE,
    title={Sanitizing Sentence Embeddings (and Labels) for Local Differential Privacy},
    author={Minxin Du and Xiang Yue and Sherman S. M. Chow and Huan Sun},
    journal={Proceedings of the ACM Web Conference 2023},
    year={2023},
    url={https://api.semanticscholar.org/CorpusID:258333822}
}
@inproceedings{igamberdiev-habernal-2023-dp,
    title = "{DP}-{BART} for Privatized Text Rewriting under Local Differential Privacy",
    author = "Igamberdiev, Timour  and
      Habernal, Ivan",
    editor = "Rogers, Anna  and
      Boyd-Graber, Jordan  and
      Okazaki, Naoaki",
    booktitle = "Findings of the Association for Computational Linguistics: ACL 2023",
    month = jul,
    year = "2023",
    address = "Toronto, Canada",
    publisher = "Association for Computational Linguistics",
    url = "https://aclanthology.org/2023.findings-acl.874/",
    doi = "10.18653/v1/2023.findings-acl.874",
    pages = "13914--13934"
}
@inproceedings{li2021simple,
    title={Simple Baselines Are Strong Performers for Differentially Private Natural Language Processing},
    author={Xuechen Li and Florian Tramer and Percy Liang and Tatsunori Hashimoto},
    booktitle={NeurIPS 2021 Workshop Privacy in Machine Learning},
    year={2021},
    url={https://openreview.net/forum?id=oOiSJEr2-Tt}
}
@inproceedings{Romanov2020NaturalTA,
  title={Natural text anonymization using universal transformer with a self-attention},
  author={Romanov, Aleksandr and Kurtukova, Anna and Fedotova, Anastasia and Meshcheryakov, Roman},
  booktitle={Proceedings of the III International Conference on Language Engineering and Applied Linguistics (PRLEAL-2019), Saint Petersburg, Russia},
  pages={22--37},
  year={2019}
}
@article{Sweeney1997GuaranteeingAW,
    title={Guaranteeing anonymity when sharing medical data, the Datafly System},
    author={Latanya Sweeney},
    journal={Proceedings : a conference of the American Medical Informatics Association. AMIA Fall Symposium},
    year={1997},
    pages={51-5},
    url={https://api.semanticscholar.org/CorpusID:28334733}
}
@article{Abdullah2024NERRF,
    title={NER- RoBERTa: Fine-Tuning RoBERTa for Named Entity Recognition (NER) within low-resource languages},
    author={Abdulhady Abas Abdullah and Srwa Hasan Abdulla and Dalia Mohammad Toufiq and Halgurd Sarhang Maghdid and Tarik A. Rashid and Pakshan F. Farho and Shadan Sh. Sabr and Akar H. Taher and Darya S. Hamad and Hadi Veisi and Aras T. Asaad},
    journal={ArXiv},
    year={2024},
    volume={abs/2412.15252},
    url={https://api.semanticscholar.org/CorpusID:274964997}
}
@book{Aho:72,
    author  = {Alfred V. Aho and Jeffrey D. Ullman},
    title   = {The Theory of Parsing, Translation and Compiling},
    year    = "1972",
    volume  = "1",
    publisher = {Prentice-Hall},
    address = {Englewood Cliffs, NJ},
    journal      = {{IEEE} Trans. Computers},
    volume       = {23},
    number       = {2},
    pages        = {219--220},
    year         = {1974},
    url          = {https://doi.org/10.1109/T-C.1974.223906},
    doi          = {10.1109/T-C.1974.223906},
    timestamp    = {Sat, 20 May 2017 00:24:27 +0200},
    biburl       = {https://dblp.org/rec/journals/tc/Lewis74.bib},
    bibsource    = {dblp computer science bibliography, https://dblp.org}
}
@book{APA:83,
    author  = {{American Psychological Association}},
    title   = {Publications Manual},
    year    = "1983",
    publisher = {American Psychological Association},
    address = {Washington, DC}
}

@article{Chandra:81,
    author = {Ashok K. Chandra and Dexter C. Kozen and Larry J. Stockmeyer},
    year = "1981",
    title = {Alternation},
    journal = {Journal of the Association for Computing Machinery},
    volume = "28",
    number = "1",
    pages = "114--133",
    doi = "10.1145/322234.322243",
}

@inproceedings{andrew2007scalable,
    title={Scalable training of {L1}-regularized log-linear models},
    author={Andrew, Galen and Gao, Jianfeng},
    booktitle={Proceedings of the 24th International Conference on Machine Learning},
    pages={33--40},
    year={2007},
}

@book{Gusfield:97,
    author  = {Dan Gusfield},
    title   = {Algorithms on Strings, Trees and Sequences},
    year    = "1997",
    publisher = {Cambridge University Press},
    address = {Cambridge, UK}
}

@article{rasooli-tetrault-2015,
    author    = {Mohammad Sadegh Rasooli and Joel R. Tetreault},
    title     = {Yara Parser: {A} Fast and Accurate Dependency Parser},
    journal   = {Computing Research Repository},
    volume    = {arXiv:1503.06733},
    year      = {2015},
    url       = {http://arxiv.org/abs/1503.06733},
    note    = {version 2}
}

@article{Ando2005,
    Acmid = {1194905},
    Author = {Ando, Rie Kubota and Zhang, Tong},
    Issn = {1532-4435},
    Issue_Date = {12/1/2005},
    Journal = {Journal of Machine Learning Research},
    Month = dec,
    Numpages = {37},
    Pages = {1817--1853},
    Publisher = {JMLR.org},
    Title = {A Framework for Learning Predictive Structures from Multiple Tasks and Unlabeled Data},
    Volume = {6},
    Year = {2005}
}


@article{McMahan2017LearningDP,
    title={Learning Differentially Private Language Models Without Losing Accuracy},
    author={H. B. McMahan and Daniel Ramage and Kunal Talwar and Li Zhang},
    journal={ArXiv},
    year={2017},
    volume={abs/1710.06963},
    url={https://api.semanticscholar.org/CorpusID:195346432}
}

@inproceedings{Abadi2016DeepLDP,
    author = {Abadi, Martin and Chu, Andy and Goodfellow, Ian and McMahan, H. Brendan and Mironov, Ilya and Talwar, Kunal and Zhang, Li},
    title = {Deep Learning with Differential Privacy},
    year = {2016},
    isbn = {9781450341394},
    publisher = {Association for Computing Machinery},
    address = {New York, NY, USA},
    url = {https://doi.org/10.1145/2976749.2978318},
    doi = {10.1145/2976749.2978318},
    
    booktitle = {Proceedings of the 2016 ACM SIGSAC Conference on Computer and Communications Security},
    pages = {308–318},
    numpages = {11},
    keywords = {deep learning, differential privacy},
    location = {Vienna, Austria},
    series = {CCS '16}
}

@inproceedings{mattern-etal-2022-differentially,
    title = "Differentially Private Language Models for Secure Data Sharing",
    author = "Mattern, Justus  and Jin, Zhijing  and Weggenmann, Benjamin  and Schoelkopf, Bernhard  and Sachan, Mrinmaya",
    editor = "Goldberg, Yoav  and Kozareva, Zornitsa  and Zhang, Yue",
    booktitle = "Proceedings of the 2022 Conference on Empirical Methods in Natural Language Processing",
    month = dec,
    year = "2022",
    address = "Abu Dhabi, United Arab Emirates",
    publisher = "Association for Computational Linguistics",
    url = "https://aclanthology.org/2022.emnlp-main.323/",
    doi = "10.18653/v1/2022.emnlp-main.323",
    pages = "4860--4873"
}
@inproceedings{Mokhtarabadi2024EmpoweringPL,
    title={Empowering Persian LLMs for Instruction Following: A Novel Dataset and Training Approach},
    author={Hojjat Mokhtarabadi and Ziba Zamani and Abbas Maazallahi and Mohammad Hossein Manshaei},
    year={2024},
    url={https://api.semanticscholar.org/CorpusID:271218903}
}
@inproceedings{Wang2023HowFC,
  author       = {Yizhong Wang and
                  Hamish Ivison and
                  Pradeep Dasigi and
                  Jack Hessel and
                  Tushar Khot and
                  Khyathi Raghavi Chandu and
                  David Wadden and
                  Kelsey MacMillan and
                  Noah A. Smith and
                  Iz Beltagy and
                  Hannaneh Hajishirzi},
  editor       = {Alice Oh and
                  Tristan Naumann and
                  Amir Globerson and
                  Kate Saenko and
                  Moritz Hardt and
                  Sergey Levine},
  title        = {How Far Can Camels Go? Exploring the State of Instruction Tuning on
                  Open Resources},
  booktitle    = {Advances in Neural Information Processing Systems 36: Annual Conference
                  on Neural Information Processing Systems 2023, NeurIPS 2023, New Orleans,
                  LA, USA, December 10 - 16, 2023},
  year         = {2023},
  url          = {http://papers.nips.cc/paper\_files/paper/2023/hash/ec6413875e4ab08d7bc4d8e225263398-Abstract-Datasets\_and\_Benchmarks.html},
  timestamp    = {Sat, 13 Jul 2024 21:30:29 +0200},
  biburl       = {https://dblp.org/rec/conf/nips/WangIDHKCWMSBH23.bib},
  bibsource    = {dblp computer science bibliography, https://dblp.org}
}
@inproceedings{Jang2023ExploringTB,
    title={Exploring the Benefits of Training Expert Language Models over Instruction Tuning},
    author={Joel Jang and Seungone Kim and Seonghyeon Ye and Doyoung Kim and Lajanugen Logeswaran and Moontae Lee and Kyungjae Lee and Minjoon Seo},
    booktitle={International Conference on Machine Learning},
    year={2023},
    url={https://api.semanticscholar.org/CorpusID:256627673}
}

@inproceedings{yue-etal-2023-synthetic,
    title = "Synthetic Text Generation with Differential Privacy: A Simple and Practical Recipe",
    author = "Yue, Xiang  and Inan, Huseyin  and Li, Xuechen  and Kumar, Girish  and McAnallen, Julia  and Shajari, Hoda  and Sun, Huan  and Levitan, David  and Sim, Robert",
    editor = "Rogers, Anna  and Boyd-Graber, Jordan  and Okazaki, Naoaki",
    booktitle = "Proceedings of the 61st Annual Meeting of the Association for Computational Linguistics (Volume 1: Long Papers)",
    month = jul,
    year = "2023",
    address = "Toronto, Canada",
    publisher = "Association for Computational Linguistics",
    url = "https://aclanthology.org/2023.acl-long.74/",
    doi = "10.18653/v1/2023.acl-long.74",
    pages = "1321--1342"
}

@inproceedings{Flemings2024DifferentiallyPK,
  author       = {James Flemings and
                  Murali Annavaram},
  editor       = {Lun{-}Wei Ku and
                  Andre Martins and
                  Vivek Srikumar},
  title        = {Differentially Private Knowledge Distillation via Synthetic Text Generation},
  booktitle    = {Findings of the Association for Computational Linguistics, {ACL} 2024,
                  Bangkok, Thailand and virtual meeting, August 11-16, 2024},
  pages        = {12957--12968},
  publisher    = {Association for Computational Linguistics},
  year         = {2024},
  url          = {https://doi.org/10.18653/v1/2024.findings-acl.769},
  doi          = {10.18653/V1/2024.FINDINGS-ACL.769},
  timestamp    = {Tue, 24 Sep 2024 10:55:44 +0200},
  biburl       = {https://dblp.org/rec/conf/acl/FlemingsA24.bib},
  bibsource    = {dblp computer science bibliography, https://dblp.org}
}
@inproceedings{dayu2024privacy,
    author       = {Da Yu and Peter Kairouz and Sewoong Oh and Zheng Xu},
    title        = {Privacy-Preserving Instructions for Aligning Large Language Models},
    booktitle    = {Forty-first International Conference on Machine Learning, {ICML} 2024,
                  Vienna, Austria, July 21-27, 2024},
    year         = {2024},
    url          = {https://openreview.net/forum?id=mUT1biz09t},
    timestamp    = {Mon, 02 Sep 2024 16:55:26 +0200},
    biburl       = {https://dblp.org/rec/conf/icml/YuKO024.bib},
    bibsource    = {dblp computer science bibliography, https://dblp.org}
}


@article{radford2019language,
    title={Language models are unsupervised multitask learners},
    author={Radford, Alec and Wu, Jeffrey and Child, Rewon and Luan, David and Amodei, Dario and Sutskever, Ilya and others},
    journal={OpenAI blog},
    volume={1},
    number={8},
    pages={9},
    year={2019}
}
@inproceedings{dayu2024dp,
  author       = {Da Yu and
                  Saurabh Naik and
                  Arturs Backurs and
                  Sivakanth Gopi and
                  Huseyin A. Inan and
                  Gautam Kamath and
                  Janardhan Kulkarni and
                  Yin Tat Lee and
                  Andre Manoel and
                  Lukas Wutschitz and
                  Sergey Yekhanin and
                  Huishuai Zhang},
  title        = {Differentially Private Fine-tuning of Language Models},
  booktitle    = {The Tenth International Conference on Learning Representations, {ICLR}
                  2022, Virtual Event, April 25-29, 2022},
  publisher    = {OpenReview.net},
  year         = {2022},
  url          = {https://openreview.net/forum?id=Q42f0dfjECO},
  timestamp    = {Sat, 20 Aug 2022 01:15:42 +0200},
  biburl       = {https://dblp.org/rec/conf/iclr/YuNBGI0KLMWYZ22.bib},
  bibsource    = {dblp computer science bibliography, https://dblp.org}
}



@article{yang2024qwen2,
  title={Qwen2. 5 technical report},
  author={Yang, An and Yang, Baosong and Zhang, Beichen and Hui, Binyuan and Zheng, Bo and Yu, Bowen and Li, Chengyuan and Liu, Dayiheng and Huang, Fei and Wei, Haoran and others},
  journal={arXiv preprint arXiv:2412.15115},
  year={2024}
}

@inproceedings{Ouyang2022train,
  author       = {Long Ouyang and
                  Jeffrey Wu and
                  Xu Jiang and
                  Diogo Almeida and
                  Carroll L. Wainwright and
                  Pamela Mishkin and
                  Chong Zhang and
                  Sandhini Agarwal and
                  Katarina Slama and
                  Alex Ray and
                  John Schulman and
                  Jacob Hilton and
                  Fraser Kelton and
                  Luke Miller and
                  Maddie Simens and
                  Amanda Askell and
                  Peter Welinder and
                  Paul F. Christiano and
                  Jan Leike and
                  Ryan Lowe},
  title        = {Training language models to follow instructions with human feedback},
  booktitle    = {Advances in Neural Information Processing Systems 35: Annual Conference
                  on Neural Information Processing Systems 2022, NeurIPS 2022, New Orleans,
                  LA, USA, November 28 - December 9, 2022},
  year         = {2022},
  crossref     = {DBLP:conf/nips/2022},
  url          = {http://papers.nips.cc/paper\_files/paper/2022/hash/b1efde53be364a73914f58805a001731-Abstract-Conference.html},
  timestamp    = {Mon, 08 Jan 2024 16:31:36 +0100},
  biburl       = {https://dblp.org/rec/conf/nips/Ouyang0JAWMZASR22.bib},
  bibsource    = {dblp computer science bibliography, https://dblp.org}
}

@article{liu2024skywork,
  title={Skywork-reward: Bag of tricks for reward modeling in llms},
  author={Liu, Chris Yuhao and Zeng, Liang and Liu, Jiacai and Yan, Rui and He, Jujie and Wang, Chaojie and Yan, Shuicheng and Liu, Yang and Zhou, Yahui},
  journal={arXiv preprint arXiv:2410.18451},
  year={2024}
}

@article{bradley1952rank,
  title={Rank analysis of incomplete block designs: I. The method of paired comparisons},
  author={Bradley, Ralph Allan and Terry, Milton E},
  journal={Biometrika},
  volume={39},
  number={3/4},
  pages={324--345},
  year={1952},
  publisher={JSTOR}
}

@inproceedings{aman2023self,
  author       = {Aman Madaan and
                  Niket Tandon and
                  Prakhar Gupta and
                  Skyler Hallinan and
                  Luyu Gao and
                  Sarah Wiegreffe and
                  Uri Alon and
                  Nouha Dziri and
                  Shrimai Prabhumoye and
                  Yiming Yang and
                  Shashank Gupta and
                  Bodhisattwa Prasad Majumder and
                  Katherine Hermann and
                  Sean Welleck and
                  Amir Yazdanbakhsh and
                  Peter Clark},
  title        = {Self-Refine: Iterative Refinement with Self-Feedback},
  booktitle    = {Advances in Neural Information Processing Systems 36: Annual Conference
                  on Neural Information Processing Systems 2023, NeurIPS 2023, New Orleans,
                  LA, USA, December 10 - 16, 2023},
  year         = {2023},
  url          = {http://papers.nips.cc/paper\_files/paper/2023/hash/91edff07232fb1b55a505a9e9f6c0ff3-Abstract-Conference.html},
  timestamp    = {Fri, 01 Mar 2024 16:26:20 +0100},
  biburl       = {https://dblp.org/rec/conf/nips/MadaanTGHGW0DPY23.bib},
  bibsource    = {dblp computer science bibliography, https://dblp.org}
}


@inproceedings{Borja2018imp,
  author       = {Borja Balle and
                  Yu{-}Xiang Wang},
  title        = {Improving the Gaussian Mechanism for Differential Privacy: Analytical
                  Calibration and Optimal Denoising},
  booktitle    = {Proceedings of the 35th International Conference on Machine Learning,
                  {ICML} 2018, Stockholmsm{\"{a}}ssan, Stockholm, Sweden, July
                  10-15, 2018},
  pages        = {403--412},
  year         = {2018},
  crossref     = {DBLP:conf/icml/2018},
  url          = {http://proceedings.mlr.press/v80/balle18a.html},
  timestamp    = {Wed, 12 May 2021 13:29:27 +0200},
  biburl       = {https://dblp.org/rec/conf/icml/BalleW18.bib},
  bibsource    = {dblp computer science bibliography, https://dblp.org}
}


@inproceedings{dong2022survey,
  author       = {Qingxiu Dong and
                  Lei Li and
                  Damai Dai and
                  Ce Zheng and
                  Jingyuan Ma and
                  Rui Li and
                  Heming Xia and
                  Jingjing Xu and
                  Zhiyong Wu and
                  Baobao Chang and
                  Xu Sun and
                  Zhifang Sui},
  editor       = {Yaser Al{-}Onaizan and
                  Mohit Bansal and
                  Yun{-}Nung Chen},
  title        = {A Survey on In-context Learning},
  booktitle    = {Proceedings of the 2024 Conference on Empirical Methods in Natural
                  Language Processing, {EMNLP} 2024, Miami, FL, USA, November 12-16,
                  2024},
  pages        = {1107--1128},
  publisher    = {Association for Computational Linguistics},
  year         = {2024},
  url          = {https://aclanthology.org/2024.emnlp-main.64},
  timestamp    = {Mon, 16 Dec 2024 16:42:03 +0100},
  biburl       = {https://dblp.org/rec/conf/emnlp/Dong0DZMLXX0C0S24.bib},
  bibsource    = {dblp computer science bibliography, https://dblp.org}
}
@article{li2023chatdoctor,
  title={ChatDoctor: A Medical Chat Model Fine-Tuned on a Large Language Model Meta-AI (LLaMA) Using Medical Domain Knowledge},
  author={Li, Yunxiang and Li, Zihan and Zhang, Kai and Dan, Ruilong and Jiang, Steve and Zhang, You},
  journal={Cureus},
  volume={15},
  number={6},
  year={2023},
  publisher={Cureus}
}

@article{zhang2023instructfingpt,
      title={Instruct-FinGPT: Financial Sentiment Analysis by Instruction Tuning of General-Purpose Large Language Models}, 
      author={Boyu Zhang and Hongyang Yang and Xiao-Yang Liu},
      journal={FinLLM Symposium at IJCAI 2023},
      year={2023}
}

@inproceedings{Huang2024OpenCoderTO,
  title = {OpenCoder: The Open Cookbook for Top-Tier Code Large Language Models},
  author = {Siming Huang and Tianhao Cheng and Jason Klein Liu and Jiaran Hao and Liuyihan Song and Yang Xu and J. Yang and J. H. Liu and Chenchen Zhang and Linzheng Chai and Ruifeng Yuan and Zhaoxiang Zhang and Jie Fu and Qian Liu and Ge Zhang and Zili Wang and Yuan Qi and Yinghui Xu and Wei Chu},
  year = {2024},
  url = {https://arxiv.org/pdf/2411.04905}
}


@inproceedings{lin-2004-rouge,
    title = "{ROUGE}: A Package for Automatic Evaluation of Summaries",
    author = "Lin, Chin-Yew",
    booktitle = "Text Summarization Branches Out",
    month = jul,
    year = "2004",
    address = "Barcelona, Spain",
    publisher = "Association for Computational Linguistics",
    url = "https://aclanthology.org/W04-1013",
    pages = "74--81",
}

@inproceedings{Lia2023judging,
  author       = {Lianmin Zheng and
                  Wei{-}Lin Chiang and
                  Ying Sheng and
                  Siyuan Zhuang and
                  Zhanghao Wu and
                  Yonghao Zhuang and
                  Zi Lin and
                  Zhuohan Li and
                  Dacheng Li and
                  Eric P. Xing and
                  Hao Zhang and
                  Joseph E. Gonzalez and
                  Ion Stoica},
  title        = {Judging LLM-as-a-Judge with MT-Bench and Chatbot Arena},
  booktitle    = {Advances in Neural Information Processing Systems 36: Annual Conference
                  on Neural Information Processing Systems 2023, NeurIPS 2023, New Orleans,
                  LA, USA, December 10 - 16, 2023},
  year         = {2023},
  url          = {http://papers.nips.cc/paper\_files/paper/2023/hash/91f18a1287b398d378ef22505bf41832-Abstract-Datasets\_and\_Benchmarks.html},
  timestamp    = {Thu, 04 Jul 2024 21:53:01 +0200},
  biburl       = {https://dblp.org/rec/conf/nips/ZhengC00WZL0LXZ23.bib},
  bibsource    = {dblp computer science bibliography, https://dblp.org}
}

@article{chen2021codex,
  title={Evaluating Large Language Models Trained on Code},
  author={Mark Chen and Jerry Tworek and Heewoo Jun and Qiming Yuan and Henrique Ponde de Oliveira Pinto and Jared Kaplan and Harri Edwards and Yuri Burda and Nicholas Joseph and Greg Brockman and Alex Ray and Raul Puri and Gretchen Krueger and Michael Petrov and Heidy Khlaaf and Girish Sastry and Pamela Mishkin and Brooke Chan and Scott Gray and Nick Ryder and Mikhail Pavlov and Alethea Power and Lukasz Kaiser and Mohammad Bavarian and Clemens Winter and Philippe Tillet and Felipe Petroski Such and Dave Cummings and Matthias Plappert and Fotios Chantzis and Elizabeth Barnes and Ariel Herbert-Voss and William Hebgen Guss and Alex Nichol and Alex Paino and Nikolas Tezak and Jie Tang and Igor Babuschkin and Suchir Balaji and Shantanu Jain and William Saunders and Christopher Hesse and Andrew N. Carr and Jan Leike and Josh Achiam and Vedant Misra and Evan Morikawa and Alec Radford and Matthew Knight and Miles Brundage and Mira Murati and Katie Mayer and Peter Welinder and Bob McGrew and Dario Amodei and Sam McCandlish and Ilya Sutskever and Wojciech Zaremba},
  year={2021},
  eprint={2107.03374},
  archivePrefix={arXiv},
  primaryClass={cs.LG}
}

@inproceedings{yu2024ppl,
  author       = {Yutong Hu and
                  Quzhe Huang and
                  Mingxu Tao and
                  Chen Zhang and
                  Yansong Feng},
  title        = {Can Perplexity Reflect Large Language Model's Ability in Long Text
                  Understanding?},
  booktitle    = {The Second Tiny Papers Track at {ICLR} 2024, Tiny Papers @ {ICLR}
                  2024, Vienna, Austria, May 11, 2024},
  year         = {2024},
  url          = {https://openreview.net/forum?id=Cjp6YKVeAa},
  timestamp    = {Mon, 16 Sep 2024 20:54:58 +0200},
  biburl       = {https://dblp.org/rec/conf/iclr/0002HTZF24.bib},
  bibsource    = {dblp computer science bibliography, https://dblp.org}
}

@inproceedings{dong2024gene,
  author       = {Yihong Dong and
                  Xue Jiang and
                  Huanyu Liu and
                  Zhi Jin and
                  Bin Gu and
                  Mengfei Yang and
                  Ge Li},
  title        = {Generalization or Memorization: Data Contamination and Trustworthy
                  Evaluation for Large Language Models},
  booktitle    = {Findings of the Association for Computational Linguistics, {ACL} 2024,
                  Bangkok, Thailand and virtual meeting, August 11-16, 2024},
  pages        = {12039--12050},
  year         = {2024},
  url          = {https://doi.org/10.18653/v1/2024.findings-acl.716},
  doi          = {10.18653/V1/2024.FINDINGS-ACL.716},
  timestamp    = {Tue, 12 Nov 2024 18:39:06 +0100},
  biburl       = {https://dblp.org/rec/conf/acl/DongJLJGYL24.bib},
  bibsource    = {dblp computer science bibliography, https://dblp.org}
}

@inproceedings{ni2022sen,
  author       = {Jianmo Ni and
                  Gustavo Hern{\'{a}}ndez {\'{A}}brego and
                  Noah Constant and
                  Ji Ma and
                  Keith B. Hall and
                  Daniel Cer and
                  Yinfei Yang},
  title        = {Sentence-T5: Scalable Sentence Encoders from Pre-trained Text-to-Text
                  Models},
  booktitle    = {Findings of the Association for Computational Linguistics: {ACL} 2022,
                  Dublin, Ireland, May 22-27, 2022},
  pages        = {1864--1874},
  year         = {2022},
  url          = {https://doi.org/10.18653/v1/2022.findings-acl.146},
  doi          = {10.18653/V1/2022.FINDINGS-ACL.146},
  timestamp    = {Thu, 05 Jan 2023 22:22:54 +0100},
  biburl       = {https://dblp.org/rec/conf/acl/NiACMHCY22.bib},
  bibsource    = {dblp computer science bibliography, https://dblp.org}
}

@misc{li2024privlmbench,
      title={PrivLM-Bench: A Multi-level Privacy Evaluation Benchmark for Language Models}, 
      author={Haoran Li and Dadi Guo and Donghao Li and Wei Fan and Qi Hu and Xin Liu and Chunkit Chan and Duanyi Yao and Yuan Yao and Yangqiu Song},
      year={2024},
      eprint={2311.04044},
      archivePrefix={arXiv},
      primaryClass={cs.CL}
}

@inproceedings{Nils2023ana,
  author       = {Nils Lukas and
                  Ahmed Salem and
                  Robert Sim and
                  Shruti Tople and
                  Lukas Wutschitz and
                  Santiago Zanella B{\'{e}}guelin},
  title        = {Analyzing Leakage of Personally Identifiable Information in Language
                  Models},
  booktitle    = {44th {IEEE} Symposium on Security and Privacy, {SP} 2023, San Francisco,
                  CA, USA, May 21-25, 2023},
  pages        = {346--363},
  year         = {2023},
  url          = {https://doi.org/10.1109/SP46215.2023.10179300},
  doi          = {10.1109/SP46215.2023.10179300},
  timestamp    = {Wed, 24 Jul 2024 07:51:33 +0200},
  biburl       = {https://dblp.org/rec/conf/sp/LukasSSTWB23.bib},
  bibsource    = {dblp computer science bibliography, https://dblp.org}
}

@inproceedings{kwon2023efficient,
  title={Efficient Memory Management for Large Language Model Serving with PagedAttention},
  author={Woosuk Kwon and Zhuohan Li and Siyuan Zhuang and Ying Sheng and Lianmin Zheng and Cody Hao Yu and Joseph E. Gonzalez and Hao Zhang and Ion Stoica},
  booktitle={Proceedings of the ACM SIGOPS 29th Symposium on Operating Systems Principles},
  year={2023}
}

@article{zeng2024privacyrestore,
  title={PrivacyRestore: Privacy-Preserving Inference in Large Language Models via Privacy Removal and Restoration},
  author={Zeng, Ziqian and Wang, Jianwei and Yang, Junyao and Lu, Zhengdong and Zhuang, Huiping and Chen, Cen},
  journal={arXiv preprint arXiv:2406.01394},
  year={2024}
}

@inproceedings{yu2023training,
  title={Training private and efficient language models with synthetic data from llms},
  author={Yu, Da and Backurs, Arturs and Gopi, Sivakanth and Inan, Huseyin and Kulkarni, Janardhan and Lin, Zinan and Xie, Chulin and Zhang, Huishuai and Zhang, Wanrong},
  booktitle={Socially Responsible Language Modelling Research},
  year={2023}
}

@article{robin2024large,
  author       = {Robin Staab and
                  Mark Vero and
                  Mislav Balunovic and
                  Martin T. Vechev},
  title        = {Large Language Models are Advanced Anonymizers},
  journal      = {CoRR},
  volume       = {abs/2402.13846},
  year         = {2024},
  url          = {https://doi.org/10.48550/arXiv.2402.13846},
  doi          = {10.48550/ARXIV.2402.13846},
  eprinttype    = {arXiv},
  eprint       = {2402.13846},
  timestamp    = {Fri, 22 Mar 2024 12:19:03 +0100},
  biburl       = {https://dblp.org/rec/journals/corr/abs-2402-13846.bib},
  bibsource    = {dblp computer science bibliography, https://dblp.org}
}

@inproceedings{edward2022lora,
  author       = {Edward J. Hu and
                  Yelong Shen and
                  Phillip Wallis and
                  Zeyuan Allen{-}Zhu and
                  Yuanzhi Li and
                  Shean Wang and
                  Lu Wang and
                  Weizhu Chen},
  title        = {LoRA: Low-Rank Adaptation of Large Language Models},
  booktitle    = {The Tenth International Conference on Learning Representations, {ICLR}
                  2022, Virtual Event, April 25-29, 2022},
  year         = {2022},
  url          = {https://openreview.net/forum?id=nZeVKeeFYf9},
  timestamp    = {Sat, 20 Aug 2022 01:15:42 +0200},
  biburl       = {https://dblp.org/rec/conf/iclr/HuSWALWWC22.bib},
  bibsource    = {dblp computer science bibliography, https://dblp.org}
}

@inproceedings{Ra2023DPO,
  author       = {Rafael Rafailov and
                  Archit Sharma and
                  Eric Mitchell and
                  Christopher D. Manning and
                  Stefano Ermon and
                  Chelsea Finn},
  title        = {Direct Preference Optimization: Your Language Model is Secretly a
                  Reward Model},
  booktitle    = {Advances in Neural Information Processing Systems 36: Annual Conference
                  on Neural Information Processing Systems 2023, NeurIPS 2023, New Orleans,
                  LA, USA, December 10 - 16, 2023},
  year         = {2023},
  url          = {http://papers.nips.cc/paper\_files/paper/2023/hash/a85b405ed65c6477a4fe8302b5e06ce7-Abstract-Conference.html},
  timestamp    = {Fri, 01 Mar 2024 16:26:20 +0100},
  biburl       = {https://dblp.org/rec/conf/nips/RafailovSMMEF23.bib},
  bibsource    = {dblp computer science bibliography, https://dblp.org}
}