@inproceedings{Abadi2016DeepLDP,
    author = {Abadi, Martin and Chu, Andy and Goodfellow, Ian and McMahan, H. Brendan and Mironov, Ilya and Talwar, Kunal and Zhang, Li},
    title = {Deep Learning with Differential Privacy},
    year = {2016},
    isbn = {9781450341394},
    publisher = {Association for Computing Machinery},
    address = {New York, NY, USA},
    url = {https://doi.org/10.1145/2976749.2978318},
    doi = {10.1145/2976749.2978318},
    
    booktitle = {Proceedings of the 2016 ACM SIGSAC Conference on Computer and Communications Security},
    pages = {308â€“318},
    numpages = {11},
    keywords = {deep learning, differential privacy},
    location = {Vienna, Austria},
    series = {CCS '16}
}

@article{Abdullah2024NERRF,
    title={NER- RoBERTa: Fine-Tuning RoBERTa for Named Entity Recognition (NER) within low-resource languages},
    author={Abdulhady Abas Abdullah and Srwa Hasan Abdulla and Dalia Mohammad Toufiq and Halgurd Sarhang Maghdid and Tarik A. Rashid and Pakshan F. Farho and Shadan Sh. Sabr and Akar H. Taher and Darya S. Hamad and Hadi Veisi and Aras T. Asaad},
    journal={ArXiv},
    year={2024},
    volume={abs/2412.15252},
    url={https://api.semanticscholar.org/CorpusID:274964997}
}

@inproceedings{Carlini2020ExtractingTD,
  title={Extracting Training Data from Large Language Models},
  author={Nicholas Carlini and Florian Tram{\`e}r and Eric Wallace and Matthew Jagielski and Ariel Herbert-Voss and Katherine Lee and Adam Roberts and Tom B. Brown and Dawn Xiaodong Song and {\'U}lfar Erlingsson and Alina Oprea and Colin Raffel},
  booktitle={USENIX Security Symposium},
  year={2020},
  url={https://api.semanticscholar.org/CorpusID:229156229}
}

@inproceedings{Du2023ImprovingFA,
  author       = {Yilun Du and
                  Shuang Li and
                  Antonio Torralba and
                  Joshua B. Tenenbaum and
                  Igor Mordatch},
  title        = {Improving Factuality and Reasoning in Language Models through Multiagent
                  Debate},
  booktitle    = {Forty-first International Conference on Machine Learning, {ICML} 2024,
                  Vienna, Austria, July 21-27, 2024},
  publisher    = {OpenReview.net},
  year         = {2024},
  url          = {https://openreview.net/forum?id=zj7YuTE4t8},
  timestamp    = {Mon, 02 Sep 2024 16:55:26 +0200},
  biburl       = {https://dblp.org/rec/conf/icml/Du00TM24.bib},
  bibsource    = {dblp computer science bibliography, https://dblp.org}
}

@article{Du2023SanitizingSE,
    title={Sanitizing Sentence Embeddings (and Labels) for Local Differential Privacy},
    author={Minxin Du and Xiang Yue and Sherman S. M. Chow and Huan Sun},
    journal={Proceedings of the ACM Web Conference 2023},
    year={2023},
    url={https://api.semanticscholar.org/CorpusID:258333822}
}

@inproceedings{Flemings2024DifferentiallyPK,
  author       = {James Flemings and
                  Murali Annavaram},
  editor       = {Lun{-}Wei Ku and
                  Andre Martins and
                  Vivek Srikumar},
  title        = {Differentially Private Knowledge Distillation via Synthetic Text Generation},
  booktitle    = {Findings of the Association for Computational Linguistics, {ACL} 2024,
                  Bangkok, Thailand and virtual meeting, August 11-16, 2024},
  pages        = {12957--12968},
  publisher    = {Association for Computational Linguistics},
  year         = {2024},
  url          = {https://doi.org/10.18653/v1/2024.findings-acl.769},
  doi          = {10.18653/V1/2024.FINDINGS-ACL.769},
  timestamp    = {Tue, 24 Sep 2024 10:55:44 +0200},
  biburl       = {https://dblp.org/rec/conf/acl/FlemingsA24.bib},
  bibsource    = {dblp computer science bibliography, https://dblp.org}
}

@inproceedings{Jang2023ExploringTB,
    title={Exploring the Benefits of Training Expert Language Models over Instruction Tuning},
    author={Joel Jang and Seungone Kim and Seonghyeon Ye and Doyoung Kim and Lajanugen Logeswaran and Moontae Lee and Kyungjae Lee and Minjoon Seo},
    booktitle={International Conference on Machine Learning},
    year={2023},
    url={https://api.semanticscholar.org/CorpusID:256627673}
}

@article{Kurakin2023HarnessingLM,
    author       = {Alexey Kurakin and
                  Natalia Ponomareva and
                  Umar Syed and
                  Liam MacDermed and
                  Andreas Terzis},
    title        = {Harnessing large-language models to generate private synthetic text},
    journal      = {CoRR},
    volume       = {abs/2306.01684},
    year         = {2023},
    url          = {https://doi.org/10.48550/arXiv.2306.01684},
    doi          = {10.48550/ARXIV.2306.01684},
    eprinttype    = {arXiv},
    eprint       = {2306.01684},
    timestamp    = {Tue, 02 Apr 2024 08:35:59 +0200},
    biburl       = {https://dblp.org/rec/journals/corr/abs-2306-01684.bib},
    bibsource    = {dblp computer science bibliography, https://dblp.org}
}

@inproceedings{Lin2023DifferentiallyPS,
  author       = {Zinan Lin and
                  Sivakanth Gopi and
                  Janardhan Kulkarni and
                  Harsha Nori and
                  Sergey Yekhanin},
  title        = {Differentially Private Synthetic Data via Foundation Model APIs 1:
                  Images},
  booktitle    = {The Twelfth International Conference on Learning Representations,
                  {ICLR} 2024, Vienna, Austria, May 7-11, 2024},
  publisher    = {OpenReview.net},
  year         = {2024},
  url          = {https://openreview.net/forum?id=YEhQs8POIo},
  timestamp    = {Wed, 07 Aug 2024 17:11:53 +0200},
  biburl       = {https://dblp.org/rec/conf/iclr/0001GKNY24.bib},
  bibsource    = {dblp computer science bibliography, https://dblp.org}
}

@article{McMahan2017LearningDP,
    title={Learning Differentially Private Language Models Without Losing Accuracy},
    author={H. B. McMahan and Daniel Ramage and Kunal Talwar and Li Zhang},
    journal={ArXiv},
    year={2017},
    volume={abs/1710.06963},
    url={https://api.semanticscholar.org/CorpusID:195346432}
}

@inproceedings{Mokhtarabadi2024EmpoweringPL,
    title={Empowering Persian LLMs for Instruction Following: A Novel Dataset and Training Approach},
    author={Hojjat Mokhtarabadi and Ziba Zamani and Abbas Maazallahi and Mohammad Hossein Manshaei},
    year={2024},
    url={https://api.semanticscholar.org/CorpusID:271218903}
}

@inproceedings{Romanov2020NaturalTA,
  title={Natural text anonymization using universal transformer with a self-attention},
  author={Romanov, Aleksandr and Kurtukova, Anna and Fedotova, Anastasia and Meshcheryakov, Roman},
  booktitle={Proceedings of the III International Conference on Language Engineering and Applied Linguistics (PRLEAL-2019), Saint Petersburg, Russia},
  pages={22--37},
  year={2019}
}

@article{Sweeney1997GuaranteeingAW,
    title={Guaranteeing anonymity when sharing medical data, the Datafly System},
    author={Latanya Sweeney},
    journal={Proceedings : a conference of the American Medical Informatics Association. AMIA Fall Symposium},
    year={1997},
    pages={51-5},
    url={https://api.semanticscholar.org/CorpusID:28334733}
}

@inproceedings{Wang2022SelfInstructAL,
  title={Self-Instruct: Aligning Language Models with Self-Generated Instructions},
  author={Yizhong Wang and Yeganeh Kordi and Swaroop Mishra and Alisa Liu and Noah A. Smith and Daniel Khashabi and Hannaneh Hajishirzi},
  booktitle={Annual Meeting of the Association for Computational Linguistics},
  year={2022},
  url={https://api.semanticscholar.org/CorpusID:254877310}
}

@inproceedings{Wang2023HowFC,
  author       = {Yizhong Wang and
                  Hamish Ivison and
                  Pradeep Dasigi and
                  Jack Hessel and
                  Tushar Khot and
                  Khyathi Raghavi Chandu and
                  David Wadden and
                  Kelsey MacMillan and
                  Noah A. Smith and
                  Iz Beltagy and
                  Hannaneh Hajishirzi},
  editor       = {Alice Oh and
                  Tristan Naumann and
                  Amir Globerson and
                  Kate Saenko and
                  Moritz Hardt and
                  Sergey Levine},
  title        = {How Far Can Camels Go? Exploring the State of Instruction Tuning on
                  Open Resources},
  booktitle    = {Advances in Neural Information Processing Systems 36: Annual Conference
                  on Neural Information Processing Systems 2023, NeurIPS 2023, New Orleans,
                  LA, USA, December 10 - 16, 2023},
  year         = {2023},
  url          = {http://papers.nips.cc/paper\_files/paper/2023/hash/ec6413875e4ab08d7bc4d8e225263398-Abstract-Datasets\_and\_Benchmarks.html},
  timestamp    = {Sat, 13 Jul 2024 21:30:29 +0200},
  biburl       = {https://dblp.org/rec/conf/nips/WangIDHKCWMSBH23.bib},
  bibsource    = {dblp computer science bibliography, https://dblp.org}
}

@inproceedings{Wang2024KnowledgeSGPS,
    title={KnowledgeSG: Privacy-Preserving Synthetic Text Generation with Knowledge Distillation from Server},
    author={Wenhao Wang and Xiaoyu Liang and Rui Ye and Jingyi Chai and Siheng Chen and Yanfeng Wang},
    booktitle={Conference on Empirical Methods in Natural Language Processing},
    year={2024},
    url={https://api.semanticscholar.org/CorpusID:273227842}
}

@inproceedings{Xie2024DifferentiallyPS,
  author       = {Chulin Xie and
                  Zinan Lin and
                  Arturs Backurs and
                  Sivakanth Gopi and
                  Da Yu and
                  Huseyin A. Inan and
                  Harsha Nori and
                  Haotian Jiang and
                  Huishuai Zhang and
                  Yin Tat Lee and
                  Bo Li and
                  Sergey Yekhanin},
  title        = {Differentially Private Synthetic Data via Foundation Model APIs 2:
                  Text},
  booktitle    = {Forty-first International Conference on Machine Learning, {ICML} 2024,
                  Vienna, Austria, July 21-27, 2024},
  publisher    = {OpenReview.net},
  year         = {2024},
  url          = {https://openreview.net/forum?id=LWD7upg1ob},
  timestamp    = {Mon, 02 Sep 2024 16:55:25 +0200},
  biburl       = {https://dblp.org/rec/conf/icml/Xie0BGYINJZL0Y24.bib},
  bibsource    = {dblp computer science bibliography, https://dblp.org}
}

@inproceedings{Zou2025ContrastivePD,
    title={Contrastive Private Data Synthesis via Weighted Multi-PLM Fusion},
    author={Tianyuan Zou and Yang Liu and Peng Li and Yufei Xiong and Jianqing Zhang and Jingjing Liu and Xiaozhou Ye and Ouyang Ye and Ya-Qin Zhang},
    year={2025},
    url={https://api.semanticscholar.org/CorpusID:276094814}
}

@inproceedings{dayu2024privacy,
    author       = {Da Yu and Peter Kairouz and Sewoong Oh and Zheng Xu},
    title        = {Privacy-Preserving Instructions for Aligning Large Language Models},
    booktitle    = {Forty-first International Conference on Machine Learning, {ICML} 2024,
                  Vienna, Austria, July 21-27, 2024},
    year         = {2024},
    url          = {https://openreview.net/forum?id=mUT1biz09t},
    timestamp    = {Mon, 02 Sep 2024 16:55:26 +0200},
    biburl       = {https://dblp.org/rec/conf/icml/YuKO024.bib},
    bibsource    = {dblp computer science bibliography, https://dblp.org}
}

@article{duan2024privacy,
  title={On the privacy risk of in-context learning},
  author={Duan, Haonan and Dziedzic, Adam and Yaghini, Mohammad and Papernot, Nicolas and Boenisch, Franziska},
  journal={arXiv preprint arXiv:2411.10512},
  year={2024}
}

@inproceedings{igamberdiev-habernal-2023-dp,
    title = "{DP}-{BART} for Privatized Text Rewriting under Local Differential Privacy",
    author = "Igamberdiev, Timour  and
      Habernal, Ivan",
    editor = "Rogers, Anna  and
      Boyd-Graber, Jordan  and
      Okazaki, Naoaki",
    booktitle = "Findings of the Association for Computational Linguistics: ACL 2023",
    month = jul,
    year = "2023",
    address = "Toronto, Canada",
    publisher = "Association for Computational Linguistics",
    url = "https://aclanthology.org/2023.findings-acl.874/",
    doi = "10.18653/v1/2023.findings-acl.874",
    pages = "13914--13934"
}

@inproceedings{li2021simple,
    title={Simple Baselines Are Strong Performers for Differentially Private Natural Language Processing},
    author={Xuechen Li and Florian Tramer and Percy Liang and Tatsunori Hashimoto},
    booktitle={NeurIPS 2021 Workshop Privacy in Machine Learning},
    year={2021},
    url={https://openreview.net/forum?id=oOiSJEr2-Tt}
}

@inproceedings{mattern-etal-2022-differentially,
    title = "Differentially Private Language Models for Secure Data Sharing",
    author = "Mattern, Justus  and Jin, Zhijing  and Weggenmann, Benjamin  and Schoelkopf, Bernhard  and Sachan, Mrinmaya",
    editor = "Goldberg, Yoav  and Kozareva, Zornitsa  and Zhang, Yue",
    booktitle = "Proceedings of the 2022 Conference on Empirical Methods in Natural Language Processing",
    month = dec,
    year = "2022",
    address = "Abu Dhabi, United Arab Emirates",
    publisher = "Association for Computational Linguistics",
    url = "https://aclanthology.org/2022.emnlp-main.323/",
    doi = "10.18653/v1/2022.emnlp-main.323",
    pages = "4860--4873"
}

@article{robin2024large,
  author       = {Robin Staab and
                  Mark Vero and
                  Mislav Balunovic and
                  Martin T. Vechev},
  title        = {Large Language Models are Advanced Anonymizers},
  journal      = {CoRR},
  volume       = {abs/2402.13846},
  year         = {2024},
  url          = {https://doi.org/10.48550/arXiv.2402.13846},
  doi          = {10.48550/ARXIV.2402.13846},
  eprinttype    = {arXiv},
  eprint       = {2402.13846},
  timestamp    = {Fri, 22 Mar 2024 12:19:03 +0100},
  biburl       = {https://dblp.org/rec/journals/corr/abs-2402-13846.bib},
  bibsource    = {dblp computer science bibliography, https://dblp.org}
}

@inproceedings{yue-etal-2023-synthetic,
    title = "Synthetic Text Generation with Differential Privacy: A Simple and Practical Recipe",
    author = "Yue, Xiang  and Inan, Huseyin  and Li, Xuechen  and Kumar, Girish  and McAnallen, Julia  and Shajari, Hoda  and Sun, Huan  and Levitan, David  and Sim, Robert",
    editor = "Rogers, Anna  and Boyd-Graber, Jordan  and Okazaki, Naoaki",
    booktitle = "Proceedings of the 61st Annual Meeting of the Association for Computational Linguistics (Volume 1: Long Papers)",
    month = jul,
    year = "2023",
    address = "Toronto, Canada",
    publisher = "Association for Computational Linguistics",
    url = "https://aclanthology.org/2023.acl-long.74/",
    doi = "10.18653/v1/2023.acl-long.74",
    pages = "1321--1342"
}

