
%%%%%%%%%%%%%%%%%%%%%%%%%%%%%%%%%%%%% MODELS %%%%%%%%%%%%%%%%%%%%%%%%%%%%%%%%%%%%%%%%%%%%%%
@article{brown2020language,
  title={Language models are few-shot learners},
  author={Brown, Tom and Mann, Benjamin and Ryder, Nick and Subbiah, Melanie and Kaplan, Jared D and Dhariwal, Prafulla and Neelakantan, Arvind and Shyam, Pranav and Sastry, Girish and Askell, Amanda and others},
  journal={Advances in neural information processing systems},
  volume={33},
  pages={1877--1901},
  year={2020}
}
@article{wei2022chain,
  title={Chain-of-thought prompting elicits reasoning in large language models},
  author={Wei, Jason and Wang, Xuezhi and Schuurmans, Dale and Bosma, Maarten and Xia, Fei and Chi, Ed and Le, Quoc V and Zhou, Denny and others},
  journal={Advances in neural information processing systems},
  volume={35},
  pages={24824--24837},
  year={2022}
}
@misc{yao2023reactsynergizingreasoningacting,
      title={ReAct: Synergizing Reasoning and Acting in Language Models}, 
      author={Shunyu Yao and Jeffrey Zhao and Dian Yu and Nan Du and Izhak Shafran and Karthik Narasimhan and Yuan Cao},
      year={2023},
      eprint={2210.03629},
      archivePrefix={arXiv},
      primaryClass={cs.CL},
      url={https://arxiv.org/abs/2210.03629}, 
}
@inproceedings{attention,
author = {Vaswani, Ashish and Shazeer, Noam and Parmar, Niki and Uszkoreit, Jakob and Jones, Llion and Gomez, Aidan N. and Kaiser, \L{}ukasz and Polosukhin, Illia},
title = {Attention is all you need},
year = {2017},
isbn = {9781510860964},
publisher = {Curran Associates Inc.},
address = {Red Hook, NY, USA},
booktitle = {Proceedings of the 31st International Conference on Neural Information Processing Systems},
pages = {6000–6010},
numpages = {11},
location = {Long Beach, California, USA},
series = {NIPS'17}
}
@misc{openaireport,
      title={GPT-4 Technical Report}, 
      author={OpenAI},
      year={2024},
      eprint={2303.08774},
      archivePrefix={arXiv},
      primaryClass={cs.CL},
      url={https://arxiv.org/abs/2303.08774}, 
}


@misc{openai_chatgpt,
  title     = {ChatGPT},
  howpublished       = "\url{https://chat.openai.com/}"
}

@misc{openai_chatgpt_search,
  title     = {Introducing ChatGPT Search},
  howpublished       = "\url{https://openai.com/index/introducing-chatgpt-search/}"
}


@misc{microsoft_copilot,
  title     = {Microsoft Copilot},
    howpublished = "\url{https://copilot.microsoft.com/}"
}

@misc{moonshot_kimi,
  title     = {Kimi},
    howpublished = "\url{https://kimi.moonshot.cn/}"
}


@misc{llama3,
      title={The Llama 3 Herd of Models}, 
      author={Meta},
      year={2024},
      eprint={2407.21783},
      archivePrefix={arXiv},
      primaryClass={cs.AI},
      url={https://arxiv.org/abs/2407.21783}, 
}

@misc{anthropic2024claude35sonnet,
  author       = {Anthropic},
  title        = {Claude 3.5 Sonnet Model Card Addendum},
  year         = 2024,
  url          = {https://www.anthropic.com/news/claude-3-5-sonnet},
  note         = {Accessed: 2024-12-25}
}


%%%%%%%%%%%%%%%%%%%%%%%%%%%%%%%%%%%%%%% SEARCH ENGINES %%%%%%%%%%%%%%%%%%%%%%%%%%%%%%%%%%%%%%%%%%%%%%
@misc{perplexity_ai,
  title     = {Perplexity AI},
    howpublished = "\url{https://www.perplexity.ai/}"
}


@misc{you_com,
  title     = {You.com},
    howpublished = "\url{https://you.com/}"
}

@misc{google,
  title     = {Google},
    howpublished = "\url{https://www.google.com/}"
}

@misc{bing,
  title     = {Microsoft Bing},
    howpublished = "\url{https://www.bing.com/}"
}

@misc{claude,
  title     = {Claude},
    howpublished = "\url{https://claude.ai/}"
}


@inproceedings{spell_check_google,
author = {Gupta, Jai and Qin, Zhen and Bendersky, Michael and Metzler, Donald},
title = {Personalized Online Spell Correction for Personal Search},
year = {2019},
isbn = {9781450366748},
publisher = {Association for Computing Machinery},
address = {New York, NY, USA},
url = {https://doi.org/10.1145/3308558.3313706},
doi = {10.1145/3308558.3313706},
booktitle = {The World Wide Web Conference},
pages = {2785–2791},
numpages = {7},
keywords = {personalization, personal search, Spell correction},
location = {San Francisco, CA, USA},
series = {WWW '19}
}

@inproceedings{BERT,
    title = "{BERT}: Pre-training of Deep Bidirectional Transformers for Language Understanding",
    author = "Devlin, Jacob  and
      Chang, Ming-Wei  and
      Lee, Kenton  and
      Toutanova, Kristina",
    editor = "Burstein, Jill  and
      Doran, Christy  and
      Solorio, Thamar",
    booktitle = "Proceedings of the 2019 Conference of the North {A}merican Chapter of the Association for Computational Linguistics: Human Language Technologies, Volume 1 (Long and Short Papers)",
    month = jun,
    year = "2019",
    address = "Minneapolis, Minnesota",
    publisher = "Association for Computational Linguistics",
    url = "https://aclanthology.org/N19-1423",
    doi = "10.18653/v1/N19-1423",
    pages = "4171--4186"
}

@inproceedings{rag,
author = {Lewis, Patrick and Perez, Ethan and Piktus, Aleksandra and Petroni, Fabio and Karpukhin, Vladimir and Goyal, Naman and K\"{u}ttler, Heinrich and Lewis, Mike and Yih, Wen-tau and Rockt\"{a}schel, Tim and Riedel, Sebastian and Kiela, Douwe},
title = {Retrieval-augmented generation for knowledge-intensive NLP tasks},
year = {2020},
isbn = {9781713829546},
publisher = {Curran Associates Inc.},
address = {Red Hook, NY, USA},
booktitle = {Proceedings of the 34th International Conference on Neural Information Processing Systems},
articleno = {793},
numpages = {16},
location = {Vancouver, BC, Canada},
series = {NIPS '20}
}

%%%%%%%%%%%%%%%%%%%%%%%%%%%%%%%%%%%%%%%%%%Data Collection%%%%%%%%%%%%%%%%%%%%%%%%%%%%%%%%%%%%%%%%%%%%%%%%%%%%%%%%%%%%%%%
@misc{phishtank,
  title     = {PhishTank},
    howpublished = "\url{https://phishtank.com/}"
}

@misc{ThreatBook,
  title     = {ThreatBook},
    howpublished = "\url{https://x.threatbook.com/}"
}

@misc{Wikipedia,
  title     = {Wikipedia},
    howpublished = "\url{https://www.wikipedia.org/}"
}

@misc{Quora,
  title     = {Quora},
    howpublished = "\url{https://www.quora.com/}"
}

@misc{LevelBlue,
    title = {LevelBlue},
    howpublished="\url{https://otx.alienvault.com/}"
}

@misc{checkphish,
    title = {CheckPhish},
    howpublished="\url{https://checkphish.bolster.ai/}"
}

@misc{scamadviser,
    title = {ScamAdviser},
    howpublished="\url{https://www.scamadviser.com/}"
}

@misc{SURBL,
    title = {SURBL},
    howpublished="\url{https://www.surbl.org/surbl-analysis/lookup}"
}

@misc{grok,
    title = {Grok},
    howpublished = "\url{https://x.ai/grok}"
}

@misc{textcortex,
    title = {TextCortex},
    howpublished = "\url{https://app.textcortex.com/}"
}

@misc{chatglm,
    title = {ChatGLM},
    howpublished = "\url{https://chatglm.cn/}"
}

@misc{doubao,
    title = {Doubao},
    howpublished = "\url{https://www.doubao.com/}"
}

@misc{x,
    title = {X},
    howpublished = "\url{https://x.com/}"
}

@misc{xSpoofingCase,
    title = {Technical Documentation Spoofing Case},
    howpublished = "\url{https://x.com/r_cky0/status/1859656430888026524/}"
}

@misc{whypro,
    title = {What is Perplexity Pro?},
    howpublished = "\url{https://www.perplexity.ai/hub/faq/what-is-perplexity-pro/}"
}

@misc{metamask,
    title = {MetaMask},
    howpublished = "\url{https://metamask.io/ }"
}

@misc{cutoff,
    title = {OpenAI API},
    howpublished = "\url{https://platform.openai.com/docs/models/}"
}

@article{Hallucination,
author = {Ji, Ziwei and Lee, Nayeon and Frieske, Rita and Yu, Tiezheng and Su, Dan and Xu, Yan and Ishii, Etsuko and Bang, Ye Jin and Madotto, Andrea and Fung, Pascale},
title = {Survey of Hallucination in Natural Language Generation},
year = {2023},
issue_date = {December 2023},
publisher = {Association for Computing Machinery},
address = {New York, NY, USA},
volume = {55},
number = {12},
issn = {0360-0300},
url = {https://doi.org/10.1145/3571730},
doi = {10.1145/3571730},
journal = {ACM Comput. Surv.},
month = mar,
articleno = {248},
numpages = {38},
keywords = {Hallucination, intrinsic hallucination, extrinsic hallucination, faithfulness in NLG, factuality in NLG, consistency in NLG}
}

%%%%%%%%%%%%%%%%%%%%%%%%%%%%%%%%%%%%%%%%%%%%%%% RAG %%%%%%%%%%%%%%%%%%%%%%%%%%%%%%%%%%%%%%%%%%%%%%%%%%%%%%%%%%%%%%%%%%
@misc{zou2024poisonedragknowledgecorruptionattacks,
      title={PoisonedRAG: Knowledge Corruption Attacks to Retrieval-Augmented Generation of Large Language Models}, 
      author={Wei Zou and Runpeng Geng and Binghui Wang and Jinyuan Jia},
      year={2024},
      eprint={2402.07867},
      archivePrefix={arXiv},
      primaryClass={cs.CR},
      url={https://arxiv.org/abs/2402.07867}, 
}

@misc{cheng2024trojanragretrievalaugmentedgenerationbackdoor,
      title={TrojanRAG: Retrieval-Augmented Generation Can Be Backdoor Driver in Large Language Models}, 
      author={Pengzhou Cheng and Yidong Ding and Tianjie Ju and Zongru Wu and Wei Du and Ping Yi and Zhuosheng Zhang and Gongshen Liu},
      year={2024},
      eprint={2405.13401},
      archivePrefix={arXiv},
      primaryClass={cs.CR},
      url={https://arxiv.org/abs/2405.13401}, 
}

@inproceedings{ragattack,
    title = "Glue pizza and eat rocks - Exploiting Vulnerabilities in Retrieval-Augmented Generative Models",
    author = "Tan, Zhen  and
      Zhao, Chengshuai  and
      Moraffah, Raha  and
      Li, Yifan  and
      Wang, Song  and
      Li, Jundong  and
      Chen, Tianlong  and
      Liu, Huan",
    editor = "Al-Onaizan, Yaser  and
      Bansal, Mohit  and
      Chen, Yun-Nung",
    booktitle = "Proceedings of the 2024 Conference on Empirical Methods in Natural Language Processing",
    month = nov,
    year = "2024",
    address = "Miami, Florida, USA",
    publisher = "Association for Computational Linguistics",
    url = "https://aclanthology.org/2024.emnlp-main.96/",
    doi = "10.18653/v1/2024.emnlp-main.96",
    pages = "1610--1626",
}



%%%%%%%%%%%%%%%%%%%%%%%%%%%%%%%%%%%%%%%%%%Poinsoning Attack%%%%%%%%%%%%%%%%%%%%%%%%%%%%%%%%%%%%%%%%%%%%%%%%%%%%%%%%%%%%%%%
@inproceedings{2018Poison_Frogs,
 author = {Shafahi, Ali and Huang, W. Ronny and Najibi, Mahyar and Suciu, Octavian and Studer, Christoph and Dumitras, Tudor and Goldstein, Tom},
 booktitle = {Advances in Neural Information Processing Systems},
 editor = {S. Bengio and H. Wallach and H. Larochelle and K. Grauman and N. Cesa-Bianchi and R. Garnett},
 publisher = {Curran Associates, Inc.},
 title = {Poison Frogs! Targeted Clean-Label Poisoning Attacks on Neural Networks},
 url = {https://proceedings.neurips.cc/paper_files/paper/2018/file/22722a343513ed45f14905eb07621686-Paper.pdf},
 volume = {31},
 year = {2018}
}

@inproceedings{poison_web_24,
author = { Carlini, Nicholas and Jagielski, Matthew and Choquette-Choo, Christopher A. and Paleka, Daniel and Pearce, Will and Anderson, Hyrum and Terzis, Andreas and Thomas, Kurt and Tramer, Florian },
booktitle = { 2024 IEEE Symposium on Security and Privacy (SP) },
title = {{ Poisoning Web-Scale Training Datasets is Practical }},
year = {2024},
pages = {407-425},
doi = {10.1109/SP54263.2024.00179},
url = {https://doi.ieeecomputersociety.org/10.1109/SP54263.2024.00179},
publisher = {IEEE Computer Society},
address = {Los Alamitos, CA, USA},
month =May}

@article{poison_survey,
author = {Tian, Zhiyi and Cui, Lei and Liang, Jie and Yu, Shui},
title = {A Comprehensive Survey on Poisoning Attacks and Countermeasures in Machine Learning},
year = {2022},
issue_date = {August 2023},
publisher = {Association for Computing Machinery},
address = {New York, NY, USA},
volume = {55},
number = {8},
issn = {0360-0300},
url = {https://doi.org/10.1145/3551636},
doi = {10.1145/3551636},
journal = {ACM Comput. Surv.},
month = dec,
articleno = {166},
numpages = {35},
keywords = {backdoor attack, poisoning attack, federated learning, Deep learning}
}

@inproceedings{poison_sp,
  author={Jagielski, Matthew and Oprea, Alina and Biggio, Battista and Liu, Chang and Nita-Rotaru, Cristina and Li, Bo},
  booktitle={2018 IEEE Symposium on Security and Privacy (SP)}, 
  title={Manipulating Machine Learning: Poisoning Attacks and Countermeasures for Regression Learning}, 
  year={2018},
  pages={19-35},
  keywords={Training;Linear regression;Machine learning;Training data;Robustness;Data models;Predictive models;adversarial machine learning;poisoning attacks;robust linear regression},
  doi={10.1109/SP.2018.00057}
}

@inproceedings{prompt_poison,
  author={Yao, Hongwei and Lou, Jian and Qin, Zhan},
  booktitle={ICASSP 2024 - 2024 IEEE International Conference on Acoustics, Speech and Signal Processing (ICASSP)}, 
  title={PoisonPrompt: Backdoor Attack on Prompt-Based Large Language Models}, 
  year={2024},
  volume={},
  number={},
  pages={7745-7749},
  keywords={Signal processing;Predictive models;Robustness;Acoustics;Security;Task analysis;Speech processing;Prompt learning;Backdoor attacks;Large language model},
  doi={10.1109/ICASSP48485.2024.10446267}
}

@article{zou2024poisonedrag,
  title={Poisonedrag: Knowledge poisoning attacks to retrieval-augmented generation of large language models},
  author={Zou, Wei and Geng, Runpeng and Wang, Binghui and Jia, Jinyuan},
  journal={arXiv preprint arXiv:2402.07867},
  year={2024}
}




%%%%%%%%%%%%%%%%%%%%%%%%%%%%%%%%%%%%%%%%%%Prompt Injection Attack%%%%%%%%%%%%%%%%%%%%%%%%%%%%%%%%%%%%%%%%%%%%%%%%%%%%%%%%%%%%%%%
@inproceedings{
perez2022prompt_injection,
title={Ignore Previous Prompt: Attack Techniques For Language Models},
author={F{\'a}bio Perez and Ian Ribeiro},
booktitle={NeurIPS ML Safety Workshop},
year={2022},
url={https://openreview.net/forum?id=qiaRo_7Zmug}
}

@inproceedings{Greshake_inderect,
author = {Greshake, Kai and Abdelnabi, Sahar and Mishra, Shailesh and Endres, Christoph and Holz, Thorsten and Fritz, Mario},
title = {Not What You've Signed Up For: Compromising Real-World LLM-Integrated Applications with Indirect Prompt Injection},
year = {2023},
isbn = {9798400702600},
publisher = {Association for Computing Machinery},
address = {New York, NY, USA},
url = {https://doi.org/10.1145/3605764.3623985},
doi = {10.1145/3605764.3623985},
booktitle = {Proceedings of the 16th ACM Workshop on Artificial Intelligence and Security},
pages = {79–90},
numpages = {12},
keywords = {indirect prompt injection, large language models},
location = {Copenhagen, Denmark},
series = {AISec '23}
}

@misc{Universal_Prompt_Injection,
      title={Automatic and Universal Prompt Injection Attacks against Large Language Models}, 
      author={Xiaogeng Liu and Zhiyuan Yu and Yizhe Zhang and Ning Zhang and Chaowei Xiao},
      year={2024},
      eprint={2403.04957},
      archivePrefix={arXiv},
      primaryClass={cs.AI},
      url={https://arxiv.org/abs/2403.04957}, 
}

@misc{benchmark_indirect,
      title={Benchmarking and Defending Against Indirect Prompt Injection Attacks on Large Language Models}, 
      author={Jingwei Yi and Yueqi Xie and Bin Zhu and Emre Kiciman and Guangzhong Sun and Xing Xie and Fangzhao Wu},
      year={2024},
      eprint={2312.14197},
      archivePrefix={arXiv},
      primaryClass={cs.CL},
      url={https://arxiv.org/abs/2312.14197}, 
}

@misc{liu2024promptinjectionllmintegrated,
      title={Prompt Injection attack against LLM-integrated Applications}, 
      author={Yi Liu and Gelei Deng and Yuekang Li and Kailong Wang and Zihao Wang and Xiaofeng Wang and Tianwei Zhang and Yepang Liu and Haoyu Wang and Yan Zheng and Yang Liu},
      year={2024},
      eprint={2306.05499},
      archivePrefix={arXiv},
      primaryClass={cs.CR},
      url={https://arxiv.org/abs/2306.05499}, 
}

@misc{rag_survey,
      title={Retrieval-Augmented Generation for Large Language Models: A Survey}, 
      author={Yunfan Gao and Yun Xiong and Xinyu Gao and Kangxiang Jia and Jinliu Pan and Yuxi Bi and Yi Dai and Jiawei Sun and Meng Wang and Haofen Wang},
      year={2024},
      eprint={2312.10997},
      archivePrefix={arXiv},
      primaryClass={cs.CL},
      url={https://arxiv.org/abs/2312.10997}, 
}


@InProceedings{rag_2022,
  title = 	 {Improving Language Models by Retrieving from Trillions of Tokens},
  author =       {Borgeaud, Sebastian and Mensch, Arthur and Hoffmann, Jordan and Cai, Trevor and Rutherford, Eliza and Millican, Katie and Van Den Driessche, George Bm and Lespiau, Jean-Baptiste and Damoc, Bogdan and Clark, Aidan and De Las Casas, Diego and Guy, Aurelia and Menick, Jacob and Ring, Roman and Hennigan, Tom and Huang, Saffron and Maggiore, Loren and Jones, Chris and Cassirer, Albin and Brock, Andy and Paganini, Michela and Irving, Geoffrey and Vinyals, Oriol and Osindero, Simon and Simonyan, Karen and Rae, Jack and Elsen, Erich and Sifre, Laurent},
  booktitle = 	 {Proceedings of the 39th International Conference on Machine Learning},
  pages = 	 {2206--2240},
  year = 	 {2022},
  editor = 	 {Chaudhuri, Kamalika and Jegelka, Stefanie and Song, Le and Szepesvari, Csaba and Niu, Gang and Sabato, Sivan},
  volume = 	 {162},
  series = 	 {Proceedings of Machine Learning Research},
  month = 	 {17--23 Jul},
  publisher =    {PMLR},
  pdf = 	 {https://proceedings.mlr.press/v162/borgeaud22a/borgeaud22a.pdf},
  url = 	 {https://proceedings.mlr.press/v162/borgeaud22a.html}
}

@misc{nestaas2024adversarialsearchengineoptimization,
      title={Adversarial Search Engine Optimization for Large Language Models}, 
      author={Fredrik Nestaas and Edoardo Debenedetti and Florian Tramèr},
      year={2024},
      eprint={2406.18382},
      archivePrefix={arXiv},
      primaryClass={cs.CR},
      url={https://arxiv.org/abs/2406.18382}, 
}

%%%%%%%%%%%%%%%%%%%%%%%%%%%%%%%%%%%%%%%%%%%%%%%%%%%%%%%%%transformer%%%%%%%%%%%%%%%%%%%%%%%%%%%%%%%%%%%%
@inproceedings{transformer,
 author = {Vaswani, Ashish and Shazeer, Noam and Parmar, Niki and Uszkoreit, Jakob and Jones, Llion and Gomez, Aidan N and Kaiser, \L ukasz and Polosukhin, Illia},
 booktitle = {Advances in Neural Information Processing Systems},
 editor = {I. Guyon and U. Von Luxburg and S. Bengio and H. Wallach and R. Fergus and S. Vishwanathan and R. Garnett},
 pages = {},
 publisher = {Curran Associates, Inc.},
 title = {Attention is All you Need},
 url = {https://proceedings.neurips.cc/paper_files/paper/2017/file/3f5ee243547dee91fbd053c1c4a845aa-Paper.pdf},
 volume = {30},
 year = {2017}
}

@misc{chatglm_model,
      title={ChatGLM: A Family of Large Language Models from GLM-130B to GLM-4 All Tools}, 
      author={Team GLM},
      year={2024},
      eprint={2406.12793},
      archivePrefix={arXiv},
      primaryClass={cs.CL},
      url={https://arxiv.org/abs/2406.12793}, 
}

%%%%%%%%%%%%%%%%%%%%%%%%%%%%%%%%%%%% LLM applications %%%%%%%%%%%%%%%%%%%%%%%%%%%%%

@misc{app_ecommerce,
      title={Investigating LLM Applications in E-Commerce}, 
      author={Chester Palen-Michel and Ruixiang Wang and Yipeng Zhang and David Yu and Canran Xu and Zhe Wu},
      year={2024},
      eprint={2408.12779},
      archivePrefix={arXiv},
      primaryClass={cs.CL},
      url={https://arxiv.org/abs/2408.12779}, 
}

@ARTICLE{app_survey,
  author={Friha, Othmane and Amine Ferrag, Mohamed and Kantarci, Burak and Cakmak, Burak and Ozgun, Arda and Ghoualmi-Zine, Nassira},
  journal={IEEE Open Journal of the Communications Society}, 
  title={LLM-Based Edge Intelligence: A Comprehensive Survey on Architectures, Applications, Security and Trustworthiness}, 
  year={2024},
  volume={5},
  number={},
  pages={5799-5856},
  keywords={Artificial intelligence;Computational modeling;Security;Robot sensing systems;Technological innovation;Surveys;Real-time systems;Edge intelligence (EI);generative AI;large language models (LLMs);security;privacy;trustworthiness;responsible AI},
  doi={10.1109/OJCOMS.2024.3456549}}

@article{app_langchain, title={Creating Large Language Model Applications Utilizing LangChain: A Primer on Developing LLM Apps Fast}, volume={1}, url={https://as-proceeding.com/index.php/icaens/article/view/1127}, DOI={10.59287/icaens.1127}, number={1}, journal={International Conference on Applied Engineering and Natural Sciences}, author={Topsakal, Oguzhan and Akinci, Tahir Cetin}, year={2023}, month={Jul.}, pages={1050–1056} }

@misc{app_autogen,
      title={AutoGen: Enabling Next-Gen LLM Applications via Multi-Agent Conversation}, 
      author={Qingyun Wu and Gagan Bansal and Jieyu Zhang and Yiran Wu and Beibin Li and Erkang Zhu and Li Jiang and Xiaoyun Zhang and Shaokun Zhang and Jiale Liu and Ahmed Hassan Awadallah and Ryen W White and Doug Burger and Chi Wang},
      year={2023},
      eprint={2308.08155},
      archivePrefix={arXiv},
      primaryClass={cs.AI},
      url={https://arxiv.org/abs/2308.08155}, 
}

@article{semantic_survey1,
  title={A survey on semantic web search engine},
  author={Sudeepthi, Govathoti and Anuradha, Guttula and Babu, M Surendra Prasad},
  journal={International Journal of Computer Science Issues (IJCSI)},
  volume={9},
  number={2},
  pages={241},
  year={2012},
  publisher={Citeseer}
}
@misc{semantic_survey2,
      title={Intelligent Semantic Web Search Engines: A Brief Survey}, 
      author={G. Madhu and Dr. A. Govardhan and Dr. T. V. Rajinikanth},
      year={2011},
      eprint={1102.0831},
      archivePrefix={arXiv},
      primaryClass={cs.AI},
      url={https://arxiv.org/abs/1102.0831}, 
}

%%%%%%%%%%%%%%%%%%%%%%%%%%%%%%%%%%%%%%%%%%%%%%%% Phishing Detection %%%%%%%%%%%%%%%%%%%%%%%%%%%%%%%%%%%%%%%%%%

@ARTICLE{phishing_dection_survey,
  author={Zieni, Rasha and Massari, Luisa and Calzarossa, Maria Carla},
  journal={IEEE Access}, 
  title={Phishing or Not Phishing? A Survey on the Detection of Phishing Websites}, 
  year={2023},
  volume={11},
  number={},
  pages={18499-18519},
  keywords={Phishing;Uniform resource locators;Machine learning;Security;Blocklists;Visualization;Market research;Social engineering (security);Phishing;security threat;phishing website;phishing detection;URL;blacklists;machine learning;page similarity;datasets;social engineering},
  doi={10.1109/ACCESS.2023.3247135}
}

@ARTICLE{phishing_dection_survey2,
  author={Kulkarni, Aditya and Balachandran, Vivek and Das, Tamal},
  journal={IEEE Communications Surveys \& Tutorials}, 
  title={Phishing Webpage Detection: Unveiling the Threat Landscape and Investigating Detection Techniques}, 
  year={2024},
  volume={},
  number={},
  pages={1-1},
  keywords={Phishing;Feature extraction;Surveys;Computer security;Reviews;Electronic mail;Uniform resource locators;Cybersecurity;Phishing Webpage Detection;Machine Learning;Deep Learning},
  doi={10.1109/COMST.2024.3441752}}

@inproceedings{url1,
author = {Ma, Justin and Saul, Lawrence K. and Savage, Stefan and Voelker, Geoffrey M.},
title = {Beyond blacklists: learning to detect malicious web sites from suspicious URLs},
year = {2009},
isbn = {9781605584959},
publisher = {Association for Computing Machinery},
address = {New York, NY, USA},
url = {https://doi.org/10.1145/1557019.1557153},
doi = {10.1145/1557019.1557153},
booktitle = {Proceedings of the 15th ACM SIGKDD International Conference on Knowledge Discovery and Data Mining},
pages = {1245–1254},
numpages = {10},
keywords = {supervised learning, malicious web sites, L1-regularization},
location = {Paris, France},
series = {KDD '09}
}
@inproceedings{url2,
author = {Torroledo, Ivan and Camacho, Luis David and Bahnsen, Alejandro Correa},
title = {Hunting Malicious TLS Certificates with Deep Neural Networks},
year = {2018},
isbn = {9781450360043},
publisher = {Association for Computing Machinery},
address = {New York, NY, USA},
url = {https://doi.org/10.1145/3270101.3270105},
doi = {10.1145/3270101.3270105},
booktitle = {Proceedings of the 11th ACM Workshop on Artificial Intelligence and Security},
pages = {64–73},
numpages = {10},
keywords = {web certificates, tls, ssl, phishing, network monitoring, malware, machine learning, deep learning.},
location = {Toronto, Canada},
series = {AISec '18}
}
@INPROCEEDINGS{url3,
  author={Alam, Mohammad Nazmul and Sarma, Dhiman and Lima, Farzana Firoz and Saha, Ishita and Ulfath, Rubaiath-E- and Hossain, Sohrab},
  booktitle={2020 Third International Conference on Smart Systems and Inventive Technology (ICSSIT)}, 
  title={Phishing Attacks Detection using Machine Learning Approach}, 
  year={2020},
  volume={},
  number={},
  pages={1173-1179},
  keywords={Phishing;Electronic mail;Principal component analysis;Classification algorithms;Machine learning algorithms;Machine learning;Computer science;Phishing attack;phishing attack detection;artificial intelligence;machine learning;deep learning;convolutional neural network},
  doi={10.1109/ICSSIT48917.2020.9214225}}
@misc{url4,
      title={URLNet: Learning a URL Representation with Deep Learning for Malicious URL Detection}, 
      author={Hung Le and Quang Pham and Doyen Sahoo and Steven C. H. Hoi},
      year={2018},
      eprint={1802.03162},
      archivePrefix={arXiv},
      primaryClass={cs.CR},
      url={https://arxiv.org/abs/1802.03162}, 
}

@ARTICLE{web1,
  author={Mao, Jian and Tian, Wenqian and Li, Pei and Wei, Tao and Liang, Zhenkai},
  journal={IEEE Access}, 
  title={Phishing-Alarm: Robust and Efficient Phishing Detection via Page Component Similarity}, 
  year={2017},
  volume={5},
  number={},
  pages={17020-17030},
  keywords={Web pages;Feature extraction;Uniform resource locators;Visualization;Browsers;Social network services;Phishing;Web security;browser;privacy protection},
  doi={10.1109/ACCESS.2017.2743528}}
@Article{web2,
author={Jain, Ankit Kumar
and Gupta, B. B.},
title={A machine learning based approach for phishing detection using hyperlinks information},
journal={Journal of Ambient Intelligence and Humanized Computing},
year={2019},
month={May},
day={01},
volume={10},
number={5},
pages={2015-2028},
issn={1868-5145},
doi={10.1007/s12652-018-0798-z},
url={https://doi.org/10.1007/s12652-018-0798-z}
}
@inproceedings{web3,
author = {Abdelnabi, Sahar and Krombholz, Katharina and Fritz, Mario},
title = {VisualPhishNet: Zero-Day Phishing Website Detection by Visual Similarity},
year = {2020},
isbn = {9781450370899},
publisher = {Association for Computing Machinery},
address = {New York, NY, USA},
url = {https://doi.org/10.1145/3372297.3417233},
doi = {10.1145/3372297.3417233},
booktitle = {Proceedings of the 2020 ACM SIGSAC Conference on Computer and Communications Security},
pages = {1681–1698},
numpages = {18},
keywords = {phishing detection, triplet networks, visual similarity},
location = {Virtual Event, USA},
series = {CCS '20}
}
@inproceedings{web4,
author = {Medvet, Eric and Kirda, Engin and Kruegel, Christopher},
title = {Visual-similarity-based phishing detection},
year = {2008},
isbn = {9781605582412},
publisher = {Association for Computing Machinery},
address = {New York, NY, USA},
url = {https://doi.org/10.1145/1460877.1460905},
doi = {10.1145/1460877.1460905},
booktitle = {Proceedings of the 4th International Conference on Security and Privacy in Communication Netowrks},
articleno = {22},
numpages = {6},
keywords = {web document analysis, visual similarity, security, anti-phishing},
location = {Istanbul, Turkey},
series = {SecureComm '08}
}
@Article{hybrid1,
author={Somesha, M.
and Pais, Alwyn Roshan
and Rao, Routhu Srinivasa
and Rathour, Vikram Singh},
title={Efficient deep learning techniques for the detection of phishing websites},
journal={S{\={a}}dhan{\={a}}},
year={2020},
month={Jun},
day={27},
volume={45},
number={1},
pages={165},
issn={0973-7677},
doi={10.1007/s12046-020-01392-4},
url={https://doi.org/10.1007/s12046-020-01392-4}
}
@Article{hybrid2,
author={Rao, Routhu Srinivasa
and Pais, Alwyn Roshan},
title={Detection of phishing websites using an efficient feature-based machine learning framework},
journal={Neural Computing and Applications},
year={2019},
month={Aug},
day={01},
volume={31},
number={8},
pages={3851-3873},
issn={1433-3058},
doi={10.1007/s00521-017-3305-0},
url={https://doi.org/10.1007/s00521-017-3305-0}
}

@INPROCEEDINGS{seo,
  author={Sharma, Dushyant and Shukla, Rishabh and Giri, Anil Kumar and Kumar, Sumit},
  booktitle={2019 9th International Conference on Cloud Computing, Data Science \& Engineering (Confluence)}, 
  title={A Brief Review on Search Engine Optimization}, 
  year={2019},
  volume={},
  number={},
  pages={687-692},
  keywords={Search engines;Web pages;Optimization;Google;Crawlers;Indexing;SEO;File Transfer Protocol;Page Ranking Algorithm;Crawler;Search Engine.},
  doi={10.1109/CONFLUENCE.2019.8776976}}


@inproceedings{aung2019survey,
  title={A survey of URL-based phishing detection},
  author={Aung, Eint Sandi and Zan, Chaw Thet and Yamana, Hayato},
  booktitle={DEIM forum},
  pages={G2--3},
  year={2019}
}

@article{asiri2023survey,
  title={A survey of intelligent detection designs of HTML URL phishing attacks},
  author={Asiri, Sultan and Xiao, Yang and Alzahrani, Saleh and Li, Shuhui and Li, Tieshan},
  journal={IEEE Access},
  volume={11},
  pages={6421--6443},
  year={2023},
  publisher={IEEE}
}

@inproceedings{xgboost,
  author       = {Tianqi Chen and
                  Carlos Guestrin},
  editor       = {Balaji Krishnapuram and
                  Mohak Shah and
                  Alexander J. Smola and
                  Charu C. Aggarwal and
                  Dou Shen and
                  Rajeev Rastogi},
  title        = {XGBoost: {A} Scalable Tree Boosting System},
  booktitle    = {Proceedings of the 22nd {ACM} {SIGKDD} International Conference on
                  Knowledge Discovery and Data Mining, San Francisco, CA, USA, August
                  13-17, 2016},
  pages        = {785--794},
  publisher    = {{ACM}},
  year         = {2016}
}


@inproceedings{unbdata,
  author       = {Mohammad Saiful Islam Mamun and
                  Mohammad Ahmad Rathore and
                  Arash Habibi Lashkari and
                  Natalia Stakhanova and
                  Ali A. Ghorbani},
  editor       = {Jiageng Chen and
                  Vincenzo Piuri and
                  Chunhua Su and
                  Moti Yung},
  title        = {Detecting Malicious URLs Using Lexical Analysis},
  booktitle    = {Network and System Security - 10th International Conference, {NSS}
                  2016, Taipei, Taiwan, September 28-30, 2016, Proceedings},
  series       = {Lecture Notes in Computer Science},
  volume       = {9955},
  pages        = {467--482},
  publisher    = {Springer},
  year         = {2016},
}