@inproceedings{foerster2018counterfactual,
  title={Counterfactual multi-agent policy gradients},
  author={Foerster, Jakob and Farquhar, Gregory and Afouras, Triantafyllos and Nardelli, Nantas and Whiteson, Shimon},
  booktitle={Proceedings of the AAAI conference on artificial intelligence},
  volume={32},
  number={1},
  year={2018}
}

@inproceedings{kuba2022trust,
  title={Trust Region Policy Optimisation in Multi-Agent Reinforcement Learning},
  author={Kuba, JG and Chen, R and Wen, M and Wen, Y and Sun, F and Wang, J and Yang, Y},
  booktitle={ICLR 2022-10th International Conference on Learning Representations},
  pages={1046},
  year={2022},
  organization={The International Conference on Learning Representations (ICLR)}
}

@article{oliehoek2008optimal,
  title={Optimal and approximate Q-value functions for decentralized POMDPs},
  author={Oliehoek, Frans A and Spaan, Matthijs TJ and Vlassis, Nikos},
  journal={Journal of Artificial Intelligence Research},
  volume={32},
  pages={289--353},
  year={2008}
}

@article{vaswani2017attention,
  title={Attention is all you need},
  author={Vaswani, A},
  journal={Advances in Neural Information Processing Systems},
  year={2017}
}

@article{wang2023order,
  title={Order matters: Agent-by-agent policy optimization},
  author={Wang, Xihuai and Tian, Zheng and Wan, Ziyu and Wen, Ying and Wang, Jun and Zhang, Weinan},
  journal={arXiv preprint arXiv:2302.06205},
  year={2023}
}

@article{wen2022multi,
  title={Multi-agent reinforcement learning is a sequence modeling problem},
  author={Wen, Muning and Kuba, Jakub and Lin, Runji and Zhang, Weinan and Wen, Ying and Wang, Jun and Yang, Yaodong},
  journal={Advances in Neural Information Processing Systems},
  volume={35},
  pages={16509--16521},
  year={2022}
}

@article{yu2022surprising,
  title={The surprising effectiveness of ppo in cooperative multi-agent games},
  author={Yu, Chao and Velu, Akash and Vinitsky, Eugene and Gao, Jiaxuan and Wang, Yu and Bayen, Alexandre and Wu, Yi},
  journal={Advances in Neural Information Processing Systems},
  volume={35},
  pages={24611--24624},
  year={2022}
}

@article{zhang2024b2mapo,
  title={B2MAPO: A Batch-by-Batch Multi-Agent Policy Optimization to Balance Performance and Efficiency},
  author={Zhang, Wenjing and Zhang, Wei and Hu, Wenqing and Wang, Yifan},
  journal={arXiv preprint arXiv:2407.15077},
  year={2024}
}

