@article{wen2022multi,
  title={Multi-agent reinforcement learning is a sequence modeling problem},
  author={Wen, Muning and Kuba, Jakub and Lin, Runji and Zhang, Weinan and Wen, Ying and Wang, Jun and Yang, Yaodong},
  journal={Advances in Neural Information Processing Systems},
  volume={35},
  pages={16509--16521},
  year={2022}
}

@article{schulman2017proximal,
  title={Proximal policy optimization algorithms},
  author={Schulman, John and Wolski, Filip and Dhariwal, Prafulla and Radford, Alec and Klimov, Oleg},
  journal={arXiv preprint arXiv:1707.06347},
  year={2017}
}

@article{krnjaic2022scalable,
  title={Scalable multi-agent reinforcement learning for warehouse logistics with robotic and human co-workers},
  author={Krnjaic, Aleksandar and Steleac, Raul D and Thomas, Jonathan D and Papoudakis, Georgios and Sch{\"a}fer, Lukas and To, Andrew Wing Keung and Lao, Kuan-Ho and Cubuktepe, Murat and Haley, Matthew and B{\"o}rsting, Peter and others},
  booktitle={2024 IEEE/RSJ International Conference on Intelligent Robots and Systems (IROS)},
  pages={677--684},
  year={2024},
  organization={IEEE}
}

@article{wang2024lns2+,
  title={LNS2+ RL: Combining Multi-agent Reinforcement Learning with Large Neighborhood Search in Multi-agent Path Finding},
  author={Wang, Yutong and Duhan, Tanishq and Li, Jiaoyang and Sartoretti, Guillaume},
  journal={arXiv preprint arXiv:2405.17794},
  year={2024}
}

@inproceedings{palanisamy2020multi,
  title={Multi-agent connected autonomous driving using deep reinforcement learning},
  author={Palanisamy, Praveen},
  booktitle={2020 International Joint Conference on Neural Networks (IJCNN)},
  pages={1--7},
  year={2020},
  organization={IEEE}
}

@article{antonio2022multi,
  title={Multi-agent deep reinforcement learning to manage connected autonomous vehicles at tomorrow's intersections},
  author={Antonio, Guillen-Perez and Maria-Dolores, Cano},
  journal={IEEE Transactions on Vehicular Technology},
  volume={71},
  number={7},
  pages={7033--7043},
  year={2022},
  publisher={IEEE}
}

@article{qin2024cooperative,
  title={Cooperative Multi-Agent Deep Reinforcement Learning in Content Ranking Optimization},
  author={Qin, Zhou and Yuan, Kai and Lahiri, Pratik and Liu, Wenyang},
  journal={arXiv preprint arXiv:2408.04251},
  year={2024}
}

@article{zhu2024ofcourse,
  title={OFCOURSE: a multi-agent reinforcement learning environment for order fulfillment},
  author={Zhu, Yiheng and Zhan, Yang and Huang, Xuankun and Chen, Yuwei and Wei, Jiangwen and Feng, Wei and Zhou, Yinzhi and Hu, Haoyuan and Ye, Jieping and others},
  journal={Advances in Neural Information Processing Systems},
  volume={36},
  year={2024}
}

@article{zhang2024b2mapo,
  title={B2MAPO: A Batch-by-Batch Multi-Agent Policy Optimization to Balance Performance and Efficiency},
  author={Zhang, Wenjing and Zhang, Wei and Hu, Wenqing and Wang, Yifan},
  journal={arXiv preprint arXiv:2407.15077},
  year={2024}
}

@inproceedings{kuba2022trust,
  title={Trust Region Policy Optimisation in Multi-Agent Reinforcement Learning},
  author={Kuba, JG and Chen, R and Wen, M and Wen, Y and Sun, F and Wang, J and Yang, Y},
  booktitle={ICLR 2022-10th International Conference on Learning Representations},
  pages={1046},
  year={2022},
  organization={The International Conference on Learning Representations (ICLR)}
}

@article{wang2023order,
  title={Order matters: Agent-by-agent policy optimization},
  author={Wang, Xihuai and Tian, Zheng and Wan, Ziyu and Wen, Ying and Wang, Jun and Zhang, Weinan},
  journal={arXiv preprint arXiv:2302.06205},
  year={2023}
}

@article{yu2022surprising,
  title={The surprising effectiveness of ppo in cooperative multi-agent games},
  author={Yu, Chao and Velu, Akash and Vinitsky, Eugene and Gao, Jiaxuan and Wang, Yu and Bayen, Alexandre and Wu, Yi},
  journal={Advances in Neural Information Processing Systems},
  volume={35},
  pages={24611--24624},
  year={2022}
}

@article{szorenyi2015online,
  title={Online rank elicitation for plackett-luce: A dueling bandits approach},
  author={Sz{\"o}r{\'e}nyi, Bal{\'a}zs and Busa-Fekete, R{\'o}bert and Paul, Adil and H{\"u}llermeier, Eyke},
  journal={Advances in neural information processing systems},
  volume={28},
  year={2015}
}

@book{luce1959individual,
  title={Individual choice behavior},
  author={Luce, R Duncan},
  volume={4},
  year={1959},
  publisher={Wiley New York}
}

@article{plackett1975analysis,
  title={The analysis of permutations},
  author={Plackett, Robin L},
  journal={Journal of the Royal Statistical Society Series C: Applied Statistics},
  volume={24},
  number={2},
  pages={193--202},
  year={1975},
  publisher={Oxford University Press}
}

@article{samvelyan2019starcraft,
  title={The starcraft multi-agent challenge},
  author={Samvelyan, Mikayel and Rashid, Tabish and De Witt, Christian Schroeder and Farquhar, Gregory and Nardelli, Nantas and Rudner, Tim GJ and Hung, Chia-Man and Torr, Philip HS and Foerster, Jakob and Whiteson, Shimon},
  journal={arXiv preprint arXiv:1902.04043},
  year={2019}
}

@article{de2020deep,
  title={Deep multi-agent reinforcement learning for decentralized continuous cooperative control},
  author={de Witt, Christian Schroeder and Peng, Bei and Kamienny, Pierre-Alexandre and Torr, Philip and B{\"o}hmer, Wendelin and Whiteson, Shimon},
  journal={arXiv preprint arXiv:2003.06709},
  volume={19},
  year={2020}
}

@inproceedings{kurach2020google,
  title={Google research football: A novel reinforcement learning environment},
  author={Kurach, Karol and Raichuk, Anton and Sta{\'n}czyk, Piotr and Zaj{\k{a}}c, Micha{\l} and Bachem, Olivier and Espeholt, Lasse and Riquelme, Carlos and Vincent, Damien and Michalski, Marcin and Bousquet, Olivier and others},
  booktitle={Proceedings of the AAAI conference on artificial intelligence},
  volume={34},
  number={04},
  pages={4501--4510},
  year={2020}
}

@book{luce2005individual,
  title={Individual Choice Behavior: A Theoretical Analysis},
  author={Luce, R Duncan},
  year={2005},
  publisher={Courier Corporation}
}

@article{vaswani2017attention,
  title={Attention is all you need},
  author={Vaswani, A},
  journal={Advances in Neural Information Processing Systems},
  year={2017}
}

@inproceedings{cao2007learning,
  title={Learning to rank: from pairwise approach to listwise approach},
  author={Cao, Zhe and Qin, Tao and Liu, Tie-Yan and Tsai, Ming-Feng and Li, Hang},
  booktitle={Proceedings of the 24th international conference on Machine learning},
  pages={129--136},
  year={2007}
}

@inproceedings{guiver2009bayesian,
  title={Bayesian inference for Plackett-Luce ranking models},
  author={Guiver, John and Snelson, Edward},
  booktitle={proceedings of the 26th annual international conference on machine learning},
  pages={377--384},
  year={2009}
}

@inproceedings{severyn2015learning,
  title={Learning to rank short text pairs with convolutional deep neural networks},
  author={Severyn, Aliaksei and Moschitti, Alessandro},
  booktitle={Proceedings of the 38th international ACM SIGIR conference on research and development in information retrieval},
  pages={373--382},
  year={2015}
}

@inproceedings{xia2008listwise,
  title={Listwise approach to learning to rank: theory and algorithm},
  author={Xia, Fen and Liu, Tie-Yan and Wang, Jue and Zhang, Wensheng and Li, Hang},
  booktitle={Proceedings of the 25th international conference on Machine learning},
  pages={1192--1199},
  year={2008}
}

@article{bradley1952rank,
  title={Rank analysis of incomplete block designs: I. The method of paired comparisons},
  author={Bradley, Ralph Allan and Terry, Milton E},
  journal={Biometrika},
  volume={39},
  number={3/4},
  pages={324--345},
  year={1952},
  publisher={JSTOR}
}

@article{schulman2015high,
  title={High-dimensional continuous control using generalized advantage estimation},
  author={Schulman, John and Moritz, Philipp and Levine, Sergey and Jordan, Michael and Abbeel, Pieter},
  journal={arXiv preprint arXiv:1506.02438},
  year={2015}
}

@article{kuba2021settling,
  title={Settling the variance of multi-agent policy gradients},
  author={Kuba, Jakub Grudzien and Wen, Muning and Meng, Linghui and Zhang, Haifeng and Mguni, David and Wang, Jun and Yang, Yaodong and others},
  journal={Advances in Neural Information Processing Systems},
  volume={34},
  pages={13458--13470},
  year={2021}
}

@inproceedings{tassa2012synthesis,
  title={Synthesis and stabilization of complex behaviors through online trajectory optimization},
  author={Tassa, Yuval and Erez, Tom and Todorov, Emanuel},
  booktitle={2012 IEEE/RSJ International Conference on Intelligent Robots and Systems},
  pages={4906--4913},
  year={2012},
  organization={IEEE}
}

@article{shi2024autonomous,
  title={Autonomous Goal Detection and Cessation in Reinforcement Learning: A Case Study on Source Term Estimation},
  author={Shi, Yiwei and Wen, Muning and Zhang, Qi and Zhang, Weinan and Liu, Cunjia and Liu, Weiru},
  journal={arXiv preprint arXiv:2409.09541},
  year={2024}
}

@article{erez2011infinite,
  title={Infinite horizon model predictive control for nonlinear periodic tasks},
  author={Erez, Tom and Tassa, Yuval and Todorov, Emanuel},
  journal={Manuscript under review},
  volume={4},
  year={2011}
}

@inproceedings{hannoun1998dependence,
  title={Dependence relations between roles in a multi-agent system: Towards the detection of inconsistencies in organization},
  author={Hannoun, Mahdi and Sichman, Jaime Simao and Boissier, Olivier and Sayettat, Claudette},
  booktitle={International Workshop on Multi-Agent Systems and Agent-Based Simulation},
  pages={169--182},
  year={1998},
  organization={Springer}
}

@article{schumacher2001multi,
  title={Multi-agent systems},
  author={Schumacher, Michael},
  journal={Objective Coordination in Multi-Agent System Engineering: Design and Implementation},
  pages={9--32},
  year={2001},
  publisher={Springer}
}

@article{castelfranchi1992dependence,
  title={Dependence relations among autonomous agents},
  author={Castelfranchi, Cristiano and Miceli, Maria and Cesta, Amedeo},
  journal={Decentralized AI},
  volume={3},
  pages={215--227},
  year={1992}
}

@article{wen2023large,
  title={Large sequence models for sequential decision-making: a survey},
  author={Wen, Muning and Lin, Runji and Wang, Hanjing and Yang, Yaodong and Wen, Ying and Mai, Luo and Wang, Jun and Zhang, Haifeng and Zhang, Weinan},
  journal={Frontiers of Computer Science},
  volume={17},
  number={6},
  pages={176349},
  year={2023},
  publisher={Springer}
}

@article{cohen1997learning,
  title={Learning to order things},
  author={Cohen, William W and Schapire, Robert E and Singer, Yoram},
  journal={Advances in neural information processing systems},
  volume={10},
  year={1997}
}

@article{chen2021decision,
  title={Decision transformer: Reinforcement learning via sequence modeling},
  author={Chen, Lili and Lu, Kevin and Rajeswaran, Aravind and Lee, Kimin and Grover, Aditya and Laskin, Misha and Abbeel, Pieter and Srinivas, Aravind and Mordatch, Igor},
  journal={Advances in neural information processing systems},
  volume={34},
  pages={15084--15097},
  year={2021}
}

@article{janner2021offline,
  title={Offline reinforcement learning as one big sequence modeling problem},
  author={Janner, Michael and Li, Qiyang and Levine, Sergey},
  journal={Advances in neural information processing systems},
  volume={34},
  pages={1273--1286},
  year={2021}
}

@article{meng2023offline,
  title={Offline pre-trained multi-agent decision transformer},
  author={Meng, Linghui and Wen, Muning and Le, Chenyang and Li, Xiyun and Xing, Dengpeng and Zhang, Weinan and Wen, Ying and Zhang, Haifeng and Wang, Jun and Yang, Yaodong and others},
  journal={Machine Intelligence Research},
  volume={20},
  number={2},
  pages={233--248},
  year={2023},
  publisher={Springer}
}

@book{shalev2014understanding,
  title={Understanding machine learning: From theory to algorithms},
  author={Shalev-Shwartz, Shai and Ben-David, Shai},
  year={2014},
  publisher={Cambridge university press}
}

@inproceedings{pang2017deeprank,
  title={Deeprank: A new deep architecture for relevance ranking in information retrieval},
  author={Pang, Liang and Lan, Yanyan and Guo, Jiafeng and Xu, Jun and Xu, Jingfang and Cheng, Xueqi},
  booktitle={Proceedings of the 2017 ACM on Conference on Information and Knowledge Management},
  pages={257--266},
  year={2017}
}

@article{gordon2015coordinate,
  title={Coordinate descent},
  author={Gordon, Geoff and Tibshirani, Ryan},
  journal={Optimization},
  volume={10},
  number={36},
  pages={725},
  year={2015}
}

@article{ranking2010label,
  title={LABEL RANKING METHODS BASED ON THE PLACKETT-LUCE MODEL},
  author={Ranking, Label},
  journal={Poster presented at ICML},
  pages={27},
  year={2010}
}

@article{bertsekas2021multiagent,
  title={Multiagent reinforcement learning: Rollout and policy iteration},
  author={Bertsekas, Dimitri},
  journal={IEEE/CAA Journal of Automatica Sinica},
  volume={8},
  number={2},
  pages={249--272},
  year={2021},
  publisher={IEEE}
}

@inproceedings{santucci2024model,
  title={Model-based Gradient Search using the Plackett-Luce model},
  author={Santucci, Valentino and Ceberio, Josu},
  booktitle={Proceedings of the Genetic and Evolutionary Computation Conference Companion},
  pages={55--56},
  year={2024}
}

@article{ceberio2023model,
  title={Model-based gradient search for permutation problems},
  author={Ceberio, Josu and Santucci, Valentino},
  journal={ACM Transactions on Evolutionary Learning and Optimization},
  volume={3},
  number={4},
  pages={1--35},
  year={2023},
  publisher={ACM New York, NY}
}

@inproceedings{oosterhuis2021computationally,
  title={Computationally efficient optimization of plackett-luce ranking models for relevance and fairness},
  author={Oosterhuis, Harrie},
  booktitle={Proceedings of the 44th International ACM SIGIR Conference on Research and Development in Information Retrieval},
  pages={1023--1032},
  year={2021}
}

@inproceedings{foerster2018counterfactual,
  title={Counterfactual multi-agent policy gradients},
  author={Foerster, Jakob and Farquhar, Gregory and Afouras, Triantafyllos and Nardelli, Nantas and Whiteson, Shimon},
  booktitle={Proceedings of the AAAI conference on artificial intelligence},
  volume={32},
  number={1},
  year={2018}
}

@incollection{littman1994markov,
  title={Markov games as a framework for multi-agent reinforcement learning},
  author={Littman, Michael L},
  booktitle={Machine learning proceedings 1994},
  pages={157--163},
  year={1994},
  publisher={Elsevier}
}

@article{oliehoek2008optimal,
  title={Optimal and approximate Q-value functions for decentralized POMDPs},
  author={Oliehoek, Frans A and Spaan, Matthijs TJ and Vlassis, Nikos},
  journal={Journal of Artificial Intelligence Research},
  volume={32},
  pages={289--353},
  year={2008}
}

@inproceedings{cheng2010label,
  title={Label ranking methods based on the Plackett-Luce model},
  author={Cheng, Weiwei and H{\"u}llermeier, Eyke and Dembczynski, Krzysztof J},
  booktitle={Proceedings of the 27th International Conference on Machine Learning (ICML-10)},
  pages={215--222},
  year={2010}
}

@article{wang2022model,
  title={Model-based multi-agent reinforcement learning: Recent progress and prospects},
  author={Wang, Xihuai and Zhang, Zhicheng and Zhang, Weinan},
  journal={arXiv preprint arXiv:2203.10603},
  year={2022}
}

@article{zhang2021model,
  title={Model-based multi-agent policy optimization with adaptive opponent-wise rollouts},
  author={Zhang, Weinan and Wang, Xihuai and Shen, Jian and Zhou, Ming},
  journal={arXiv preprint arXiv:2105.03363},
  year={2021}
}

@article{zhang2021multi,
  title={Multi-agent reinforcement learning: A selective overview of theories and algorithms},
  author={Zhang, Kaiqing and Yang, Zhuoran and Ba{\c{s}}ar, Tamer},
  journal={Handbook of reinforcement learning and control},
  pages={321--384},
  year={2021},
  publisher={Springer}
}