@inproceedings{2d1,
    author = {Zhi, Tian and Chunhua, Shen and Hao, Chen and Tong, He},
    title = {Fully Convolutional One-stage Object Detection},
    booktitle = {ICCV},
    year = {2019}
}

@article{2d2,
  author = {Xingyi, Zhou and Dequan, Wang and Philipp, Kr¨ahenb¨uhl},
  title = {Objects as points},
  journal = {arXiv preprint arXiv:1904.07850},
  year = {2019}
}

@inproceedings{bevdepth,
  title={Bevdepth: Acquisition of reliable depth for multi-view 3d object detection},
  author={Li, Yinhao and Ge, Zheng and Yu, Guanyi and Yang, Jinrong and Wang, Zengran and Shi, Yukang and Sun, Jianjian and Li, Zeming},
  booktitle={AAAI},
  year={2023}
}

@article{bevdet,
  title={Bevdet: High-performance multi-camera 3d object detection in bird-eye-view},
  author={Huang, Junjie and Huang, Guan and Zhu, Zheng and Ye, Yun and Du, Dalong},
  journal={arXiv preprint arXiv:2112.11790},
  year={2021}
}

@article{bevdet4d,
  title={Bevdet4d: Exploit temporal cues in multi-camera 3d object detection},
  author={Huang, Junjie and Huang, Guan},
  journal={arXiv preprint arXiv:2203.17054},
  year={2022}
}

@inproceedings{bevfusion,
  title={Bevfusion: Multi-task multi-sensor fusion with unified bird's-eye view representation},
  author={Liu, Zhijian and Tang, Haotian and Amini, Alexander and Yang, Xinyu and Mao, Huizi and Rus, Daniela L and Han, Song},
  booktitle={ICRA},
  year={2023}
}

@inproceedings{caesar2020nuscenes,
  title={nuscenes: A multimodal dataset for autonomous driving},
  author={Caesar, Holger and Bankiti, Varun and Lang, Alex H and Vora, Sourabh and Liong, Venice Erin and Xu, Qiang and Krishnan, Anush and Pan, Yu and Baldan, Giancarlo and Beijbom, Oscar},
  booktitle={CVPR},
  year={2020}
}

@inproceedings{centerfusion,
  title={Centerfusion: Center-based radar and camera fusion for 3d object detection},
  author={Nabati, Ramin and Qi, Hairong},
  booktitle={WACV},
  year={2021}
}

@inproceedings{craft,
  title={Craft: Camera-radar 3d object detection with spatio-contextual fusion transformer},
  author={Kim, Youngseok and Kim, Sanmin and Choi, Jun Won and Kum, Dongsuk},
  booktitle={AAAI},
  year={2023}
}

@inproceedings{crn,
  title={Crn: Camera radar net for accurate, robust, efficient 3d perception},
  author={Kim, Youngseok and Shin, Juyeb and Kim, Sanmin and Lee, In-Jae and Choi, Jun Won and Kum, Dongsuk},
  booktitle={ICCV},
  year={2023}
}

@article{focalpert,
  title={Focal-petr: Embracing foreground for efficient multi-camera 3d object detection},
  author={Wang, Shihao and Jiang, Xiaohui and Li, Ying},
  journal={IEEE Transactions on Intelligent Vehicles},
  year={2023}
}

@inproceedings{kong2023benchmarking,
  title={Benchmarking 3d perception robustness to common corruptions and sensor failure},
  author={Kong, Lingdong and Liu, Youquan and Li, Xin and Chen, Runnan and Zhang, Wenwei and Ren, Jiawei and Pan, Liang and Chen, Kai and Liu, Ziwei},
  booktitle={ICLRW},
  year={2023}
}

@inproceedings{kong2023robo3d,
  title={Robo3d: Towards robust and reliable 3d perception against corruptions},
  author={Kong, Lingdong and Liu, Youquan and Li, Xin and Chen, Runnan and Zhang, Wenwei and Ren, Jiawei and Pan, Liang and Chen, Kai and Liu, Ziwei},
  booktitle={ICCV},
  year={2023}
}

@inproceedings{kong2023robodepth,
  title = {RoboDepth: Robust Out-of-Distribution Depth Estimation under Corruptions},
  author = {Kong, Lingdong and Xie, Shaoyuan and Hu, Hanjiang and Ng, Lai Xing and Cottereau, Benoit R. and Ooi, Wei Tsang},
  booktitle = {NeurIPS},
  year = {2023},
}

@inproceedings{liang2022bevfusion,
  title={Bevfusion: A simple and robust lidar-camera fusion framework},
  author={Liang, Tingting and Xie, Hongwei and Yu, Kaicheng and Xia, Zhongyu and Lin, Zhiwei and Wang, Yongtao and Tang, Tao and Wang, Bing and Tang, Zhi},
  booktitle={NeurIPS},
  year={2022}
}

@inproceedings{lin2024rcbevdet,
  title={RCBEVDet: Radar-camera Fusion in Bird's Eye View for 3D Object Detection},
  author={Lin, Zhiwei and Liu, Zhe and Xia, Zhongyu and Wang, Xinhao and Wang, Yongtao and Qi, Shengxiang and Dong, Yang and Dong, Nan and Zhang, Le and Zhu, Ce},
  booktitle={CVPR},
  year={2024}
}

@inproceedings{lss,
  title={Lift, splat, shoot: Encoding images from arbitrary camera rigs by implicitly unprojecting to 3d},
  author={Philion, Jonah and Fidler, Sanja},
  booktitle={ECCV},
  year={2020},
 
}

@inproceedings{petr,
  title={Petr: Position embedding transformation for multi-view 3d object detection},
  author={Liu, Yingfei and Wang, Tiancai and Zhang, Xiangyu and Sun, Jian},
  booktitle={ECCV},
  year={2022}
}

@inproceedings{petrv2,
  title={Petrv2: A unified framework for 3d perception from multi-camera images},
  author={Liu, Yingfei and Yan, Junjie and Jia, Fan and Li, Shuailin and Gao, Aqi and Wang, Tiancai and Zhang, Xiangyu},
  booktitle={ICCV},
  year={2023}
}

@article{rcbev,
  title={Bridging the view disparity between radar and camera features for multi-modal fusion 3d object detection},
  author={Zhou, Taohua and Chen, Junjie and Shi, Yining and Jiang, Kun and Yang, Mengmeng and Yang, Diange},
  journal={ IEEE Transactions on Intelligent Vehicles},
  year={2023}
}

@inproceedings{rcm,
  title={Rcm-fusion: Radar-camera multi-level fusion for 3d object detection},
  author={Kim, Jisong and Seong, Minjae and Bang, Geonho and Kum, Dongsuk and Choi, Jun Won},
  booktitle={ICRA},
  year={2024}
}

@inproceedings{ren2022benchmarking,
  title={Benchmarking and analyzing point cloud classification under corruptions},
  author={Ren, Jiawei and Pan, Liang and Liu, Ziwei},
  booktitle={ICML},
  year={2022}
}

@inproceedings{robust,
  title={A Robust Diffusion Modeling Framework for Radar Camera 3D Object Detection},
  author={Wu, Zizhang and Wu, Yunzhe and Wang, Xiaoquan and Gan, Yuanzhu and Pu, Jian},
  booktitle={WACV},
  year={2024}
}

@inproceedings{sparseinteraction,
  title={SparseInteraction: Sparse Semantic Guidance for Radar and Camera 3D Object Detection},
  author={Jiang, Shengyin and Xu, Shaoqing and Liu, Li and Song, Ziying and Bo, Yang and Yang, Zhi-Xin and others},
  booktitle={ACMMM},
  year={2024}
}

@inproceedings{streampert,
  title={Exploring object-centric temporal modeling for efficient multi-view 3d object detection},
  author={Wang, Shihao and Liu, Yingfei and Wang, Tiancai and Li, Ying and Zhang, Xiangyu},
  booktitle={ICCV},
  year={2023}
}

@inproceedings{waymo,
  title={Scalability in perception for autonomous driving: Waymo open dataset},
  author={Sun, Pei and Kretzschmar, Henrik and Dotiwalla, Xerxes and Chouard, Aurelien and Patnaik, Vijaysai and Tsui, Paul and Guo, James and Zhou, Yin and Chai, Yuning and Caine, Benjamin and others},
  booktitle={CVPR},
  year={2020}
}

@article{xie2023robobev,
  title={RoboBEV: Towards Robust Bird's Eye View Perception under Corruptions},
  author={Xie, Shaoyuan and Kong, Lingdong and Zhang, Wenwei and Ren, Jiawei and Pan, Liang and Chen, Kai and Liu, Ziwei},
  journal={arXiv preprint arXiv:2304.06719},
  year={2023}
}

@inproceedings{zhou2022cross,
  title={Cross-view transformers for real-time map-view semantic segmentation},
  author={Zhou, Brady and Kr{\"a}henb{\"u}hl, Philipp},
  booktitle={CVPR},
  year={2022}
}

