@String(PAMI = {IEEE Trans. Pattern Anal. Mach. Intell.})
@String(IJCV = {Int. J. Comput. Vis.})
@String(CVPR= {IEEE Conf. Comput. Vis. Pattern Recog.})
@String(ICCV= {Int. Conf. Comput. Vis.})
@String(ECCV= {Eur. Conf. Comput. Vis.})
@String(NeurIPS= {Adv. Neural Inform. Process. Syst.})
@String(ICPR = {Int. Conf. Pattern Recog.})
@String(BMVC= {Brit. Mach. Vis. Conf.})
@String(TOG= {ACM Trans. Graph.})
@String(TIP  = {IEEE Trans. Image Process.})
@String(TVCG  = {IEEE Trans. Vis. Comput. Graph.})
@String(TMM  = {IEEE Trans. Multimedia})
@String(ACMMM= {ACM Int. Conf. Multimedia})
@String(ICME = {Int. Conf. Multimedia and Expo})
@String(ICASSP=	{ICASSP})
@String(ICIP = {IEEE Int. Conf. Image Process.})
@String(ACCV  = {ACCV})
@String(ICLR = {Int. Conf. Learn. Represent.})
@String(IJCAI = {IJCAI})
@String(PR   = {Pattern Recognition})
@String(AAAI = {AAAI})
@String(CVPRW= {IEEE Conf. Comput. Vis. Pattern Recog. Worksh.})
@String(CSVT = {IEEE Trans. Circuit Syst. Video Technol.})

@String(SPL	= {IEEE Sign. Process. Letters})
@String(VR   = {Vis. Res.})
@String(JOV	 = {J. Vis.})
@String(TVC  = {The Vis. Comput.})
@String(JCST  = {J. Comput. Sci. Tech.})
@String(CGF  = {Comput. Graph. Forum})
@String(CVM = {Computational Visual Media})


@article{Hinton06,
author = {Hinton, Geoffrey E. and Osindero, Simon and Teh, Yee Whye},
journal = {Neural Computation},
title = {A Fast Learning Algorithm for Deep Belief Nets},
year = {2006}
}

@book{goodfellow2016deep,
title={Deep learning},
author={Goodfellow, Ian and Bengio, Yoshua and Courville, Aaron and Bengio, Yoshua},

year={2016}
}



@inproceedings{2d1,
    author = {Zhi, Tian and Chunhua, Shen and Hao, Chen and Tong, He},
    title = {Fully Convolutional One-stage Object Detection},
    booktitle = {ICCV},
    year = {2019}
}

@article{2d2,
  author = {Xingyi, Zhou and Dequan, Wang and Philipp, Kr¨ahenb¨uhl},
  title = {Objects as points},
  journal = {arXiv preprint arXiv:1904.07850},
  year = {2019}
}
@inproceedings{m3d1,
  author={Chen, Yongjian and Tai, Lei and Sun, Kai and Li, Mingyang},
  title={Monopair: Monocular 3d object detection using pairwise spatial relationships},
  booktitle={CVPR},
  year={2020}
}

@inproceedings{m3d2,
  title={Monojsg: Joint semantic and geometric cost volume for monocular 3d object detection},
  author={Lian, Qing and Li, Peiliang and Chen, Xiaozhi},
  booktitle={CVPR},
  year={2022}
}
@inproceedings{m3d3,
  title={Geometry uncertainty projection network for monocular 3d object detection},
  author={Lu, Yan and Ma, Xinzhu and Yang, Lei and Zhang, Tianzhu and Liu, Yating and Chu, Qi and Yan, Junjie and Ouyang, Wanli},
  booktitle={ICCV},
  year={2021}
}

@inproceedings{m3d4,
  title={Center-based 3d object detection and tracking},
  author={Yin, Tianwei and Zhou, Xingyi and Krahenbuhl, Philipp},
  booktitle={CVPR},
  year={2021}
}
@inproceedings{m3d5,
  title={Dimension embeddings for monocular 3d object detection},
  author={Zhang, Yunpeng and Zheng, Wenzhao and Zhu, Zheng and Huang, Guan and Du, Dalong and Zhou, Jie and Lu, Jiwen},
  booktitle={CVPR},
  year={2022}
}
@article{m3d6,
  title={MonoEF: Extrinsic parameter free monocular 3D object detection},
  author={Zhou, Yunsong and He, Yuan and Zhu, Hongzi and Wang, Cheng and Li, Hongyang and Jiang, Qinhong},
  journal={IEEE TPAMI},
  year={2021}
}

@inproceedings{m3d7,
  title={Monodtr: Monocular 3d object detection with depth-aware transformer},
  author={Huang, Kuan-Chih and Wu, Tsung-Han and Su, Hung-Ting and Hsu, Winston H},
  booktitle={CVPR},
  year={2022}
}

@inproceedings{m3d8,
  title={MonoDETR: Depth-guided transformer for monocular 3D object detection},
  author={Zhang, Renrui and Qiu, Han and Wang, Tai and Guo, Ziyu and Cui, Ziteng and Qiao, Yu and Li, Hongsheng and Gao, Peng},
  booktitle={ICCV},
  year={2023}
}

@inproceedings{m3d9,
  title={Monoatt: Online monocular 3d object detection with adaptive token transformer},
  author={Zhou, Yunsong and Zhu, Hongzi and Liu, Quan and Chang, Shan and Guo, Minyi},
  booktitle={CVPR},
  year={2023}
}

@inproceedings{caesar2020nuscenes,
  title={nuscenes: A multimodal dataset for autonomous driving},
  author={Caesar, Holger and Bankiti, Varun and Lang, Alex H and Vora, Sourabh and Liong, Venice Erin and Xu, Qiang and Krishnan, Anush and Pan, Yu and Baldan, Giancarlo and Beijbom, Oscar},
  booktitle={CVPR},
  year={2020}
}

@inproceedings{waymo,
  title={Scalability in perception for autonomous driving: Waymo open dataset},
  author={Sun, Pei and Kretzschmar, Henrik and Dotiwalla, Xerxes and Chouard, Aurelien and Patnaik, Vijaysai and Tsui, Paul and Guo, James and Zhou, Yin and Chai, Yuning and Caine, Benjamin and others},
  booktitle={CVPR},
  year={2020}
}

@inproceedings{lss,
  title={Lift, splat, shoot: Encoding images from arbitrary camera rigs by implicitly unprojecting to 3d},
  author={Philion, Jonah and Fidler, Sanja},
  booktitle={ECCV},
  year={2020},
 
}

@article{bevdet,
  title={Bevdet: High-performance multi-camera 3d object detection in bird-eye-view},
  author={Huang, Junjie and Huang, Guan and Zhu, Zheng and Ye, Yun and Du, Dalong},
  journal={arXiv preprint arXiv:2112.11790},
  year={2021}
}
@article{bevdet4d,
  title={Bevdet4d: Exploit temporal cues in multi-camera 3d object detection},
  author={Huang, Junjie and Huang, Guan},
  journal={arXiv preprint arXiv:2203.17054},
  year={2022}
}

@inproceedings{bevdepth,
  title={Bevdepth: Acquisition of reliable depth for multi-view 3d object detection},
  author={Li, Yinhao and Ge, Zheng and Yu, Guanyi and Yang, Jinrong and Wang, Zengran and Shi, Yukang and Sun, Jianjian and Li, Zeming},
  booktitle={AAAI},
  year={2023}
}

@inproceedings{bevnext,
  title={BEVNeXt: Reviving Dense BEV Frameworks for 3D Object Detection},
  author={Li, Zhenxin and Lan, Shiyi and Alvarez, Jose M and Wu, Zuxuan},
  booktitle={CVPR},
  year={2024}
}

@article{att,
  title={Attention is all you need},
  author={Vaswani, A},
  journal={NeurIPS},
  year={2017}
}

@article{qtnet,
  title={Query-based temporal fusion with explicit motion for 3d object detection},
  author={Hou, Jinghua and Liu, Zhe and Zou, Zhikang and Ye, Xiaoqing and Bai, Xiang and others},
  journal={NeurIPS},
  year={2024}
}

@inproceedings{qi2019amodal,
  title={Amodal instance segmentation with kins dataset},
  author={Qi, Lu and Jiang, Li and Liu, Shu and Shen, Xiaoyong and Jia, Jiaya},
  booktitle={CVPR},
  year={2019}
}

@inproceedings{liu2023pyramid,
  title={Pyramid Diffusion for Fine 3D Large Scene Generation},
  author={Liu, Yuheng and Li, Xinke and Li, Xueting and Qi, Lu and Li, Chongshou and Yang, Ming-Hsuan},
  booktitle={ECCV},
  year={2024}
}

@inproceedings{wanvint,
  title={VinT-6D: A Large-Scale Object-in-hand Dataset from Vision, Touch and Proprioception},
  author={Wan, Zhaoliang and Ling, Yonggen and Yi, Senlin and Qi, Lu and Lee, Wang Wei and Lu, Minglei and Yang, Sicheng and Teng, Xiao and Lu, Peng and Yang, Xu and others},
  booktitle={ICML},
  year={2024}
}


@inproceedings{petr,
  title={Petr: Position embedding transformation for multi-view 3d object detection},
  author={Liu, Yingfei and Wang, Tiancai and Zhang, Xiangyu and Sun, Jian},
  booktitle={ECCV},
  year={2022}
}

@inproceedings{petrv2,
  title={Petrv2: A unified framework for 3d perception from multi-camera images},
  author={Liu, Yingfei and Yan, Junjie and Jia, Fan and Li, Shuailin and Gao, Aqi and Wang, Tiancai and Zhang, Xiangyu},
  booktitle={ICCV},
  year={2023}
}

@article{focalpert,
  title={Focal-petr: Embracing foreground for efficient multi-camera 3d object detection},
  author={Wang, Shihao and Jiang, Xiaohui and Li, Ying},
  journal={IEEE Transactions on Intelligent Vehicles},
  year={2023}
}

@inproceedings{streampert,
  title={Exploring object-centric temporal modeling for efficient multi-view 3d object detection},
  author={Wang, Shihao and Liu, Yingfei and Wang, Tiancai and Li, Ying and Zhang, Xiangyu},
  booktitle={ICCV},
  year={2023}
}

@inproceedings{centerfusion,
  title={Centerfusion: Center-based radar and camera fusion for 3d object detection},
  author={Nabati, Ramin and Qi, Hairong},
  booktitle={WACV},
  year={2021}
}
@inproceedings{craft,
  title={Craft: Camera-radar 3d object detection with spatio-contextual fusion transformer},
  author={Kim, Youngseok and Kim, Sanmin and Choi, Jun Won and Kum, Dongsuk},
  booktitle={AAAI},
  year={2023}
}

@article{rcbev,
  title={Bridging the view disparity between radar and camera features for multi-modal fusion 3d object detection},
  author={Zhou, Taohua and Chen, Junjie and Shi, Yining and Jiang, Kun and Yang, Mengmeng and Yang, Diange},
  journal={ IEEE Transactions on Intelligent Vehicles},
  year={2023}
}

@inproceedings{crn,
  title={Crn: Camera radar net for accurate, robust, efficient 3d perception},
  author={Kim, Youngseok and Shin, Juyeb and Kim, Sanmin and Lee, In-Jae and Choi, Jun Won and Kum, Dongsuk},
  booktitle={ICCV},
  year={2023}
}

@inproceedings{lin2024rcbevdet,
  title={RCBEVDet: Radar-camera Fusion in Bird's Eye View for 3D Object Detection},
  author={Lin, Zhiwei and Liu, Zhe and Xia, Zhongyu and Wang, Xinhao and Wang, Yongtao and Qi, Shengxiang and Dong, Yang and Dong, Nan and Zhang, Le and Zhu, Ce},
  booktitle={CVPR},
  year={2024}
}
@inproceedings{kong2023benchmarking,
  title={Benchmarking 3d perception robustness to common corruptions and sensor failure},
  author={Kong, Lingdong and Liu, Youquan and Li, Xin and Chen, Runnan and Zhang, Wenwei and Ren, Jiawei and Pan, Liang and Chen, Kai and Liu, Ziwei},
  booktitle={ICLRW},
  year={2023}
}

@inproceedings{kong2023robo3d,
  title={Robo3d: Towards robust and reliable 3d perception against corruptions},
  author={Kong, Lingdong and Liu, Youquan and Li, Xin and Chen, Runnan and Zhang, Wenwei and Ren, Jiawei and Pan, Liang and Chen, Kai and Liu, Ziwei},
  booktitle={ICCV},
  year={2023}
}

@inproceedings{robust,
  title={A Robust Diffusion Modeling Framework for Radar Camera 3D Object Detection},
  author={Wu, Zizhang and Wu, Yunzhe and Wang, Xiaoquan and Gan, Yuanzhu and Pu, Jian},
  booktitle={WACV},
  year={2024}
}

@inproceedings{sparseinteraction,
  title={SparseInteraction: Sparse Semantic Guidance for Radar and Camera 3D Object Detection},
  author={Jiang, Shengyin and Xu, Shaoqing and Liu, Li and Song, Ziying and Bo, Yang and Yang, Zhi-Xin and others},
  booktitle={ACMMM},
  year={2024}
}
@inproceedings{rcm,
  title={Rcm-fusion: Radar-camera multi-level fusion for 3d object detection},
  author={Kim, Jisong and Seong, Minjae and Bang, Geonho and Kum, Dongsuk and Choi, Jun Won},
  booktitle={ICRA},
  year={2024}
}

@inproceedings{bevfusion,
  title={Bevfusion: Multi-task multi-sensor fusion with unified bird's-eye view representation},
  author={Liu, Zhijian and Tang, Haotian and Amini, Alexander and Yang, Xinyu and Mao, Huizi and Rus, Daniela L and Han, Song},
  booktitle={ICRA},
  year={2023}
}

@inproceedings{elidar,
  title={CLOCs: Camera-LiDAR object candidates fusion for 3D object detection},
  author={Pang, Su and Morris, Daniel and Radha, Hayder},
  booktitle={IROS},
  year={2020}
}

@inproceedings{elidar2,
  title={Online camera lidar fusion and object detection on hybrid data for autonomous driving},
  author={Banerjee, Koyel and Notz, Dominik and Windelen, Johannes and Gavarraju, Sumanth and He, Mingkang},
  booktitle={IEEE Intelligent Vehicles Symposium},
  year={2018}
}

@inproceedings{radar1,
  title={Full-velocity radar returns by radar-camera fusion},
  author={Long, Yunfei and Morris, Daniel and Liu, Xiaoming and Castro, Marcos and Chakravarty, Punarjay and Narayanan, Praveen},
  booktitle={ICCV},
  year={2021}
}

@inproceedings{sheeny2021radiate,
  title={Radiate: A radar dataset for automotive perception in bad weather},
  author={Sheeny, Marcel and De Pellegrin, Emanuele and Mukherjee, Saptarshi and Ahrabian, Alireza and Wang, Sen and Wallace, Andrew},
  booktitle={ICRA},
  year={2021}
}

@article{everingham2010pascal,
  title={The pascal visual object classes (voc) challenge},
  author={Everingham, Mark and Van Gool, Luc and Williams, Christopher KI and Winn, John and Zisserman, Andrew},
  journal={IJCV},
  year={2010}
}

@inproceedings{kim2020grif,
  title={Grif net: Gated region of interest fusion network for robust 3d object detection from radar point cloud and monocular image},
  author={Kim, Youngseok and Choi, Jun Won and Kum, Dongsuk},
  booktitle={IROS},
  year={2020}
}

@inproceedings{aug,
  title={LiDAR augment: Searching for scalable 3D LiDAR data augmentations},
  author={Leng, Zhaoqi and Li, Guowang and Liu, Chenxi and Cubuk, Ekin Dogus and Sun, Pei and He, Tong and Anguelov, Dragomir and Tan, Mingxing},
  booktitle={ICRA},
  year={2023}
}

@article{loshchilov2017decoupled,
  title={Decoupled weight decay regularization},
  author={Loshchilov, I},
  journal={arXiv preprint arXiv:1711.05101},
  year={2017}
}

@article{arnold2019survey,
  title={A survey on 3d object detection methods for autonomous driving applications},
  author={Arnold, Eduardo and Al-Jarrah, Omar Y and Dianati, Mehrdad and Fallah, Saber and Oxtoby, David and Mouzakitis, Alex},
  journal={IEEE Transactions on Intelligent Transportation Systems},
  year={2019}

}

@inproceedings{ma2021delving,
  title={Delving into localization errors for monocular 3d object detection},
  author={Ma, Xinzhu and Zhang, Yinmin and Xu, Dan and Zhou, Dongzhan and Yi, Shuai and Li, Haojie and Ouyang, Wanli},
  booktitle={CVPR},
  year={2021}
}

@inproceedings{bijelic2020seeing,
  title={Seeing through fog without seeing fog: Deep multimodal sensor fusion in unseen adverse weather},
  author={Bijelic, Mario and Gruber, Tobias and Mannan, Fahim and Kraus, Florian and Ritter, Werner and Dietmayer, Klaus and Heide, Felix},
  booktitle={CVPR},
  year={2020}
}

@inproceedings{han2022blind,
  title={Blind image decomposition},
  author={Han, Junlin and Li, Weihao and Fang, Pengfei and Sun, Chunyi and Hong, Jie and Armin, Mohammad Ali and Petersson, Lars and Li, Hongdong},
  booktitle={ECCV},
  year={2022}
}

@inproceedings{kong2023robodepth,
  title = {RoboDepth: Robust Out-of-Distribution Depth Estimation under Corruptions},
  author = {Kong, Lingdong and Xie, Shaoyuan and Hu, Hanjiang and Ng, Lai Xing and Cottereau, Benoit R. and Ooi, Wei Tsang},
  booktitle = {NeurIPS},
  year = {2023},
}

@inproceedings{liang2022bevfusion,
  title={Bevfusion: A simple and robust lidar-camera fusion framework},
  author={Liang, Tingting and Xie, Hongwei and Yu, Kaicheng and Xia, Zhongyu and Lin, Zhiwei and Wang, Yongtao and Tang, Tao and Wang, Bing and Tang, Zhi},
  booktitle={NeurIPS},
  year={2022}
}

@inproceedings{dong2023benchmarking,
  title={Benchmarking robustness of 3d object detection to common corruptions},
  author={Dong, Yinpeng and Kang, Caixin and Zhang, Jinlai and Zhu, Zijian and Wang, Yikai and Yang, Xiao and Su, Hang and Wei, Xingxing and Zhu, Jun},
  booktitle={CVPR},
  year={2023}
}

@article{xie2023robobev,
  title={RoboBEV: Towards Robust Bird's Eye View Perception under Corruptions},
  author={Xie, Shaoyuan and Kong, Lingdong and Zhang, Wenwei and Ren, Jiawei and Pan, Liang and Chen, Kai and Liu, Ziwei},
  journal={arXiv preprint arXiv:2304.06719},
  year={2023}
}
@inproceedings{ren2022benchmarking,
  title={Benchmarking and analyzing point cloud classification under corruptions},
  author={Ren, Jiawei and Pan, Liang and Liu, Ziwei},
  booktitle={ICML},
  year={2022}
}
@inproceedings{zhou2022cross,
  title={Cross-view transformers for real-time map-view semantic segmentation},
  author={Zhou, Brady and Kr{\"a}henb{\"u}hl, Philipp},
  booktitle={CVPR},
  year={2022}
}

@article{yan2018second,
  title={Second: Sparsely embedded convolutional detection},
  author={Yan, Yan and Mao, Yuxing and Li, Bo},
  journal={Sensors},
  year={2018}
}

@misc{contributors2018mmcv,
  title={MMCV: OpenMMLab computer vision foundation},
  author={Contributors, MMCV},
  journal={2022-03-08)[2022-05-01]. https://github. com/open-mmlab/mmcv},
  year={2018}
}