@inproceedings{Meng2022Locating,
 author = {Meng, Kevin and Bau, David and Andonian, Alex and Belinkov, Yonatan},
 booktitle = {Advances in Neural Information Processing Systems},
 editor = {S. Koyejo and S. Mohamed and A. Agarwal and D. Belgrave and K. Cho and A. Oh},
 pages = {17359--17372},
 publisher = {Curran Associates, Inc.},
 title = {Locating and Editing Factual Associations in GPT},
 volume = {35},
 year = {2022}
}

@article{deng2024unke,
  title={UnKE: Unstructured Knowledge Editing in Large Language Models},
  author={Deng, Jingcheng and Wei, Zihao and Pang, Liang and Ding, Hanxing and Shen, Huawei and Cheng, Xueqi},
  journal={arXiv preprint arXiv:2405.15349},
  year={2024}
}

@article{fang2024alphaedit,
  title={Alphaedit: Null-space constrained knowledge editing for language models},
  author={Fang, Junfeng and Jiang, Houcheng and Wang, Kun and Ma, Yunshan and Wang, Xiang and He, Xiangnan and Chua, Tat-seng},
  journal={arXiv preprint arXiv:2410.02355},
  year={2024}
}

@article{hartvigsen2024aging,
  title={Aging with grace: Lifelong model editing with discrete key-value adaptors},
  author={Hartvigsen, Tom and Sankaranarayanan, Swami and Palangi, Hamid and Kim, Yoon and Ghassemi, Marzyeh},
  journal={Advances in Neural Information Processing Systems},
  volume={36},
  year={2024}
}

@article{huang2023transformer,
  title={Transformer-patcher: One mistake worth one neuron},
  author={Huang, Zeyu and Shen, Yikang and Zhang, Xiaofeng and Zhou, Jie and Rong, Wenge and Xiong, Zhang},
  journal={arXiv preprint arXiv:2301.09785},
  year={2023}
}

@article{li2024pmet, title={PMET: Precise Model Editing in a Transformer}, volume={38}, url={https://ojs.aaai.org/index.php/AAAI/article/view/29818}, DOI={10.1609/aaai.v38i17.29818}, number={17}, journal={Proceedings of the AAAI Conference on Artificial Intelligence}, author={Li, Xiaopeng and Li, Shasha and Song, Shezheng and Yang, Jing and Ma, Jun and Yu, Jie}, year={2024}, month={Mar.}, pages={18564-18572} }

@misc{li2024sweaupdatingfactualknowledge,
      title={SWEA: Updating Factual Knowledge in Large Language Models via Subject Word Embedding Altering},
      author={Xiaopeng Li and Shasha Li and Shezheng Song and Huijun Liu and Bin Ji and Xi Wang and Jun Ma and Jie Yu and Xiaodong Liu and Jing Wang and Weimin Zhang},
      year={2024},
      eprint={2401.17809},
      archivePrefix={arXiv},
      primaryClass={cs.CL},
      url={https://arxiv.org/abs/2401.17809},
}

@misc{meng2022massediting,
      title={Mass-Editing Memory in a Transformer},
      author={Kevin Meng and Arnab Sen Sharma and Alex Andonian and Yonatan Belinkov and David Bau},
      year={2022},
      url={http://arxiv.org/abs/2210.07229},
      journal={arXiv preprint arXiv:2210.07229},
}

@inproceedings{mitchell2022fast,
    title={Fast Model Editing at Scale},
    author={Eric Mitchell and Charles Lin and Antoine Bosselut and Chelsea Finn and Christopher D Manning},
    booktitle={International Conference on Learning Representations},
    year={2022},
    url={https://openreview.net/pdf?id=0DcZxeWfOPt}
}

@inproceedings{mitchell2022memory,
  title={Memory-based model editing at scale},
  author={Mitchell, Eric and Lin, Charles and Bosselut, Antoine and Manning, Christopher D and Finn, Chelsea},
  booktitle={International Conference on Machine Learning},
  pages={15817--15831},
  year={2022},
  organization={PMLR}
}

@misc{tan2024massiveeditinglargelanguage,
      title={Massive Editing for Large Language Models via Meta Learning},
      author={Chenmien Tan and Ge Zhang and Jie Fu},
      year={2024},
      eprint={2311.04661},
      archivePrefix={arXiv},
      primaryClass={cs.CL},
      url={https://arxiv.org/abs/2311.04661},
}

@misc{wang2024wiserethinkingknowledgememory,
      title={WISE: Rethinking the Knowledge Memory for Lifelong Model Editing of Large Language Models}, 
      author={Peng Wang and Zexi Li and Ningyu Zhang and Ziwen Xu and Yunzhi Yao and Yong Jiang and Pengjun Xie and Fei Huang and Huajun Chen},
      year={2024},
      eprint={2405.14768},
      archivePrefix={arXiv},
      primaryClass={cs.CL},
      url={https://arxiv.org/abs/2405.14768}, 
}

@inproceedings{zheng-etal-2023-edit,
    title = "Can We Edit Factual Knowledge by In-Context Learning?",
    author = "Zheng, Ce  and
      Li, Lei  and
      Dong, Qingxiu  and
      Fan, Yuxuan  and
      Wu, Zhiyong  and
      Xu, Jingjing  and
      Chang, Baobao",
    editor = "Bouamor, Houda  and
      Pino, Juan  and
      Bali, Kalika",
    booktitle = "Proceedings of the 2023 Conference on Empirical Methods in Natural Language Processing",
    month = dec,
    year = "2023",
    address = "Singapore",
    publisher = "Association for Computational Linguistics",
    url = "https://aclanthology.org/2023.emnlp-main.296",
    doi = "10.18653/v1/2023.emnlp-main.296",
    pages = "4862--4876"}

@inproceedings{zhong2023mquake,
  title={MQuAKE: Assessing Knowledge Editing in Language Models via Multi-Hop Questions},
  author={Zhong, Zexuan and Wu, Zhengxuan and Manning, Christopher D and Potts, Christopher and Chen, Danqi},
  booktitle={Proceedings of the 2023 Conference on Empirical Methods in Natural Language Processing},
  pages={15686--15702},
  year={2023}
}

@article{zhu2020modifying,
  title={Modifying memories in transformer models},
  author={Zhu, Chen and Rawat, Ankit Singh and Zaheer, Manzil and Bhojanapalli, Srinadh and Li, Daliang and Yu, Felix and Kumar, Sanjiv},
  journal={arXiv preprint arXiv:2012.00363},
  year={2020}
}

