@inproceedings{Amershi2019,
  author = {Amershi, Saleema and Weld, Daniel S. and Vorvoreanu, Mihaela and Fourney, Adam and Nushi, Besmira and Collisson, Penny and Suh, Jina and Iqbal, Shamsi T. and Bennett, Paul N. and Inkpen, Kori and Teevan, Jaime and Kikin-Gil, Ruth and Horvitz, Eric},
  title = {Guidelines for Human-AI Interaction},
  booktitle = {Proceedings of the 2019 CHI Conference on Human Factors in Computing Systems},
  series = {CHI '19},
  pages = {1--13},
  numpages = {13},
  year = {2019},
  publisher = {ACM},
  address = {Glasgow, Scotland, UK},
  url = {https://doi.org/10.1145/3290605.3300233},
  doi = {10.1145/3290605.3300233},
}

@article{Chhibber2022,
  author = {Chhibber, Niharika and Goh, Jun and Law, Edith},
  title = {Teachable Conversational Agents for Crowdwork: Effects on Performance and Trust},
  journal = {Proc. ACM Hum.-Comput. Interact.},
  volume = {6},
  number = {CSCW2},
  articleno = {331},
  numpages = {27},
  year = {2022},
  publisher = {ACM},
  address = {New York, NY, USA},
  doi = {10.1145/3555100.3555123},
}

@article{Do2022,
  author = {Do, Hyemi J. and Kong, Hyeok K. and Lee, Jina and Bailey, Brian P.},
  title = {To Err is AI: Imperfect Interventions and Repair in a Conversational Agent Facilitating Group Chat Discussions},
  journal = {Proc. ACM Hum.-Comput. Interact.},
  volume = {7},
  number = {CSCW1},
  articleno = {99},
  numpages = {24},
  year = {2022},
  publisher = {ACM},
  address = {New York, NY, USA},
  doi = {10.1145/3512915.3512927},
}

@article{Do2023,
  author = {Do, Hyemi J. and Kong, Hyeok K. and Tetali, Pranav and Karahalios, Karrie and Bailey, Brian P.},
  title = {Inform, Explain, or Control: Techniques to Adjust End-User Performance Expectations for a Conversational Agent Facilitating Group Chat Discussions},
  journal = {Proc. ACM Hum.-Comput. Interact.},
  volume = {7},
  number = {CSCW2},
  articleno = {343},
  numpages = {26},
  year = {2023},
  publisher = {ACM},
  address = {New York, NY, USA},
  doi = {10.1145/3610173.3610182},
}

@article{Folstad2017,
  author = {Følstad, Asbjørn and Brandtzaeg, Petter Bae},
  title = {Chatbots and the New World of HCI},
  journal = {Interactions},
  volume = {24},
  number = {4},
  pages = {38--42},
  numpages = {5},
  year = {2017},
  publisher = {ACM},
  doi = {10.1145/3085558},
}

@article{Hu2024,
  author = {Hu, Jingwen and Guo, Jiaxin and Tang, Nuo and Ma, Xiaojun and Yao, Yunan},
  title = {Designing the Conversational Agent: Asking Follow-up Questions for Information Elicitation},
  journal = {Proc. ACM Hum.-Comput. Interact.},
  volume = {8},
  number = {CSCW1},
  articleno = {43},
  numpages = {24},
  year = {2024},
  publisher = {ACM},
  address = {New York, NY, USA},
  doi = {10.1145/12345678.98765432}, 
}

@article{Jiang2023,
  author = {Jiang, Zijie and Rashik, Md and Panchal, Krutika and Jasim, Md Mahmudul Hasan and Sarvghad, Arash and Wu, Fengjun},
  title = {CommunityBots: Creating and Evaluating a Multi-Agent Chatbot Platform for Public Input Elicitation},
  journal = {Proc. ACM Hum.-Comput. Interact.},
  volume = {7},
  number = {CSCW1},
  articleno = {36},
  numpages = {28},
  year = {2023},
  publisher = {ACM},
  address = {New York, NY, USA},
  doi = {10.1145/3579467.3579473},
}

@inproceedings{Luger2016,
  author = {Luger, Ewa and Sellen, Abigail},
  title = {Like Having a Really Bad PA: The Gulf Between User Expectation and Experience of Conversational Agents},
  booktitle = {Proceedings of the 2016 CHI Conference on Human Factors in Computing Systems},
  series = {CHI '16},
  pages = {5286--5297},
  numpages = {12},
  year = {2016},
  publisher = {ACM},
  address = {San Jose, CA, USA},
  url = {https://doi.org/10.1145/2858036.2858288},
  doi = {10.1145/2858036.2858288},
}

@book{McConnell2006,
  author = {McConnell, Steve},
  title = {Software Estimation: Demystifying the Black Art},
  year = {2006},
  isbn = {978-0735605350},
  publisher = {Microsoft Press},
  address = {Redmond, WA, USA},
}

@inproceedings{Sadowski2015,
  author = {Sadowski, Caitlin and Gogh, Jeffrey van and Jaspan, Ciera and Söderberg, Emma and Winter, Collin},
  title = {Tricorder: Building a Program Analysis Ecosystem},
  booktitle = {Proceedings of the 37th International Conference on Software Engineering},
  series = {ICSE '15},
  pages = {598--608},
  numpages = {11},
  year = {2015},
  publisher = {IEEE},
  address = {Florence, Italy},
  url = {https://doi.org/10.1109/ICSE.2015.73},
  doi = {10.1109/ICSE.2015.73},
}

@inproceedings{Wang2018,
  author = {Wang, Dan and Tian, Feng and Zheng, Yong},
  title = {Understanding Long-term Interactions with a Slow Bot for Emotional Well-being},
  booktitle = {Proceedings of the 2018 CHI Conference on Human Factors in Computing Systems},
  series = {CHI '18},
  pages = {1--12},
  numpages = {12},
  year = {2018},
  publisher = {ACM},
  address = {Montreal, QC, Canada},
  url = {https://doi.org/10.1145/3173574.3174044},
  doi = {10.1145/3173574.3174044},
}

@inproceedings{Wang2024chi,
author = {Wang, Zhiyuan and Reddy, Varun and Ingersoll, Karen and Flickinger, Tabor and Barnes, Laura E.},
title = {Rapport Matters: Enhancing HIV mHealth Communication through Linguistic Analysis and Large Language Models},
year = {2024},
isbn = {9798400703317},
publisher = {Association for Computing Machinery},
address = {New York, NY, USA},
url = {https://doi.org/10.1145/3613905.3651077},
doi = {10.1145/3613905.3651077},
booktitle = {Extended Abstracts of the CHI Conference on Human Factors in Computing Systems},
articleno = {278},
numpages = {8},
keywords = {Patient-clinician communication, large language models, mobile health},
location = {Honolulu, HI, USA},
series = {CHI EA '24}
}

@article{Wang2025,
author = {Wang, Zhiyuan and Yuan, Fangxu and LeBaron, Virginia and Flickinger, Tabor and Barnes, Laura E.},
title = {PALLM: Evaluating and Enhancing PALLiative Care Conversations with Large Language Models},
year = {2025},
publisher = {Association for Computing Machinery},
address = {New York, NY, USA},
url = {https://doi.org/10.1145/3712300},
doi = {10.1145/3712300},
note = {Just Accepted},
journal = {ACM Trans. Comput. Healthcare},
month = jan,
keywords = {Patient-Provider Communication, Large Language Models, Healthcare, Palliative Care}
}

@article{bagmar2022,
  author = {Bagmar, Ananya and Hogan, Kevin and Shalaby, Dina and Purtilo, James},
  title = {Analyzing the Effectiveness of an Extensible Virtual Moderator},
  journal = {Proc. ACM Hum.-Comput. Interact.},
  volume = {6},
  number = {GROUP},
  articleno = {18},
  numpages = {24},
  year = {2022},
  publisher = {ACM},
  address = {New York, NY, USA},
  doi = {10.1145/3491102.3517580},
}

@article{bucher2024,
  author = {Bucher, Andreas and Dolata, Mateusz and Eckhardt, Sven and Staehelin, Dario and Schwabe, Gerhard},
  title = {Talking to Multi-Party Conversational Agents in Advisory Services},
  journal = {Proc. ACM Hum.-Comput. Interact.},
  volume = {8},
  number = {GROUP},
  articleno = {7},
  numpages = {20},
  year = {2024},
  publisher = {ACM},
  address = {New York, NY, USA},
  doi = {10.1145/3610173.3610185},
}

@article{candello2022,
  author = {Candello, Heloisa and Pinhanez, Claudio and Muller, Michael and Wessel, Maria},
  title = {Unveiling Practices of Customer Service Content Curators of Conversational Agents},
  journal = {Proc. ACM Hum.-Comput. Interact.},
  volume = {6},
  number = {CSCW2},
  articleno = {348},
  numpages = {30},
  year = {2022},
  publisher = {ACM},
  address = {New York, NY, USA},
  doi = {10.1145/3512935.3512948},
}

@article{catania2023conversational,
  author = {Catania, Fabio and Spitale, Micol and Garzotto, Franca},
  title = {Conversational Agents in Therapeutic Interventions for Neurodevelopmental Disorders: A Survey},
  journal = {ACM Comput. Surv.},
  volume = {55},
  number = {10},
  articleno = {207},
  numpages = {34},
  year = {2023},
  publisher = {ACM},
  address = {New York, NY, USA},
  doi = {10.1145/3571801},
}

@article{choi2021,
  author = {Choi, Yun-Gyung and Kim, Tae-Jin Monserrat and Park, Joon and Shin, Hee-Jeong},
  title = {ProtoChat: Supporting the Conversation Design Process with Crowd Feedback},
  journal = {Proc. ACM Hum.-Comput. Interact.},
  volume = {4},
  number = {CSCW3},
  articleno = {225},
  numpages = {28},
  year = {2021},
  publisher = {ACM},
  address = {New York, NY, USA},
  doi = {10.1145/3449113.3449122},
}

@article{he2023conversational,
  author = {He, Yuhao and Yang, Li and Qian, Chunlian and Li, Tong and Su, Zhengyuan and Zhang, Qiang and Hou, Xiangqing},
  title = {Conversational Agent Interventions for Mental Health Problems: Systematic Review and Meta-analysis of Randomized Controlled Trials},
  journal = {J. Med. Internet Res.},
  volume = {25},
  articleno = {e43862},
  year = {2023},
  publisher = {JMIR Publications Inc.},
  address = {Toronto, Canada},
  doi = {10.2196/43862},
}

@article{karinshak2023,
  author = {Karinshak, Emily and Liu, Sherry X. and Park, Joon Sung and Hancock, Jeffrey T.},
  title = {Working With AI to Persuade: Examining a Large Language Model's Ability to Generate Pro-Vaccination Messages},
  journal = {Proc. ACM Hum.-Comput. Interact.},
  volume = {7},
  number = {CSCW1},
  articleno = {116},
  numpages = {23},
  year = {2023},
  publisher = {ACM},
  address = {New York, NY, USA},
  doi = {10.1145/3579467.3579474},
}

@article{kim2021,
  author = {Kim, Seungwoo and Eun, Ji and Seering, Joseph and Lee, Joon},
  title = {Moderator Chatbot for Deliberative Discussion: Effects of Discussion Structure and Discussant Facilitation},
  journal = {Proc. ACM Hum.-Comput. Interact.},
  volume = {5},
  number = {CSCW1},
  articleno = {87},
  numpages = {29},
  year = {2021},
  publisher = {ACM},
  address = {New York, NY, USA},
  doi = {10.1145/3449113.3449121},
}

@article{peng2024,
  author = {Peng, Zhen and Chen, Qian and Shen, Zhiwei and Ma, Xiaojun and Oulasvirta, Antti},
  title = {DesignQuizzer: A Community-Powered Conversational Agent for Learning Visual Design},
  journal = {Proc. ACM Hum.-Comput. Interact.},
  volume = {8},
  number = {CSCW1},
  articleno = {44},
  numpages = {26},
  year = {2024},
  publisher = {ACM},
  address = {New York, NY, USA},
  doi = {10.1145/3610173.3610183},
}

@article{schmid2022,
  author = {Schmid, Damaris and Staehelin, Dario and Bucher, Andreas and Dolata, Mateusz and Schwabe, Gerhard},
  title = {Does Social Presence Increase Perceived Competence? Evaluating Conversational Agents in Advice Giving Through a Video-Based Survey},
  journal = {Proc. ACM Hum.-Comput. Interact.},
  volume = {6},
  number = {GROUP},
  articleno = {26},
  numpages = {19},
  year = {2022},
  publisher = {ACM},
  address = {New York, NY, USA},
  doi = {10.1145/3512935.3512949},
}

@article{wang2021,
  author = {Wang, Lu and Wang, Dan and Tian, Feng and Peng, Zhen and Fan, Xinyuan and Carroll, John M.},
  title = {CASS: Towards Building a Social-Support Chatbot for Online Health Community},
  journal = {Proc. ACM Hum.-Comput. Interact.},
  volume = {5},
  number = {CSCW1},
  articleno = {9},
  numpages = {25},
  year = {2021},
  publisher = {ACM},
  address = {New York, NY, USA},
  doi = {10.1145/3449113.3449123},
}

@article{wang2024,
  author    = {Wang, Zhiyuan and Hassan, Nusayer and LeBaron, Virginia and Flickinger, Tabor and Ling, David and Edwards, James and Wu, Congyu and Boukhechba, Mehdi and Barnes, Laura E.},
  title     = {CommSense: A Wearable Sensing Computational Framework for Evaluating Patient-Clinician Interactions},
  year      = {2024},
  issue_date= {November 2024},
  publisher = {Association for Computing Machinery},
  address   = {New York, NY, USA},
  volume    = {8},
  number    = {CSCW2},
  url       = {https://doi.org/10.1145/3686952},
  doi       = {10.1145/3686952},
  journal   = {Proc. ACM Hum.-Comput. Interact.},
  month     = nov,
  articleno = {413},
  numpages  = {31}
}

