
@article{Kagermann2011,
  author = {Kagermann, Henning and Lukas, Wolf-Dieter and Wahlster, Wolfgang},
  title = {Industrie 4.0: Mit dem Internet der Dinge auf dem Weg zur 4. Industriellen Revolution},
  journal = {VDI Nachrichten},
  volume = {13},
  number = {1},
  pages = {2--3},
  year = {2011},
  month = jan,
  publisher = {Verein Deutscher Ingenieure},
  address = {Düsseldorf, Germany},
}

@book{Hey2009,
  author = {Hey, Anthony J. G. and Tansley, Stewart and Tolle, Kristin Michele},
  title = {The Fourth Paradigm: Data-Intensive Scientific Discovery},
  year = {2009},
  isbn = {978-0-9825442-0-4},
  publisher = {Microsoft Research},
  address = {Redmond, WA, USA},
}

@book{Raykov2006,
  author = {Raykov, Tenko and Marcoulides, George A.},
  title = {A First Course in Structural Equation Modeling},
  year = {2006},
  isbn = {978-0805855876},
  publisher = {Lawrence Erlbaum Associates},
  address = {Mahwah, NJ, USA},
}

@book{McConnell2006,
  author = {McConnell, Steve},
  title = {Software Estimation: Demystifying the Black Art},
  year = {2006},
  isbn = {978-0735605350},
  publisher = {Microsoft Press},
  address = {Redmond, WA, USA},
}

@inproceedings{Sadowski2015,
  author = {Sadowski, Caitlin and Gogh, Jeffrey van and Jaspan, Ciera and Söderberg, Emma and Winter, Collin},
  title = {Tricorder: Building a Program Analysis Ecosystem},
  booktitle = {Proceedings of the 37th International Conference on Software Engineering},
  series = {ICSE '15},
  pages = {598--608},
  numpages = {11},
  year = {2015},
  publisher = {IEEE},
  address = {Florence, Italy},
  url = {https://doi.org/10.1109/ICSE.2015.73},
  doi = {10.1109/ICSE.2015.73},
}

@inproceedings{Luger2016,
  author = {Luger, Ewa and Sellen, Abigail},
  title = {Like Having a Really Bad PA: The Gulf Between User Expectation and Experience of Conversational Agents},
  booktitle = {Proceedings of the 2016 CHI Conference on Human Factors in Computing Systems},
  series = {CHI '16},
  pages = {5286--5297},
  numpages = {12},
  year = {2016},
  publisher = {ACM},
  address = {San Jose, CA, USA},
  url = {https://doi.org/10.1145/2858036.2858288},
  doi = {10.1145/2858036.2858288},
}

@inproceedings{Wang2018,
  author = {Wang, Dan and Tian, Feng and Zheng, Yong},
  title = {Understanding Long-term Interactions with a Slow Bot for Emotional Well-being},
  booktitle = {Proceedings of the 2018 CHI Conference on Human Factors in Computing Systems},
  series = {CHI '18},
  pages = {1--12},
  numpages = {12},
  year = {2018},
  publisher = {ACM},
  address = {Montreal, QC, Canada},
  url = {https://doi.org/10.1145/3173574.3174044},
  doi = {10.1145/3173574.3174044},
}

@inproceedings{Amershi2019,
  author = {Amershi, Saleema and Weld, Daniel S. and Vorvoreanu, Mihaela and Fourney, Adam and Nushi, Besmira and Collisson, Penny and Suh, Jina and Iqbal, Shamsi T. and Bennett, Paul N. and Inkpen, Kori and Teevan, Jaime and Kikin-Gil, Ruth and Horvitz, Eric},
  title = {Guidelines for Human-AI Interaction},
  booktitle = {Proceedings of the 2019 CHI Conference on Human Factors in Computing Systems},
  series = {CHI '19},
  pages = {1--13},
  numpages = {13},
  year = {2019},
  publisher = {ACM},
  address = {Glasgow, Scotland, UK},
  url = {https://doi.org/10.1145/3290605.3300233},
  doi = {10.1145/3290605.3300233},
}

@misc{Muenchen2023,
  author = {Muenchen, Robert A.},
  title = {The Popularity of Data Science Software},
  year = {2023},
  url = {http://r4stats.com/articles/popularity/},
  month = jun,
  lastaccessed = {June 6, 2023},
}

@article{Darejeh2024,
  author = {Darejeh, Ali and Marcusa, Nathaniel and Mohammadi, Gholamreza and Sweller, John},
  title = {A Critical Analysis of Cognitive Load Measurement Methods for Evaluating the Usability of Different Types of Interfaces: Guidelines and Framework for Human-Computer Interaction},
  journal = {arXiv preprint},
  eprint = {arXiv:2402.11820},
  year = {2024},
  month = feb,
}

@article{Rawassizadeh2023,
  author = {Rawassizadeh, Reza and Rong, Yuxi},
  title = {ODSearch: Fast and Resource Efficient On-device Natural Language Search for Fitness Trackers' Data},
  journal = {Proc. ACM Interact. Mob. Wearable Ubiquitous Technol.},
  volume = {6},
  number = {4},
  pages = {1--25},
  numpages = {25},
  year = {2023},
  publisher = {ACM},
  address = {New York, NY, USA},
  doi = {10.1145/1234567.8901234}
}

@article{Strasak2007,
  author = {Strasak, Alexander M. and Zaman, Qamruz and Pfeiffer, Karl P. and Göbel, Georg and Ulmer, Hermann},
  title = {Statistical Errors in Medical Research—A Review of Common Pitfalls},
  journal = {Swiss Medical Weekly},
  volume = {137},
  number = {3-4},
  pages = {44--44},
  year = {2007},
  month = {jan--dec},
  publisher = {EMH Swiss Medical Publishers},
  address = {Basel, Switzerland},
}

@article{Spake2023,
  author = {Spake, Rebecca and Bowler, Diana E. and Callaghan, Corey T. and Blowes, Sam A. and Doncaster, Christopher P. and Antão, Laura H.},
  title = {Understanding 'It Depends' in Ecology: A Guide to Hypothesising, Visualising and Interpreting Statistical Interactions},
  journal = {Biological Reviews},
  volume = {98},
  number = {4},
  pages = {983--1002},
  numpages = {20},
  year = {2023},
  publisher = {Cambridge University Press},
  address = {Cambridge, UK},
  doi = {10.1111/brv.12939},
}

@inproceedings{Zhang2024,
  author = {Zhang, Xiaoyang and Khedri, Kaveh and Rawassizadeh, Reza},
  title = {Can LLMs Substitute SQL? Comparing Resource Utilization of Querying LLMs versus Traditional Relational Databases},
  booktitle = {Proceedings of the 2024 ACL Student Research Workshop},
  series = {ACL-SRW '24},
  year = {2024},
  publisher = {Association for Computational Linguistics},
  address = {Stroudsburg, PA, USA},
}

@article{Xu2023,
  author = {Xu, Ruiyun and Feng, Yue and Chen, Hailiang},
  title = {ChatGPT vs. Google: A Comparative Study of Search Performance and User Experience},
  journal = {arXiv preprint},
  eprint = {arXiv:2307.01135},
  year = {2023},
  month = jul,
}


@inproceedings{Nielsen1994,
  author = {Nielsen, Jakob},
  title = {Enhancing the Explanatory Power of Usability Heuristics},
  booktitle = {Proceedings of the SIGCHI Conference on Human Factors in Computing Systems},
  series = {CHI '94},
  pages = {152--158},
  numpages = {7},
  year = {1994},
  publisher = {ACM},
  address = {Boston, MA, USA},
  month = apr,
}

@article{Sahoo2023,
  author = {Sahoo, Pranab and Singh, Ayush Kumar and Saha, Sriparna and Jain, Vinija and Mondal, Samrat and Chadha, Aman},
  title = {A Systematic Survey of Prompt Engineering in Large Language Models: Techniques and Applications},
  journal = {arXiv preprint},
  eprint = {arXiv:2402.07927},
  year = {2023},
  month = feb,
}

@article{Mandal2017,
  author = {Mandal, B. N. and Dash, Sukanta},
  title = {On Balanced Incomplete Latin Square Designs},
  journal = {Commun. Statist. Theor. Meth.},
  volume = {46},
  number = {13},
  pages = {6258--6263},
  numpages = {6},
  year = {2017},
  publisher = {Taylor \& Francis},
  doi = {10.1080/03610926.2016.1171336},
}

@article{Hu2024,
  author = {Hu, Jingwen and Guo, Jiaxin and Tang, Nuo and Ma, Xiaojun and Yao, Yunan},
  title = {Designing the Conversational Agent: Asking Follow-up Questions for Information Elicitation},
  journal = {Proc. ACM Hum.-Comput. Interact.},
  volume = {8},
  number = {CSCW1},
  articleno = {43},
  numpages = {24},
  year = {2024},
  publisher = {ACM},
  address = {New York, NY, USA},
  doi = {10.1145/12345678.98765432}, 
}

@article{Chhibber2022,
  author = {Chhibber, Niharika and Goh, Jun and Law, Edith},
  title = {Teachable Conversational Agents for Crowdwork: Effects on Performance and Trust},
  journal = {Proc. ACM Hum.-Comput. Interact.},
  volume = {6},
  number = {CSCW2},
  articleno = {331},
  numpages = {27},
  year = {2022},
  publisher = {ACM},
  address = {New York, NY, USA},
  doi = {10.1145/3555100.3555123},
}

@article{Jiang2023,
  author = {Jiang, Zijie and Rashik, Md and Panchal, Krutika and Jasim, Md Mahmudul Hasan and Sarvghad, Arash and Wu, Fengjun},
  title = {CommunityBots: Creating and Evaluating a Multi-Agent Chatbot Platform for Public Input Elicitation},
  journal = {Proc. ACM Hum.-Comput. Interact.},
  volume = {7},
  number = {CSCW1},
  articleno = {36},
  numpages = {28},
  year = {2023},
  publisher = {ACM},
  address = {New York, NY, USA},
  doi = {10.1145/3579467.3579473},
}

@article{Folstad2017,
  author = {Følstad, Asbjørn and Brandtzaeg, Petter Bae},
  title = {Chatbots and the New World of HCI},
  journal = {Interactions},
  volume = {24},
  number = {4},
  pages = {38--42},
  numpages = {5},
  year = {2017},
  publisher = {ACM},
  doi = {10.1145/3085558},
}

@article{Schmitt2022,
  author = {Schmitt, Andreas and Wambsganss, Tim and Leimeister, Jan Marco},
  title = {Conversational Agents for Information Retrieval in the Education Domain: A User-Centered Design Investigation},
  journal = {Proc. ACM Hum.-Comput. Interact.},
  volume = {6},
  number = {CSCW2},
  articleno = {486},
  numpages = {32},
  year = {2022},
  publisher = {ACM},
  address = {New York, NY, USA},
  doi = {10.1145/3555186.3555234},
}

@article{Wambsganss2022,
  author = {Wambsganss, Tim and Zierau, Niklas and Söllner, Matthias and Käser, Tobias},
  title = {Designing Conversational Evaluation Tools: A Comparison of Text and Voice Modalities to Improve Response Quality in Course Evaluations},
  journal = {Proc. ACM Hum.-Comput. Interact.},
  volume = {6},
  number = {CSCW2},
  articleno = {506},
  numpages = {29},
  year = {2022},
  publisher = {ACM},
  address = {New York, NY, USA},
  doi = {10.1145/3555186.3555235},
}

@article{Do2023,
  author = {Do, Hyemi J. and Kong, Hyeok K. and Tetali, Pranav and Karahalios, Karrie and Bailey, Brian P.},
  title = {Inform, Explain, or Control: Techniques to Adjust End-User Performance Expectations for a Conversational Agent Facilitating Group Chat Discussions},
  journal = {Proc. ACM Hum.-Comput. Interact.},
  volume = {7},
  number = {CSCW2},
  articleno = {343},
  numpages = {26},
  year = {2023},
  publisher = {ACM},
  address = {New York, NY, USA},
  doi = {10.1145/3610173.3610182},
}

@article{Do2022,
  author = {Do, Hyemi J. and Kong, Hyeok K. and Lee, Jina and Bailey, Brian P.},
  title = {To Err is AI: Imperfect Interventions and Repair in a Conversational Agent Facilitating Group Chat Discussions},
  journal = {Proc. ACM Hum.-Comput. Interact.},
  volume = {7},
  number = {CSCW1},
  articleno = {99},
  numpages = {24},
  year = {2022},
  publisher = {ACM},
  address = {New York, NY, USA},
  doi = {10.1145/3512915.3512927},
}

@article{Cho2020,
  author = {Cho, Jee Eun and Rader, Eytan R.},
  title = {The Role of Conversational Grounding in Supporting Symbiosis Between People and Digital Assistants},
  journal = {Proc. ACM Hum.-Comput. Interact.},
  volume = {4},
  number = {CSCW1},
  articleno = {33},
  numpages = {27},
  year = {2020},
  publisher = {ACM},
  address = {New York, NY, USA},
  doi = {10.1145/12345678.98765432},
}

@article{Khadpe2020,
  author = {Khadpe, Pranav and Krishna, Ranjay and Li, Fei-Fei and Hancock, Jeffrey T. and Bernstein, Michael S.},
  title = {Conceptual Metaphors Impact Perceptions of Human-AI Collaboration},
  journal = {Proc. ACM Hum.-Comput. Interact.},
  volume = {4},
  number = {CSCW2},
  articleno = {163},
  numpages = {25},
  year = {2020},
  publisher = {ACM},
  address = {New York, NY, USA},
  doi = {10.1145/12345678.98765433},
}

@article{karinshak2023,
  author = {Karinshak, Emily and Liu, Sherry X. and Park, Joon Sung and Hancock, Jeffrey T.},
  title = {Working With AI to Persuade: Examining a Large Language Model's Ability to Generate Pro-Vaccination Messages},
  journal = {Proc. ACM Hum.-Comput. Interact.},
  volume = {7},
  number = {CSCW1},
  articleno = {116},
  numpages = {23},
  year = {2023},
  publisher = {ACM},
  address = {New York, NY, USA},
  doi = {10.1145/3579467.3579474},
}

@article{kim2021,
  author = {Kim, Seungwoo and Eun, Ji and Seering, Joseph and Lee, Joon},
  title = {Moderator Chatbot for Deliberative Discussion: Effects of Discussion Structure and Discussant Facilitation},
  journal = {Proc. ACM Hum.-Comput. Interact.},
  volume = {5},
  number = {CSCW1},
  articleno = {87},
  numpages = {29},
  year = {2021},
  publisher = {ACM},
  address = {New York, NY, USA},
  doi = {10.1145/3449113.3449121},
}

@article{bagmar2022,
  author = {Bagmar, Ananya and Hogan, Kevin and Shalaby, Dina and Purtilo, James},
  title = {Analyzing the Effectiveness of an Extensible Virtual Moderator},
  journal = {Proc. ACM Hum.-Comput. Interact.},
  volume = {6},
  number = {GROUP},
  articleno = {18},
  numpages = {24},
  year = {2022},
  publisher = {ACM},
  address = {New York, NY, USA},
  doi = {10.1145/3491102.3517580},
}

@article{peng2024,
  author = {Peng, Zhen and Chen, Qian and Shen, Zhiwei and Ma, Xiaojun and Oulasvirta, Antti},
  title = {DesignQuizzer: A Community-Powered Conversational Agent for Learning Visual Design},
  journal = {Proc. ACM Hum.-Comput. Interact.},
  volume = {8},
  number = {CSCW1},
  articleno = {44},
  numpages = {26},
  year = {2024},
  publisher = {ACM},
  address = {New York, NY, USA},
  doi = {10.1145/3610173.3610183},
}

@article{choi2021,
  author = {Choi, Yun-Gyung and Kim, Tae-Jin Monserrat and Park, Joon and Shin, Hee-Jeong},
  title = {ProtoChat: Supporting the Conversation Design Process with Crowd Feedback},
  journal = {Proc. ACM Hum.-Comput. Interact.},
  volume = {4},
  number = {CSCW3},
  articleno = {225},
  numpages = {28},
  year = {2021},
  publisher = {ACM},
  address = {New York, NY, USA},
  doi = {10.1145/3449113.3449122},
}

@article{candello2022,
  author = {Candello, Heloisa and Pinhanez, Claudio and Muller, Michael and Wessel, Maria},
  title = {Unveiling Practices of Customer Service Content Curators of Conversational Agents},
  journal = {Proc. ACM Hum.-Comput. Interact.},
  volume = {6},
  number = {CSCW2},
  articleno = {348},
  numpages = {30},
  year = {2022},
  publisher = {ACM},
  address = {New York, NY, USA},
  doi = {10.1145/3512935.3512948},
}

@article{wang2021,
  author = {Wang, Lu and Wang, Dan and Tian, Feng and Peng, Zhen and Fan, Xinyuan and Carroll, John M.},
  title = {CASS: Towards Building a Social-Support Chatbot for Online Health Community},
  journal = {Proc. ACM Hum.-Comput. Interact.},
  volume = {5},
  number = {CSCW1},
  articleno = {9},
  numpages = {25},
  year = {2021},
  publisher = {ACM},
  address = {New York, NY, USA},
  doi = {10.1145/3449113.3449123},
}

@article{wang2024,
  author    = {Wang, Zhiyuan and Hassan, Nusayer and LeBaron, Virginia and Flickinger, Tabor and Ling, David and Edwards, James and Wu, Congyu and Boukhechba, Mehdi and Barnes, Laura E.},
  title     = {CommSense: A Wearable Sensing Computational Framework for Evaluating Patient-Clinician Interactions},
  year      = {2024},
  issue_date= {November 2024},
  publisher = {Association for Computing Machinery},
  address   = {New York, NY, USA},
  volume    = {8},
  number    = {CSCW2},
  url       = {https://doi.org/10.1145/3686952},
  doi       = {10.1145/3686952},
  journal   = {Proc. ACM Hum.-Comput. Interact.},
  month     = nov,
  articleno = {413},
  numpages  = {31}
}

@article{bucher2024,
  author = {Bucher, Andreas and Dolata, Mateusz and Eckhardt, Sven and Staehelin, Dario and Schwabe, Gerhard},
  title = {Talking to Multi-Party Conversational Agents in Advisory Services},
  journal = {Proc. ACM Hum.-Comput. Interact.},
  volume = {8},
  number = {GROUP},
  articleno = {7},
  numpages = {20},
  year = {2024},
  publisher = {ACM},
  address = {New York, NY, USA},
  doi = {10.1145/3610173.3610185},
}

@article{schmid2022,
  author = {Schmid, Damaris and Staehelin, Dario and Bucher, Andreas and Dolata, Mateusz and Schwabe, Gerhard},
  title = {Does Social Presence Increase Perceived Competence? Evaluating Conversational Agents in Advice Giving Through a Video-Based Survey},
  journal = {Proc. ACM Hum.-Comput. Interact.},
  volume = {6},
  number = {GROUP},
  articleno = {26},
  numpages = {19},
  year = {2022},
  publisher = {ACM},
  address = {New York, NY, USA},
  doi = {10.1145/3512935.3512949},
}


@article{Souza2021,
  author = {Kennedy Edson Silva de Souza and Igor Leonardo de Aviz and Harold Dias de Mello and Karla Figueiredo and Marley Maria Bernardes Rebuzzi Vellasco and Fernando Augusto Ribeiro Costa and Marcos César da Rocha Seruffo},
  title = {An Evaluation Framework for User Experience Using Eye Tracking, Mouse Tracking, Keyboard Input, and Artificial Intelligence: A Case Study},
  journal = {International Journal of Human–Computer Interaction},
  volume = {38},
  number = {7},
  pages = {646--660},
  year = {2022},
  publisher = {Taylor & Francis},
  doi = {10.1080/10447318.2021.1960092},
  url = {https://doi.org/10.1080/10447318.2021.1960092},
  note = {Published online: 19 Aug 2021}
}
@inproceedings{brown2020language,
  title = {Language Models are Few-Shot Learners},
  author = {Brown, Tom and Mann, Benjamin and Ryder, Nick},
  booktitle = {Advances in Neural Information Processing Systems},
  series = {NeurIPS '20},
  volume = {33},
  pages = {1877--1901},
  numpages = {25},
  year = {2020},
  publisher = {Curran Associates, Inc.},
  address = {Red Hook, NY, USA},
}

@article{he2023conversational,
  author = {He, Yuhao and Yang, Li and Qian, Chunlian and Li, Tong and Su, Zhengyuan and Zhang, Qiang and Hou, Xiangqing},
  title = {Conversational Agent Interventions for Mental Health Problems: Systematic Review and Meta-analysis of Randomized Controlled Trials},
  journal = {J. Med. Internet Res.},
  volume = {25},
  articleno = {e43862},
  year = {2023},
  publisher = {JMIR Publications Inc.},
  address = {Toronto, Canada},
  doi = {10.2196/43862},
}

@article{catania2023conversational,
  author = {Catania, Fabio and Spitale, Micol and Garzotto, Franca},
  title = {Conversational Agents in Therapeutic Interventions for Neurodevelopmental Disorders: A Survey},
  journal = {ACM Comput. Surv.},
  volume = {55},
  number = {10},
  articleno = {207},
  numpages = {34},
  year = {2023},
  publisher = {ACM},
  address = {New York, NY, USA},
  doi = {10.1145/3571801},
}

@article{longo2018experienced,
  author = {Longo, Luca},
  title = {Experienced Mental Workload, Perception of Usability, Their Interaction and Impact on Task Performance},
  journal = {PLOS ONE},
  volume = {13},
  number = {8},
  articleno = {e0199661},
  year = {2018},
  publisher = {Public Library of Science},
  address = {San Francisco, CA, USA},
  doi = {10.1371/journal.pone.0199661},
}

@book{patton1990qualitative,
  author = {Patton, Michael Quinn},
  title = {Qualitative Evaluation and Research Methods},
  year = {1990},
  isbn = {978-0803937797},
  publisher = {SAGE Publications},
  address = {Thousand Oaks, CA, USA},
}

@article{Brooks2012,
  author = {Brooks, Joseph L.},
  title = {Counterbalancing for Serial Order Carryover Effects in Experimental Condition Orders},
  journal = {Psychol. Methods},
  volume = {17},
  number = {4},
  pages = {600--614},
  numpages = {15},
  year = {2012},
  doi = {10.1037/a0029310},
}

@article{Shapiro1965,
  author = {Shapiro, Samuel Sanford and Wilk, Martin Bradbury},
  title = {An Analysis of Variance Test for Normality (Complete Samples)},
  journal = {Biometrika},
  volume = {52},
  number = {3-4},
  pages = {591--611},
  numpages = {21},
  year = {1965},
  doi = {10.1093/biomet/52.3-4.591},
}

@article{Friedman1937,
  author = {Friedman, Milton},
  title = {The Use of Ranks to Avoid the Assumption of Normality Implicit in the Analysis of Variance},
  journal = {J. Amer. Statist. Assoc.},
  volume = {32},
  number = {200},
  pages = {675--701},
  numpages = {27},
  year = {1937},
  doi = {10.1080/01621459.1937.10503522},
}

@phdthesis{nemenyi1963,
  author = {Nemenyi, Peter B.},
  title = {Distribution-free Multiple Comparisons},
  school = {Princeton University},
  year = {1963},
  address = {Princeton, NJ, USA},
}

@article{Bonferroni1936,
  author = {Bonferroni, Carlo Emilio},
  title = {Teoria Statistica delle Classi e Calcolo delle Probabilità},
  journal = {Pubbl. R. Ist. Super. Sci. Econ. Commer. Firenze},
  volume = {8},
  pages = {3--62},
  year = {1936},
  publisher = {Istituto Superiore di Scienze Economiche e Commerciali},
  address = {Florence, Italy},
}

@inproceedings{accot1997beyond,
    author = {Johnny Accot and Shumin Zhai},
    title = {Beyond Fitts' Law: Models for Trajectory-Based HCI Tasks},
    booktitle = {Proceedings of the ACM SIGCHI Conference on Human Factors in Computing Systems},
    pages = {295--302},
    year = {1997},
    publisher = {ACM},
    address = {New York, NY, USA},
    doi = {10.1145/258549.258760},
    url = {https://dl.acm.org/doi/10.1145/258549.258760}
}

@article{liu2008isolation,
    title = {Isolation Forest},
    author = {Fei Tony Liu and Kai Ming Ting and Zhi-Hua Zhou},
    journal = {Proceedings of the IEEE International Conference on Data Mining (ICDM)},
    pages = {413--422},
    year = {2008},
    publisher = {IEEE},
    doi = {10.1109/ICDM.2008.17}
}

@article{van2008visualizing,
    title = {Visualizing Data Using t-SNE},
    author = {Laurens van der Maaten and Geoffrey Hinton},
    journal = {Journal of Machine Learning Research},
    volume = {9},
    number = {Nov},
    pages = {2579--2605},
    year = {2008},
    url = {http://www.jmlr.org/papers/volume9/vandermaaten08a/vandermaaten08a.pdf}
}

@article{mcinnes2018umap,
    title = {UMAP: Uniform Manifold Approximation and Projection for Dimension Reduction},
    author = {Leland McInnes and John Healy and James Melville},
    journal = {arXiv preprint arXiv:1802.03426},
    year = {2018},
    url = {https://arxiv.org/abs/1802.03426}
}

@book{jolliffe2002principal,
    title = {Principal Component Analysis},
    author = {Ian T. Jolliffe},
    year = {2002},
    publisher = {Springer},
    address = {New York, NY},
    doi = {10.1007/b98835}
}





@ARTICLE{2020SciPy-NMeth,
  author  = {Virtanen, Pauli and Gommers, Ralf and Oliphant, Travis E. and
            Haberland, Matt and Reddy, Tyler and Cournapeau, David and
            Burovski, Evgeni and Peterson, Pearu and Weckesser, Warren and
            Bright, Jonathan and {van der Walt}, St{\'e}fan J. and
            Brett, Matthew and Wilson, Joshua and Millman, K. Jarrod and
            Mayorov, Nikolay and Nelson, Andrew R. J. and Jones, Eric and
            Kern, Robert and Larson, Eric and Carey, C J and
            Polat, {\.I}lhan and Feng, Yu and Moore, Eric W. and
            {VanderPlas}, Jake and Laxalde, Denis and Perktold, Josef and
            Cimrman, Robert and Henriksen, Ian and Quintero, E. A. and
            Harris, Charles R. and Archibald, Anne M. and
            Ribeiro, Ant{\^o}nio H. and Pedregosa, Fabian and
            {van Mulbregt}, Paul and {SciPy 1.0 Contributors}},
  title   = {{{SciPy} 1.0: Fundamental Algorithms for Scientific
            Computing in Python}},
  journal = {Nature Methods},
  year    = {2020},
  volume  = {17},
  pages   = {261--272},
  adsurl  = {https://rdcu.be/b08Wh},
  doi     = {10.1038/s41592-019-0686-2},
}

@article{pedregosa2011scikit,
  title={Scikit-learn: Machine Learning in Python},
  author={Pedregosa, F. and Varoquaux, G. and Gramfort, A. and Michel, V. and Thirion, B. and Grisel, O. and Blondel, M. and Prettenhofer, P. and Weiss, R. and Dubourg, V. and others},
  journal={Journal of Machine Learning Research},
  volume={12},
  pages={2825--2830},
  year={2011}
}

@inproceedings{mckinney2010data,
    title = {Data Structures for Statistical Computing in Python},
    author = {Wes McKinney},
    booktitle = {Proceedings of the 9th Python in Science Conference},
    pages = {56--61},
    year = {2010}
}

@article{harris2020array,
    title = {Array Programming with NumPy},
    author = {Charles R. Harris and K. Jarrod Millman and Stéfan J. van der Walt and Ralf Gommers and Pauli Virtanen and David Cournapeau and Eric Wieser and Julian Taylor and Sebastian Berg and Nathaniel J. Smith and Robert Kern and Matti Picus and Stephan Hoyer and Marten H. van Kerkwijk and Matthew Brett and Allan Haldane and Jaime Fernández del Río and Mark Wiebe and Pearu Peterson and Pierre Gérard-Marchant and Kevin Sheppard and Tyler Reddy and Warren Weckesser and Hameer Abbasi and Christoph Gohlke and Travis E. Oliphant},
    journal = {Nature},
    volume = {585},
    number = {7825},
    pages = {357--362},
    year = {2020},
    doi = {10.1038/s41586-020-2649-2}
}

@misc{plotly,
    author = {{Plotly Technologies Inc.}},
    title = {Collaborative Data Science},
    howpublished = {\url{https://plotly.com}},
    note = {Accessed: 2025-02-06}
}


@article{Wang2025,
author = {Wang, Zhiyuan and Yuan, Fangxu and LeBaron, Virginia and Flickinger, Tabor and Barnes, Laura E.},
title = {PALLM: Evaluating and Enhancing PALLiative Care Conversations with Large Language Models},
year = {2025},
publisher = {Association for Computing Machinery},
address = {New York, NY, USA},
url = {https://doi.org/10.1145/3712300},
doi = {10.1145/3712300},
note = {Just Accepted},
journal = {ACM Trans. Comput. Healthcare},
month = jan,
keywords = {Patient-Provider Communication, Large Language Models, Healthcare, Palliative Care}
}

@inproceedings{Wang2024chi,
author = {Wang, Zhiyuan and Reddy, Varun and Ingersoll, Karen and Flickinger, Tabor and Barnes, Laura E.},
title = {Rapport Matters: Enhancing HIV mHealth Communication through Linguistic Analysis and Large Language Models},
year = {2024},
isbn = {9798400703317},
publisher = {Association for Computing Machinery},
address = {New York, NY, USA},
url = {https://doi.org/10.1145/3613905.3651077},
doi = {10.1145/3613905.3651077},
booktitle = {Extended Abstracts of the CHI Conference on Human Factors in Computing Systems},
articleno = {278},
numpages = {8},
keywords = {Patient-clinician communication, large language models, mobile health},
location = {Honolulu, HI, USA},
series = {CHI EA '24}
}
