@ARTICLE{Erol2011SurveyLoc,
  author={Erol-Kantarci, Melike and Mouftah, Hussein T. and Oktug, Sema},
  journal={IEEE Commun. Surv. Tutor.}, 
  title={A Survey of Architectures and Localization Techniques for Underwater Acoustic Sensor Networks}, 
  year={Mar., 2011},
  volume={13},
  number={3},
  pages={487-502},
  keywords={Acoustics;Sea surface;Wireless sensor networks;Open area test sites;Mobile communication;Protocols;Localization;underwater acoustic sensor networks},
  doi={10.1109/SURV.2011.020211.00035}}

@ARTICLE{Luo2021LocReview,
  author={Luo, Junhai and Yang, Yang and Wang, Zhiyan and Chen, Yanping},
  journal={IEEE Internet Things J.}, 
  title={Localization Algorithm for Underwater Sensor Network: A Review}, 
  year={Sep., 2021},
  volume={8},
  number={17},
  pages={13126-13144},
  keywords={Location awareness;Classification algorithms;Wireless sensor networks;Monitoring;Internet of Things;Taxonomy;Prediction algorithms;Distance measurement;network architecture;network scale;survey;underwater localization;underwater sensor network},
  doi={10.1109/JIOT.2021.3081918}}

@Article{Huang2024SurveySSP,
AUTHOR = {Huang, Wei and Wu, Pengfei and Lu, Jiajun and Lu, Junpeng and Xiu, Zhengyang and Xu, Zhenpeng and Li, Sijia and Xu, Tianhe},
TITLE = {Underwater SSP Measurement and Estimation: A Survey},
JOURNAL = {J. Mar. Sci. Eng.},
VOLUME = {12},
YEAR = {Dec., 2024},
NUMBER = {12},
ARTICLE-NUMBER = {2356},
ISSN = {2077-1312},
DOI = {10.3390/jmse12122356}
}

@ARTICLE{Huang2021SSPInversion,
  author={Huang, Wei and Liu, Mingliu and Li, Deshi and Yin, Feng and Chen, Haole and Zhou, Jixuan and Xu, Huihui},
  journal={IEEE J. Ocean. Eng.}, 
  title={Collaborating Ray Tracing and AI Model for AUV-Assisted 3-D Underwater Sound-Speed Inversion}, 
  year={May, 2021},
  volume={46},
  number={4},
  pages={1372-1390},
  keywords={Neural networks;Autonomous underwater vehicles;Ray tracing;Underwater acoustics;Feature extraction;Artificial intelligence;Autoencoding-translation neural network (AETNN);autonomous underwater vehicle (AUV);sound-speed profile (SSP);sparse feature points (SFPs);3-D sound-speed inversion},
  doi={10.1109/JOE.2021.3066780}
}

@article{Tolstoy1991MFP,
    author = {Tolstoy, A. and Diachok, O. and Frazer, L. N.},
    title = {Acoustic tomography via matched field processing},
    journal = {J. Acoust. Soc. Am.},
    volume = {89},
    number = {3},
    pages = {1119-1127},
    year = {Mar., 1991},
    month = {03},
    issn = {0001-4966},
    doi = {10.1121/1.400647},    
}

@Article{Choo2018CS,
AUTHOR = {Choo, Youngmin and Seong, Woojae},
TITLE = {Compressive Sound Speed Profile Inversion Using Beamforming Results},
JOURNAL = {Remote Sens.},
VOLUME = {10},
YEAR = {May, 2018},
NUMBER = {5},
ARTICLE-NUMBER = {704},
ISSN = {2072-4292},
DOI = {10.3390/rs10050704}
}

@article{Bianco2017CS,
    author = {Bianco, Michael and Gerstoft, Peter},
    title = {Dictionary learning of sound speed profiles},
    journal = {J. Acoust. Soc. Am.},
    volume = {141},
    number = {3},
    pages = {1749-1758},
    year = {Mar., 2017},
    month = {03},
    issn = {0001-4966},
    doi = {10.1121/1.4977926},
}

@ARTICLE{Huang2023Meta,
AUTHOR={Huang, Wei  and Li, Deshi  and Zhang, Hao  and Xu, Tianhe  and Yin, Feng },
TITLE={A meta-deep-learning framework for spatio-temporal underwater SSP inversion},
JOURNAL={Front. Mar. Sci.},
VOLUME={10},
YEAR={Aug., 2023},
DOI={10.3389/fmars.2023.1146333},
ISSN={2296-7745},
}

@Article{Liu2024SSPPrediction,
AUTHOR = {Liu, Yu and Ma, Benjun and Qin, Zhiliang and Wang, Cheng and Guo, Chao and Yang, Siyu and Zhao, Jixiang and Cai, Yimeng and Li, Mingzhe},
TITLE = {A Multi-Spatial Scale Ocean Sound Speed Prediction Method Based on Deep Learning},
JOURNAL = {J. Mar. Sci. Eng.},
VOLUME = {12},
YEAR = {Oct., 2024},
NUMBER = {11},
ISSN = {2077-1312},
}

@ARTICLE{Lu2024LSTM,
  author={Lu, Jiajun and Huang, Wei and Zhang, Hao},
  journal={IEEE Geosci. Remote Sens. Lett.}, 
  title={Dynamic Prediction of Full-Ocean Depth SSP by a Hierarchical LSTM: An Experimental Result}, 
  year={Jan., 2024},
  volume={21},
  number={},
  pages={1-5},
  keywords={Sea measurements;Predictive models;Oceans;Time series analysis;Prediction algorithms;Marine vehicles;Data models;Hierarchical long short-term memory (H-LSTM) neural network;sound speed profile (SSP) prediction;South China Sea;time series sound speed},
  doi={10.1109/LGRS.2024.3356552}
}

@ARTICLE{Cui2024DRPrecition,
  author={Cui, Xuerong and Liu, Xiaoting and Li, Juan and Li, Lei and Jiang, Bin and Li, Shibao and Liu, Jianhang},
  journal={IEEE Sens. Lett.}, 
  title={Adaptive Sound Velocity Profile Prediction Method Based on Deep Reinforcement Learning}, 
  year={Feb., 2024},
  volume={8},
  number={3},
  pages={1-4},
  keywords={Prediction algorithms;Mathematical models;Temperature measurement;Predictive models;Sea measurements;Ocean temperature;Convolutional neural networks;Sensor applications;deep reinforcement learning (DRL-ASP);sound velocity profile prediction;underwater positioning;underwater sensor network},
  doi={10.1109/LSENS.2024.3366690}
}

@article {Huang2021SST,
  author={Huang, Boyin and Liu, Chunying and Banzon, Viva and Freeman, Eruc and Graham, Garrett and Hankins, Bill and Smith, Tom and Zhang, Huaimin},
  journal={J. Clim.}, 
  title={Improvements of the Daily Optimum Interpolation Sea Surface Temperature (DOISST) Version 2.1}, 
  year={Apr., 2021},
  address={Boston MA, USA},
  publisher={American Meteorological Society},
  volume={34},
  number={8},
  pages={2923 - 2939},
}

@Article{Xu2025SOM,
AUTHOR = {Xu, Guojun and Qu, Ke and Li, Zhanglong and Zhang, Zixuan and Xu, Pan and Gao, Dongbao and Dai, Xudong},
TITLE = {Enhanced Inversion of Sound Speed Profile Based on a Physics-Inspired Self-Organizing Map},
JOURNAL = {Remote Sens.},
VOLUME = {17},
YEAR = {Jan., 2025},
NUMBER = {1},
ARTICLE-NUMBER = {132},
ISSN = {2072-4292},
DOI = {10.3390/rs17010132}
}

@INPROCEEDINGS{Kirimoto2024CTD,
  author={Kirimoto, Kensuke and Han, Jun and Konashi, Shoichiro},
  booktitle={OCEANS 2024 - Singapore}, 
  title={Development of High Accuracy CTD Sensor: 5EL-CTD}, 
  year={2024},
  volume={},
  number={},
  pages={1-8},
  keywords={Temperature sensors;Uncertainty;Accuracy;Thermistors;Conductivity;Global warming;Calibration;CTD sensor;OEM;High accuracy;High response;electrode principle},
  doi={10.1109/OCEANS51537.2024.10682363}
}

@INPROCEEDINGS{Luo2023CTD,
  author={Luo, Chenyi and Wang, Yanhui and Wang, Cheng and Yang, Ming and Yang, Shaoqiong},
  booktitle={OCEANS 2023 - Limerick}, 
  title={Analysis of Glider Motion Effects on Pumped CTD}, 
  year={2023},
  volume={},
  number={},
  pages={1-7},
  keywords={Temperature distribution;Data integrity;Oceans;Aggregates;Buoyancy;Oscillators;Frequency control;Underwater glider;Pumped CTD;Data quality},
  doi={10.1109/OCEANSLimerick52467.2023.10244368}
}

@article{MUNK1979Tomography,
title = {Ocean acoustic tomography: a scheme for large scale monitoring},
journal = {Deep-Sea Res. Part I-Oceanogr. Res. Pap.},
volume = {26},
number = {2},
pages = {123-161},
year = {Feb., 1979},
issn = {0198-0149},
doi = {https://doi.org/10.1016/0198-0149(79)90073-6},
author = {Munk, Walter and Wunsch, Carl},
}

@article{Munk1983Tomography,
title = {Ocean acoustic tomography: Rays and modes},
journal = {Rev. Geophys.},
volume = {21},
number = {4},
pages = {777-793},
doi = {https://doi.org/10.1029/RG021i004p00777},
year = {May, 1983},
author = {Munk, Walter and Wunsch, Carl},
}

@article{Zhang2012MFP,
    author = {Zhang, Wei and Yang, Shi-e and Huang, Yi-wang and Li, Li},
    title = {Inversion of sound speed profile in shallow water with irregular seabed},
    journal = {AIP Conf. Proc.},
    volume = {1495},
    number = {1},
    pages = {392-399},
    year = {Nov., 2012},
    month = {11},
    issn = {0094-243X},
    doi = {10.1063/1.4765934},
}

@ARTICLE{Zhang2016SSPAUVInv,
  author={Zhang, Ming and Xu, Wen and Xu, Yuanxin},
  journal={IEEE J. Ocean. Eng.}, 
  title={Inversion of the Sound Speed With Radiated Noise of an Autonomous Underwater Vehicle in Shallow Water Waveguides}, 
  year={Apr., 2016},
  volume={41},
  number={1},
  pages={204-216},
  keywords={Doppler effect;Noise;Acoustics;Temperature measurement;Sea measurements;Receivers;Water resources;Autonomous underwater vehicle (AUV);matched-field inversion;moving source;radiated noise;sound speed profile (SSP);waveguide Doppler},
  doi={10.1109/JOE.2015.2418172}}

@ARTICLE{Reichstein2019DLEarth,
  author={Reichstein, Markus and Camps-Valls, Gustau and Stevens, Bjorn and Jung, Martin and Denzler, Joachim and Carvalhais, Nuno and Prabhat},
  journal={Nature}, 
  title={Deep learning and process understanding for data-driven Earth system science}, 
  year={Feb., 2019},
  volume={566},
  number={},
  pages={195-204},
  doi={10.1038/s41586-019-0912-1}
}

@InProceedings{Yu2020RBF,
author="Yu, Xiaokang and Xu, Tianhe and Wang, Junting",
title="Sound Velocity Profile Prediction Method Based on RBF Neural Network",
booktitle="China Satellite Navigation Conference (CSNC) 2020 Proceedings: Volume III",
year="Jun., 2020",
publisher="Springer Singapore",
address="Singapore",
pages="475--487",
}

@article {SST,
      author = "Richard W. Reynolds and Thomas M. Smith and Chunying Liu and Dudley B. Chelton and Kenneth S. Casey and Michael G. Schlax",
      title = "Daily High-Resolution-Blended Analyses for Sea Surface Temperature",
      journal = "J. Clim.",
      year = "Nov., 2007",
      publisher = "American Meteorological Society",
      address = "Boston MA, USA",
      volume = "20",
      number = "22",
      doi = "10.1175/2007JCLI1824.1",
      pages=      "5473 - 5496",
      url = "https://journals.ametsoc.org/view/journals/clim/20/22/2007jcli1824.1.xml"
}

@article{CAOSha-sha,
author = "Xie,Chunhu and Xu Miaomiao and Cao,Shasha and Zhang, Yong and Zhang, Chunling ",
title = {Gridded Argo data set based on GDCSM analysis technique: establishment and preliminary applications},
publisher = {Journal of Marine Sciences},
year = {2019},
journal = {Journal of Marine Sciences,},
volume = {37},
number = {4},
eid = {24},
pages = {24-35},
keywords = {Gradient dependence; Optimal interpolation; Argo; Fishery analysis},
doi = http://hyxyj.sio.org.cn/CN/10.3969/j.issn.1001-909X.2019.04.003
}

@ARTICLE{Jehangir2024Loc,
  author={Jehangir, Asiya and Majid Ashraf, S. M. and Amin Khalil, Ruhul and Saeed, Nasir},
  journal={IEEE Open J. Commun. Soc.}, 
  title={ISAC-Enabled Underwater IoT Network Localization: Overcoming Asynchrony, Mobility, and Stratification Issues}, 
  year={May, 2024},
  volume={5},
  number={},
  pages={3277-3288},
  keywords={Location awareness;Sensors;Synchronization;Radar;Iterative methods;Estimation;Servers;Internet of underwater things;localization;sensing;optimization},
  doi={10.1109/OJCOMS.2024.3401745}
}

@ARTICLE{Liu2024Loc,
  author={Liu, Ying and Wang, Yingmin and Chen, Cheng and Liu, Chenxi},
  journal={IEEE Sens. J.}, 
  title={Unified Underwater Acoustic Localization and Sound Speed Estimation for an Isogradient Sound Speed Profile}, 
  year={Dec., 2024},
  volume={24},
  number={3},
  pages={3317-3327},
  keywords={Location awareness;Estimation;Sensors;Direction-of-arrival estimation;Position measurement;Classification algorithms;Three-dimensional displays;Constrained weighted least squares (WLSs);Cramér–Rao lower bound (CRLB);direction of arrival (DOA);modified polar representation (MPR);stratification effect;time difference of arrival (TDOA);underwater acoustic localization},
  doi={10.1109/JSEN.2023.3341459}
}

@ARTICLE{Yu2023Loc,
  author={Yu, Xiang and Qin, Hong-De and Zhu, Zhong-Ben},
  journal={IEEE Trans. Veh. Technol.}, 
  title={Underwater Localization of AUVs in Motion Using Two-Way Travel Time Measurements With Unknown Sound Velocity}, 
  year={May, 2023},
  volume={72},
  number={9},
  pages={11358-11373},
  keywords={Location awareness;Velocity measurement;Closed-form solutions;Calibration;Noise measurement;Transponders;Acoustics;Underwater localization;two-way travel-time measurement;sound velocity;closed-form solution},
  doi={10.1109/TVT.2023.3270931}
}

@ARTICLE{Zhang2022Loc,
  author={Zhang, Tongwei and Yan, Lei and Han, Guangjie and Peng, Yan},
  journal={IEEE Internet Things J.}, 
  title={Fast and Accurate Underwater Acoustic Horizontal Ranging Algorithm for an Arbitrary Sound-Speed Profile in the Deep Sea}, 
  year={Jun., 2022},
  volume={9},
  number={1},
  pages={755-769},
  keywords={Distance measurement;Receivers;Underwater acoustics;Sea measurements;Oceans;Time measurement;Ray tracing;Arbitrary sound-speed profile;deep sea;horizontal range;underwater acoustic ranging},
  doi={10.1109/JIOT.2021.3085331}}

@ARTICLE{Feng2024SSP,
  author={Feng, Xiao and Chen, Cheng and Yang, Kunde},
  journal={IEEE Geosci. Remote Sens. Lett.}, 
  title={An Estimation Method for Sound Speed Profile Based on Large Depth Array Multipath Delay}, 
  year={Jun., 2024},
  volume={21},
  number={},
  pages={1-5},
  keywords={Perturbation methods;Acoustics;Estimation;Delays;Mathematical models;Sea surface;Data models;Multipath delay arrival structure;sound speed disturbance model;sound speed profile (SSP) estimation;synthetic dataset},
  doi={10.1109/LGRS.2024.3412946}
}

@ARTICLE{Jahanbakht2021DL,
  author={Jahanbakht, Mohammad and Xiang, Wei and Hanzo, Lajos and Rahimi Azghadi, Mostafa},
  journal={IEEE Commun. Surv. Tutor.}, 
  title={Internet of Underwater Things and Big Marine Data Analytics—A Comprehensive Survey}, 
  year={Jan., 2021},
  volume={23},
  number={2},
  pages={904-956},
  keywords={Big Data;Sensors;Tutorials;Machine learning;Tools;Internet of Things;Distributed databases;Internet of Things;big data;underwater network architecture;data acquisition;marine and underwater databases/datasets;underwater wireless sensor network;image and video processing;machine learning;deep neural networks},
  doi={10.1109/COMST.2021.3053118}
}

@ARTICLE{Wu2023SSP,
  author={Wu, Peng and Sun, Jianguo and Shan, Gangyi and Sun, Zhangqing and Wei, Puli},
  journal={IEEE Trans. Geosci. Remote Sensing}, 
  title={Inversion of Deep-Water Velocity Using the Munk Formula and the Seabed Reflection Traveltime: An Inversion Scheme That Takes the Complex Seabed Topography Into Account}, 
  year={May, 2023},
  volume={61},
  number={},
  pages={1-14},
  keywords={Sun;Surveys;Tomography;Temperature distribution;Reflection;Velocity measurement;Temperature measurement;Munk formula;rugged seabed;seawater velocity;seismic inversion;traveltime},
  doi={10.1109/TGRS.2023.3279932}
}

@ARTICLE{Bonnel2023SSP,
  author={Bonnel, Julien and McNeese, Andrew R. and Wilson, Preston S. and Dosso, Stan E.},
  journal={IEEE J. Ocean. Eng.}, 
  title={Geoacoustic Inversion Using Simple Hand-Deployable Acoustic Systems}, 
  year={Nov., 2023},
  volume={48},
  number={2},
  pages={592-603},
  keywords={Acoustics;Geoacoustic inversion;Dispersion;Data models;Bayes methods;Underwater vehicles;Time-frequency analysis;Acoustic instrumentation;geoacoustic inversion;new England Mud Patch;SBCEX;warping},
  doi={10.1109/JOE.2022.3211294}
}

@ARTICLE{Bonnel2021Geoacoustic,
  author={Bonnel, Julien and Pecknold, Sean P. and Hines, Paul C. and Chapman, N. Ross},
  journal={IEEE J. Ocean. Eng.}, 
  title={An Experimental Benchmark for Geoacoustic Inversion Methods}, 
  year={Jan., 2021},
  volume={46},
  number={1},
  pages={261-282},
  keywords={Oceans;Benchmark testing;Geoacoustic inversion;Data models;Sediments;Conferences;Benchmark;geoacoustic inversion;Shallow Water 2006 (SW06);underwater acoustics},
  doi={10.1109/JOE.2019.2960879}
}

