@article{Bianco2017CS,
    author = {Bianco, Michael and Gerstoft, Peter},
    title = {Dictionary learning of sound speed profiles},
    journal = {J. Acoust. Soc. Am.},
    volume = {141},
    number = {3},
    pages = {1749-1758},
    year = {Mar., 2017},
    month = {03},
    issn = {0001-4966},
    doi = {10.1121/1.4977926},
}

@Article{Choo2018CS,
AUTHOR = {Choo, Youngmin and Seong, Woojae},
TITLE = {Compressive Sound Speed Profile Inversion Using Beamforming Results},
JOURNAL = {Remote Sens.},
VOLUME = {10},
YEAR = {May, 2018},
NUMBER = {5},
ARTICLE-NUMBER = {704},
ISSN = {2072-4292},
DOI = {10.3390/rs10050704}
}

@ARTICLE{Huang2021SSPInversion,
  author={Huang, Wei and Liu, Mingliu and Li, Deshi and Yin, Feng and Chen, Haole and Zhou, Jixuan and Xu, Huihui},
  journal={IEEE J. Ocean. Eng.}, 
  title={Collaborating Ray Tracing and AI Model for AUV-Assisted 3-D Underwater Sound-Speed Inversion}, 
  year={May, 2021},
  volume={46},
  number={4},
  pages={1372-1390},
  keywords={Neural networks;Autonomous underwater vehicles;Ray tracing;Underwater acoustics;Feature extraction;Artificial intelligence;Autoencoding-translation neural network (AETNN);autonomous underwater vehicle (AUV);sound-speed profile (SSP);sparse feature points (SFPs);3-D sound-speed inversion},
  doi={10.1109/JOE.2021.3066780}
}

@ARTICLE{Huang2023Meta,
AUTHOR={Huang, Wei  and Li, Deshi  and Zhang, Hao  and Xu, Tianhe  and Yin, Feng },
TITLE={A meta-deep-learning framework for spatio-temporal underwater SSP inversion},
JOURNAL={Front. Mar. Sci.},
VOLUME={10},
YEAR={Aug., 2023},
DOI={10.3389/fmars.2023.1146333},
ISSN={2296-7745},
}

@ARTICLE{Jahanbakht2021DL,
  author={Jahanbakht, Mohammad and Xiang, Wei and Hanzo, Lajos and Rahimi Azghadi, Mostafa},
  journal={IEEE Commun. Surv. Tutor.}, 
  title={Internet of Underwater Things and Big Marine Data Analyticsâ€”A Comprehensive Survey}, 
  year={Jan., 2021},
  volume={23},
  number={2},
  pages={904-956},
  keywords={Big Data;Sensors;Tutorials;Machine learning;Tools;Internet of Things;Distributed databases;Internet of Things;big data;underwater network architecture;data acquisition;marine and underwater databases/datasets;underwater wireless sensor network;image and video processing;machine learning;deep neural networks},
  doi={10.1109/COMST.2021.3053118}
}

@INPROCEEDINGS{Kirimoto2024CTD,
  author={Kirimoto, Kensuke and Han, Jun and Konashi, Shoichiro},
  booktitle={OCEANS 2024 - Singapore}, 
  title={Development of High Accuracy CTD Sensor: 5EL-CTD}, 
  year={2024},
  volume={},
  number={},
  pages={1-8},
  keywords={Temperature sensors;Uncertainty;Accuracy;Thermistors;Conductivity;Global warming;Calibration;CTD sensor;OEM;High accuracy;High response;electrode principle},
  doi={10.1109/OCEANS51537.2024.10682363}
}

@Article{Liu2024SSPPrediction,
AUTHOR = {Liu, Yu and Ma, Benjun and Qin, Zhiliang and Wang, Cheng and Guo, Chao and Yang, Siyu and Zhao, Jixiang and Cai, Yimeng and Li, Mingzhe},
TITLE = {A Multi-Spatial Scale Ocean Sound Speed Prediction Method Based on Deep Learning},
JOURNAL = {J. Mar. Sci. Eng.},
VOLUME = {12},
YEAR = {Oct., 2024},
NUMBER = {11},
ISSN = {2077-1312},
}

@ARTICLE{Lu2024LSTM,
  author={Lu, Jiajun and Huang, Wei and Zhang, Hao},
  journal={IEEE Geosci. Remote Sens. Lett.}, 
  title={Dynamic Prediction of Full-Ocean Depth SSP by a Hierarchical LSTM: An Experimental Result}, 
  year={Jan., 2024},
  volume={21},
  number={},
  pages={1-5},
  keywords={Sea measurements;Predictive models;Oceans;Time series analysis;Prediction algorithms;Marine vehicles;Data models;Hierarchical long short-term memory (H-LSTM) neural network;sound speed profile (SSP) prediction;South China Sea;time series sound speed},
  doi={10.1109/LGRS.2024.3356552}
}

@INPROCEEDINGS{Luo2023CTD,
  author={Luo, Chenyi and Wang, Yanhui and Wang, Cheng and Yang, Ming and Yang, Shaoqiong},
  booktitle={OCEANS 2023 - Limerick}, 
  title={Analysis of Glider Motion Effects on Pumped CTD}, 
  year={2023},
  volume={},
  number={},
  pages={1-7},
  keywords={Temperature distribution;Data integrity;Oceans;Aggregates;Buoyancy;Oscillators;Frequency control;Underwater glider;Pumped CTD;Data quality},
  doi={10.1109/OCEANSLimerick52467.2023.10244368}
}

@article{MUNK1979Tomography,
title = {Ocean acoustic tomography: a scheme for large scale monitoring},
journal = {Deep-Sea Res. Part I-Oceanogr. Res. Pap.},
volume = {26},
number = {2},
pages = {123-161},
year = {Feb., 1979},
issn = {0198-0149},
doi = {https://doi.org/10.1016/0198-0149(79)90073-6},
author = {Munk, Walter and Wunsch, Carl},
}

@article{Munk1983Tomography,
title = {Ocean acoustic tomography: Rays and modes},
journal = {Rev. Geophys.},
volume = {21},
number = {4},
pages = {777-793},
doi = {https://doi.org/10.1029/RG021i004p00777},
year = {May, 1983},
author = {Munk, Walter and Wunsch, Carl},
}

@ARTICLE{Reichstein2019DLEarth,
  author={Reichstein, Markus and Camps-Valls, Gustau and Stevens, Bjorn and Jung, Martin and Denzler, Joachim and Carvalhais, Nuno and Prabhat},
  journal={Nature}, 
  title={Deep learning and process understanding for data-driven Earth system science}, 
  year={Feb., 2019},
  volume={566},
  number={},
  pages={195-204},
  doi={10.1038/s41586-019-0912-1}
}

@article{Tolstoy1991MFP,
    author = {Tolstoy, A. and Diachok, O. and Frazer, L. N.},
    title = {Acoustic tomography via matched field processing},
    journal = {J. Acoust. Soc. Am.},
    volume = {89},
    number = {3},
    pages = {1119-1127},
    year = {Mar., 1991},
    month = {03},
    issn = {0001-4966},
    doi = {10.1121/1.400647},    
}

@Article{Xu2025SOM,
AUTHOR = {Xu, Guojun and Qu, Ke and Li, Zhanglong and Zhang, Zixuan and Xu, Pan and Gao, Dongbao and Dai, Xudong},
TITLE = {Enhanced Inversion of Sound Speed Profile Based on a Physics-Inspired Self-Organizing Map},
JOURNAL = {Remote Sens.},
VOLUME = {17},
YEAR = {Jan., 2025},
NUMBER = {1},
ARTICLE-NUMBER = {132},
ISSN = {2072-4292},
DOI = {10.3390/rs17010132}
}

@InProceedings{Yu2020RBF,
author="Yu, Xiaokang and Xu, Tianhe and Wang, Junting",
title="Sound Velocity Profile Prediction Method Based on RBF Neural Network",
booktitle="China Satellite Navigation Conference (CSNC) 2020 Proceedings: Volume III",
year="Jun., 2020",
publisher="Springer Singapore",
address="Singapore",
pages="475--487",
}

@article{Zhang2012MFP,
    author = {Zhang, Wei and Yang, Shi-e and Huang, Yi-wang and Li, Li},
    title = {Inversion of sound speed profile in shallow water with irregular seabed},
    journal = {AIP Conf. Proc.},
    volume = {1495},
    number = {1},
    pages = {392-399},
    year = {Nov., 2012},
    month = {11},
    issn = {0094-243X},
    doi = {10.1063/1.4765934},
}

@ARTICLE{Zhang2016SSPAUVInv,
  author={Zhang, Ming and Xu, Wen and Xu, Yuanxin},
  journal={IEEE J. Ocean. Eng.}, 
  title={Inversion of the Sound Speed With Radiated Noise of an Autonomous Underwater Vehicle in Shallow Water Waveguides}, 
  year={Apr., 2016},
  volume={41},
  number={1},
  pages={204-216},
  keywords={Doppler effect;Noise;Acoustics;Temperature measurement;Sea measurements;Receivers;Water resources;Autonomous underwater vehicle (AUV);matched-field inversion;moving source;radiated noise;sound speed profile (SSP);waveguide Doppler},
  doi={10.1109/JOE.2015.2418172}}

