@inproceedings{Liu2023CausalTriplet,
  title={Causal Triplet: An Open Challenge for Intervention-centric Causal Representation Learning},
  author={Liu, Yuejiang and Alahi, Alexandre and Russell, Chris and Horn, Max and Zietlow, Dominik and Sch{\"o}lkopf, Bernhard and Locatello, Francesco},
  booktitle={2nd Conference on Causal Learning and Reasoning (CLeaR)},
  year={2023}
}

@article{bousmalis2016domain,
  title={Domain separation networks},
  author={Bousmalis, Konstantinos and Trigeorgis, George and Silberman, Nathan and Krishnan, Dilip and Erhan, Dumitru},
  journal={Advances in neural information processing systems},
  volume={29},
  year={2016}
}

@inproceedings{cai2019learning,
  title={Learning disentangled semantic representation for domain adaptation},
  author={Cai, Ruichu and Li, Zijian and Wei, Pengfei and Qiao, Jie and Zhang, Kun and Hao, Zhifeng},
  booktitle={IJCAI: proceedings of the conference},
  volume={2019},
  pages={2060},
  year={2019},
  organization={NIH Public Access}
}

@inproceedings{cai2021time,
  title={Time series domain adaptation via sparse associative structure alignment},
  author={Cai, Ruichu and Chen, Jiawei and Li, Zijian and Chen, Wei and Zhang, Keli and Ye, Junjian and Li, Zhuozhang and Yang, Xiaoyan and Zhang, Zhenjie},
  booktitle={Proceedings of the AAAI Conference on Artificial Intelligence},
  volume={35},
  number={8},
  pages={6859--6867},
  year={2021}
}

@inproceedings{chen2019joint,
  title={Joint domain alignment and discriminative feature learning for unsupervised deep domain adaptation},
  author={Chen, Chao and Chen, Zhihong and Jiang, Boyuan and Jin, Xinyu},
  booktitle={Proceedings of the AAAI conference on artificial intelligence},
  volume={33},
  number={01},
  pages={3296--3303},
  year={2019}
}

@inproceedings{chen2019progressive,
  title={Progressive feature alignment for unsupervised domain adaptation},
  author={Chen, Chaoqi and Xie, Weiping and Huang, Wenbing and Rong, Yu and Ding, Xinghao and Huang, Yue and Xu, Tingyang and Huang, Junzhou},
  booktitle={Proceedings of the IEEE/CVF conference on computer vision and pattern recognition},
  pages={627--636},
  year={2019}
}

@inproceedings{chen2019temporal,
  title={Temporal attentive alignment for large-scale video domain adaptation},
  author={Chen, Min-Hung and Kira, Zsolt and AlRegib, Ghassan and Yoo, Jaekwon and Chen, Ruxin and Zheng, Jian},
  booktitle={Proceedings of the IEEE/CVF International Conference on Computer Vision},
  pages={6321--6330},
  year={2019}
}

@inproceedings{chen2022multi,
  title={Multi-level attentive adversarial learning with temporal dilation for unsupervised video domain adaptation},
  author={Chen, Peipeng and Gao, Yuan and Ma, Andy J},
  booktitle={Proceedings of the IEEE/CVF Winter Conference on Applications of Computer Vision},
  pages={1259--1268},
  year={2022}
}

@article{cheng2023cuts,
  title={Cuts: Neural causal discovery from irregular time-series data},
  author={Cheng, Yuxiao and Yang, Runzhao and Xiao, Tingxiong and Li, Zongren and Suo, Jinli and He, Kunlun and Dai, Qionghai},
  journal={arXiv preprint arXiv:2302.07458},
  year={2023}
}

@inproceedings{cheng2024cuts+,
  title={CUTS+: High-dimensional causal discovery from irregular time-series},
  author={Cheng, Yuxiao and Li, Lianglong and Xiao, Tingxiong and Li, Zongren and Suo, Jinli and He, Kunlun and Dai, Qionghai},
  booktitle={Proceedings of the AAAI Conference on Artificial Intelligence},
  volume={38},
  number={10},
  pages={11525--11533},
  year={2024}
}

@inproceedings{choi2020shuffle,
  title={Shuffle and attend: Video domain adaptation},
  author={Choi, Jinwoo and Sharma, Gaurav and Schulter, Samuel and Huang, Jia-Bin},
  booktitle={Computer Vision--ECCV 2020: 16th European Conference, Glasgow, UK, August 23--28, 2020, Proceedings, Part XII 16},
  pages={678--695},
  year={2020},
  organization={Springer}
}

@article{chung2015recurrent,
  title={A recurrent latent variable model for sequential data},
  author={Chung, Junyoung and Kastner, Kyle and Dinh, Laurent and Goel, Kratarth and Courville, Aaron C and Bengio, Yoshua},
  journal={Advances in neural information processing systems},
  volume={28},
  year={2015}
}

@article{comon1994independent,
  title={Independent component analysis, a new concept?},
  author={Comon, Pierre},
  journal={Signal processing},
  volume={36},
  number={3},
  pages={287--314},
  year={1994},
  publisher={Elsevier}
}

@article{da2020remaining,
  title={Remaining useful lifetime prediction via deep domain adaptation},
  author={da Costa, Paulo Roberto de Oliveira and Ak{\c{c}}ay, Alp and Zhang, Yingqian and Kaymak, Uzay},
  journal={Reliability Engineering \& System Safety},
  volume={195},
  pages={106682},
  year={2020},
  publisher={Elsevier}
}

@inproceedings{da2022dual,
  title={Dual-head contrastive domain adaptation for video action recognition},
  author={Da Costa, Victor G Turrisi and Zara, Giacomo and Rota, Paolo and Oliveira-Santos, Thiago and Sebe, Nicu and Murino, Vittorio and Ricci, Elisa},
  booktitle={Proceedings of the IEEE/CVF Winter Conference on Applications of Computer Vision},
  pages={1181--1190},
  year={2022}
}

@article{diks2006new,
  title={A new statistic and practical guidelines for nonparametric Granger causality testing},
  author={Diks, Cees and Panchenko, Valentyn},
  journal={Journal of Economic Dynamics and Control},
  volume={30},
  number={9-10},
  pages={1647--1669},
  year={2006},
  publisher={Elsevier}
}

@inproceedings{gong2023causal,
  title={Causal discovery from temporal data},
  author={Gong, Chang and Yao, Di and Zhang, Chuzhe and Li, Wenbin and Bi, Jingping and Du, Lun and Wang, Jin},
  booktitle={Proceedings of the 29th ACM SIGKDD Conference on Knowledge Discovery and Data Mining},
  pages={5803--5804},
  year={2023}
}

@article{granger1969investigating,
  title={Investigating causal relations by econometric models and cross-spectral methods},
  author={Granger, Clive WJ},
  journal={Econometrica: journal of the Econometric Society},
  pages={424--438},
  year={1969},
  publisher={JSTOR}
}

@inproceedings{gresele2020incomplete,
  title={The incomplete rosetta stone problem: Identifiability results for multi-view nonlinear ica},
  author={Gresele, Luigi and Rubenstein, Paul K and Mehrjou, Arash and Locatello, Francesco and Sch{\"o}lkopf, Bernhard},
  booktitle={Uncertainty in Artificial Intelligence},
  pages={217--227},
  year={2020},
  organization={PMLR}
}

@book{hamilton2020time,
  title={Time series analysis},
  author={Hamilton, James D},
  year={2020},
  publisher={Princeton university press}
}

@article{hyvarinen1999nonlinear,
  title={Nonlinear independent component analysis: Existence and uniqueness results},
  author={Hyv{\"a}rinen, Aapo and Pajunen, Petteri},
  journal={Neural networks},
  volume={12},
  number={3},
  pages={429--439},
  year={1999},
  publisher={Elsevier}
}

@article{hyvarinen2013independent,
  title={Independent component analysis: recent advances},
  author={Hyv{\"a}rinen, Aapo},
  journal={Philosophical Transactions of the Royal Society A: Mathematical, Physical and Engineering Sciences},
  volume={371},
  number={1984},
  pages={20110534},
  year={2013},
  publisher={The Royal Society Publishing}
}

@inproceedings{hyvarinen2017nonlinear,
  title={Nonlinear ICA of temporally dependent stationary sources},
  author={Hyvarinen, Aapo and Morioka, Hiroshi},
  booktitle={Artificial Intelligence and Statistics},
  pages={460--469},
  year={2017},
  organization={PMLR}
}

@article{hyvarinen2023identifiability,
  title={Identifiability of latent-variable and structural-equation models: from linear to nonlinear},
  author={Hyv{\"a}rinen, Aapo and Khemakhem, Ilyes and Monti, Ricardo},
  journal={arXiv preprint arXiv:2302.02672},
  year={2023}
}

@inproceedings{jin2022domain,
  title={Domain adaptation for time series forecasting via attention sharing},
  author={Jin, Xiaoyong and Park, Youngsuk and Maddix, Danielle and Wang, Hao and Wang, Yuyang},
  booktitle={International Conference on Machine Learning},
  pages={10280--10297},
  year={2022},
  organization={PMLR}
}

@article{kang2020contrastive,
  title={Contrastive adaptation network for single-and multi-source domain adaptation},
  author={Kang, Guoliang and Jiang, Lu and Wei, Yunchao and Yang, Yi and Hauptmann, Alexander},
  journal={IEEE transactions on pattern analysis and machine intelligence},
  volume={44},
  number={4},
  pages={1793--1804},
  year={2020},
  publisher={IEEE}
}

@article{khemakhem2020ice,
  title={Ice-beem: Identifiable conditional energy-based deep models based on nonlinear ica},
  author={Khemakhem, Ilyes and Monti, Ricardo and Kingma, Diederik and Hyvarinen, Aapo},
  journal={Advances in Neural Information Processing Systems},
  volume={33},
  pages={12768--12778},
  year={2020}
}

@inproceedings{kong2022partial,
  title={Partial disentanglement for domain adaptation},
  author={Kong, Lingjing and Xie, Shaoan and Yao, Weiran and Zheng, Yujia and Chen, Guangyi and Stojanov, Petar and Akinwande, Victor and Zhang, Kun},
  booktitle={International conference on machine learning},
  pages={11455--11472},
  year={2022},
  organization={PMLR}
}

@article{kong2023identification,
  title={Identification of Nonlinear Latent Hierarchical Models},
  author={Kong, Lingjing and Huang, Biwei and Xie, Feng and Xing, Eric and Chi, Yuejie and Zhang, Kun},
  journal={arXiv preprint arXiv:2306.07916},
  year={2023}
}

@inproceedings{lachapelle2022disentanglement,
  title={Disentanglement via mechanism sparsity regularization: A new principle for nonlinear ICA},
  author={Lachapelle, S{\'e}bastien and Rodriguez, Pau and Sharma, Yash and Everett, Katie E and Le Priol, R{\'e}mi and Lacoste, Alexandre and Lacoste-Julien, Simon},
  booktitle={Conference on Causal Learning and Reasoning},
  pages={428--484},
  year={2022},
  organization={PMLR}
}

@book{lee1998independent,
  title={Independent component analysis},
  author={Lee, Te-Won and Lee, Te-Won},
  year={1998},
  publisher={Springer}
}

@article{li2023identifying,
  title={Identifying Semantic Component for Robust Molecular Property Prediction},
  author={Li, Zijian and Xu, Zunhong and Cai, Ruichu and Yang, Zhenhui and Yan, Yuguang and Hao, Zhifeng and Chen, Guangyi and Zhang, Kun},
  journal={arXiv preprint arXiv:2311.04837},
  year={2023}
}

@article{li2023transferable,
  title={Transferable time-series forecasting under causal conditional shift},
  author={Li, Zijian and Cai, Ruichu and Fu, Tom ZJ and Hao, Zhifeng and Zhang, Kun},
  journal={IEEE Transactions on Pattern Analysis and Machine Intelligence},
  year={2023},
  publisher={IEEE}
}

@article{li2024identification,
  title={On the Identification of Temporally Causal Representation with Instantaneous Dependence},
  author={Li, Zijian and Shen, Yifan and Zheng, Kaitao and Cai, Ruichu and Song, Xiangchen and Gong, Mingming and Hao, Zhifeng and Zhu, Zhengmao and Chen, Guangyi and Zhang, Kun},
  journal={arXiv preprint arXiv:2405.15325},
  year={2024}
}

@article{li2024subspace,
  title={Subspace identification for multi-source domain adaptation},
  author={Li, Zijian and Cai, Ruichu and Chen, Guangyi and Sun, Boyang and Hao, Zhifeng and Zhang, Kun},
  journal={Advances in Neural Information Processing Systems},
  volume={36},
  year={2024}
}

@inproceedings{lin2024root,
  title={Root Cause Analysis in Microservice Using Neural Granger Causal Discovery},
  author={Lin, Cheng-Ming and Chang, Ching and Wang, Wei-Yao and Wang, Kuang-Da and Peng, Wen-Chih},
  booktitle={Proceedings of the AAAI Conference on Artificial Intelligence},
  volume={38},
  number={1},
  pages={206--213},
  year={2024}
}

@inproceedings{lipton2018detecting,
  title={Detecting and correcting for label shift with black box predictors},
  author={Lipton, Zachary and Wang, Yu-Xiang and Smola, Alexander},
  booktitle={International conference on machine learning},
  pages={3122--3130},
  year={2018},
  organization={PMLR}
}

@inproceedings{long2017deep,
  title={Deep transfer learning with joint adaptation networks},
  author={Long, Mingsheng and Zhu, Han and Wang, Jianmin and Jordan, Michael I},
  booktitle={International conference on machine learning},
  pages={2208--2217},
  year={2017},
  organization={PMLR}
}

@inproceedings{lowe2020amortized,
  author    = {Sindy L{\"{o}}we and
               David Madras and
               Richard Z. Shilling and
               Max Welling},
  title     = {Amortized Causal Discovery: Learning to Infer Causal Graphs from Time-Series
               Data},
  booktitle = {1st Conference on Causal Learning and Reasoning, CLeaR 2022, Sequoia
               Conference Center, Eureka, CA, USA, 11-13 April, 2022},
}

@inproceedings{lozano2009grouped,
  title={Grouped graphical Granger modeling methods for temporal causal modeling},
  author={Lozano, Aurelie C and Abe, Naoki and Liu, Yan and Rosset, Saharon},
  booktitle={Proceedings of the 15th ACM SIGKDD international conference on Knowledge discovery and data mining},
  pages={577--586},
  year={2009}
}

@inproceedings{luo2020adversarial,
  title={Adversarial bipartite graph learning for video domain adaptation},
  author={Luo, Yadan and Huang, Zi and Wang, Zijian and Zhang, Zheng and Baktashmotlagh, Mahsa},
  booktitle={Proceedings of the 28th ACM International Conference on Multimedia},
  pages={19--27},
  year={2020}
}

@article{mansouri2023object,
  title={Object-centric architectures enable efficient causal representation learning},
  author={Mansouri, Amin and Hartford, Jason and Zhang, Yan and Bengio, Yoshua},
  journal={arXiv preprint arXiv:2310.19054},
  year={2023}
}

@inproceedings{marcinkevivcs2021interpretable,
  author    = {Ricards Marcinkevics and
               Julia E. Vogt},
  title     = {Interpretable Models for Granger Causality Using Self-explaining Neural
               Networks},
  booktitle = {9th International Conference on Learning Representations, {ICLR} 2021,
               Virtual Event, Austria, May 3-7, 2021},
  publisher = {OpenReview.net},
  year      = {2021},
}

@article{ng2024identifiability,
  title={On the Identifiability of Sparse ICA without Assuming Non-Gaussianity},
  author={Ng, Ignavier and Zheng, Yujia and Dong, Xinshuai and Zhang, Kun},
  journal={Advances in Neural Information Processing Systems},
  volume={36},
  year={2024}
}

@inproceedings{pan2020adversarial,
  title={Adversarial cross-domain action recognition with co-attention},
  author={Pan, Boxiao and Cao, Zhangjie and Adeli, Ehsan and Niebles, Juan Carlos},
  booktitle={Proceedings of the AAAI conference on artificial intelligence},
  volume={34},
  number={07},
  pages={11815--11822},
  year={2020}
}

@inproceedings{purushotham2022variational,
  title={Variational recurrent adversarial deep domain adaptation},
  author={Purushotham, Sanjay and Carvalho, Wilka and Nilanon, Tanachat and Liu, Yan},
  booktitle={International Conference on Learning Representations},
  year={2022}
}

@article{rajendran2024learning,
  title={Learning Interpretable Concepts: Unifying Causal Representation Learning and Foundation Models},
  author={Rajendran, Goutham and Buchholz, Simon and Aragam, Bryon and Sch{\"o}lkopf, Bernhard and Ravikumar, Pradeep},
  journal={arXiv preprint arXiv:2402.09236},
  year={2024}
}

@article{roberts2022unsupervised,
  title={Unsupervised learning under latent label shift},
  author={Roberts, Manley and Mani, Pranav and Garg, Saurabh and Lipton, Zachary},
  journal={Advances in Neural Information Processing Systems},
  volume={35},
  pages={18763--18778},
  year={2022}
}

@article{sahoo2021contrast,
  title={Contrast and mix: Temporal contrastive video domain adaptation with background mixing},
  author={Sahoo, Aadarsh and Shah, Rutav and Panda, Rameswar and Saenko, Kate and Das, Abir},
  journal={Advances in Neural Information Processing Systems},
  volume={34},
  pages={23386--23400},
  year={2021}
}

@article{scholkopf2021toward,
  title={Toward causal representation learning},
  author={Sch{\"o}lkopf, Bernhard and Locatello, Francesco and Bauer, Stefan and Ke, Nan Rosemary and Kalchbrenner, Nal and Goyal, Anirudh and Bengio, Yoshua},
  journal={Proceedings of the IEEE},
  volume={109},
  number={5},
  pages={612--634},
  year={2021},
  publisher={IEEE}
}

@article{shu2018dirt,
  title={A dirt-t approach to unsupervised domain adaptation},
  author={Shu, Rui and Bui, Hung H and Narui, Hirokazu and Ermon, Stefano},
  journal={arXiv preprint arXiv:1802.08735},
  year={2018}
}
{"mode":"full","isActive":false}

@InProceedings{shui2021aggregating, title = 	 {Aggregating From Multiple Target-Shifted Sources}, author =       {Shui, Changjian and Li, Zijian and Li, Jiaqi and Gagn{\'e}, Christian and Ling, Charles X and Wang, Boyu}, booktitle = 	 {Proceedings of the 38th International Conference on Machine Learning}, pages = 	 {9638--9648}, year = 	 {2021}, volume = 	 {139}, series = 	 {Proceedings of Machine Learning Research}, month = 	 {18--24 Jul}, publisher =    {PMLR} }

@article{stojanov2021domain,
  title={Domain Adaptation with Invariant Representation Learning: What Transformations to Learn?},
  author={Stojanov, Petar and Li, Zijian and Gong, Mingming and Cai, Ruichu and Carbonell, Jaime and Zhang, Kun},
  journal={Advances in Neural Information Processing Systems},
  volume={34},
  year={2021}
}

@article{tank2021neural,
  title={Neural granger causality},
  author={Tank, Alex and Covert, Ian and Foti, Nicholas and Shojaie, Ali and Fox, Emily B},
  journal={IEEE Transactions on Pattern Analysis and Machine Intelligence},
  volume={44},
  number={8},
  pages={4267--4279},
  year={2021},
  publisher={IEEE}
}

@article{tibshirani1996regression,
  title={Regression shrinkage and selection via the lasso},
  author={Tibshirani, Robert},
  journal={Journal of the Royal Statistical Society: Series B (Methodological)},
  volume={58},
  number={1},
  pages={267--288},
  year={1996},
  publisher={Wiley Online Library}
}

@article{tzeng2014deep,
  author    = {Eric Tzeng and
               Judy Hoffman and
               Ning Zhang and
               Kate Saenko and
               Trevor Darrell},
  title     = {Deep Domain Confusion: Maximizing for Domain Invariance},
  journal   = {CoRR},
  volume    = {abs/1412.3474},
  year      = {2014},
}

@article{wei2023unsupervised,
  title={Unsupervised video domain adaptation for action recognition: A disentanglement perspective},
  author={Wei, Pengfei and Kong, Lingdong and Qu, Xinghua and Ren, Yi and Xu, Zhiqiang and Jiang, Jing and Yin, Xiang},
  journal={Advances in Neural Information Processing Systems},
  volume={36},
  pages={17623--17642},
  year={2023}
}

@article{wen2019bayesian,
  title={Bayesian uncertainty matching for unsupervised domain adaptation},
  author={Wen, Jun and Zheng, Nenggan and Yuan, Junsong and Gong, Zhefeng and Chen, Changyou},
  journal={arXiv preprint arXiv:1906.09693},
  year={2019}
}

@inproceedings{wen2020domain,
  title={Domain aggregation networks for multi-source domain adaptation},
  author={Wen, Junfeng and Greiner, Russell and Schuurmans, Dale},
  booktitle={International conference on machine learning},
  pages={10214--10224},
  year={2020},
  organization={PMLR}
}

@article{wendong2024causal,
  title={Causal component analysis},
  author={Wendong, Liang and Keki{\'c}, Armin and von K{\"u}gelgen, Julius and Buchholz, Simon and Besserve, Michel and Gresele, Luigi and Sch{\"o}lkopf, Bernhard},
  journal={Advances in Neural Information Processing Systems},
  volume={36},
  year={2024}
}

@inproceedings{xie2018learning,
  title={Learning semantic representations for unsupervised domain adaptation},
  author={Xie, Shaoan and Zheng, Zibin and Chen, Liang and Chen, Chuan},
  booktitle={International conference on machine learning},
  pages={5423--5432},
  year={2018},
  organization={PMLR}
}

@inproceedings{xie2022multi,
  title={Multi-domain image generation and translation with identifiability guarantees},
  author={Xie, Shaoan and Kong, Lingjing and Gong, Mingming and Zhang, Kun},
  booktitle={The Eleventh International Conference on Learning Representations},
  year={2022}
}

@article{xu2024sparsity,
  title={A Sparsity Principle for Partially Observable Causal Representation Learning},
  author={Xu, Danru and Yao, Dingling and Lachapelle, S{\'e}bastien and Taslakian, Perouz and von K{\"u}gelgen, Julius and Locatello, Francesco and Magliacane, Sara},
  journal={arXiv preprint arXiv:2403.08335},
  year={2024}
}

@inproceedings{yan2023counterfactual,
  title={Counterfactual Generation with Identifiability Guarantees},
  author={Yan, Hanqi and Kong, Lingjing and Gui, Lin and Chi, Yujie and Xing, Eric and He, Yulan and Zhang, Kun},
  booktitle={37th International Conference on Neural Information Processing Systems, NeurIPS 2023},
  year={2023}
}

@article{yao2023multi,
  title={Multi-view causal representation learning with partial observability},
  author={Yao, Dingling and Xu, Danru and Lachapelle, S{\'e}bastien and Magliacane, Sara and Taslakian, Perouz and Martius, Georg and von K{\"u}gelgen, Julius and Locatello, Francesco},
  journal={arXiv preprint arXiv:2311.04056},
  year={2023}
}

@article{yuan2006model,
  title={Model selection and estimation in regression with grouped variables},
  author={Yuan, Ming and Lin, Yi},
  journal={Journal of the Royal Statistical Society Series B: Statistical Methodology},
  volume={68},
  number={1},
  pages={49--67},
  year={2006},
  publisher={Oxford University Press}
}

@inproceedings{zhang2007kernel,
  title={Kernel-based nonlinear independent component analysis},
  author={Zhang, Kun and Chan, Laiwan},
  booktitle={International Conference on Independent Component Analysis and Signal Separation},
  pages={301--308},
  year={2007},
  organization={Springer}
}

@inproceedings{zhang2013domain,
  title={Domain adaptation under target and conditional shift},
  author={Zhang, Kun and Sch{\"o}lkopf, Bernhard and Muandet, Krikamol and Wang, Zhikun},
  booktitle={International Conference on Machine Learning},
  pages={819--827},
  year={2013},
  organization={PMLR}
}

@article{zhang2024causal,
  title={Causal Representation Learning from Multiple Distributions: A General Setting},
  author={Zhang, Kun and Xie, Shaoan and Ng, Ignavier and Zheng, Yujia},
  journal={arXiv preprint arXiv:2402.05052},
  year={2024}
}

@article{zheng2022identifiability,
  title={On the identifiability of nonlinear ICA: Sparsity and beyond},
  author={Zheng, Yujia and Ng, Ignavier and Zhang, Kun},
  journal={Advances in Neural Information Processing Systems},
  volume={35},
  pages={16411--16422},
  year={2022}
}

