@article{lin1997factorizing,
  title={Factorizing multivariate function classes},
  author={Lin, Juan},
  journal={Advances in neural information processing systems},
  volume={10},
  year={1997}
}


@inproceedings{stisen2015smart,
  title={Smart devices are different: Assessing and mitigatingmobile sensing heterogeneities for activity recognition},
  author={Stisen, Allan and Blunck, Henrik and Bhattacharya, Sourav and Prentow, Thor Siiger and Kj{\ae}rgaard, Mikkel Baun and Dey, Anind and Sonne, Tobias and Jensen, Mads M{\o}ller},
  booktitle={Proceedings of the 13th ACM conference on embedded networked sensor systems},
  pages={127--140},
  year={2015}
}
@inproceedings{anguita2013public,
  title={A public domain dataset for human activity recognition using smartphones.},
  author={Anguita, Davide and Ghio, Alessandro and Oneto, Luca and Parra, Xavier and Reyes-Ortiz, Jorge Luis and others},
  booktitle={Esann},
  volume={3},
  pages={3},
  year={2013}
}

@inproceedings{cai2019learning,
  title={Learning disentangled semantic representation for domain adaptation},
  author={Cai, Ruichu and Li, Zijian and Wei, Pengfei and Qiao, Jie and Zhang, Kun and Hao, Zhifeng},
  booktitle={IJCAI: proceedings of the conference},
  volume={2019},
  pages={2060},
  year={2019},
  organization={NIH Public Access}
}

@article{Cai_Chen_Li_Chen_Zhang_Ye_Li_Yang_Zhang_2021, title={Time Series Domain Adaptation via Sparse Associative Structure Alignment}, volume={35}, url={https://ojs.aaai.org/index.php/AAAI/article/view/16846}, abstractNote={Domain adaptation on time series data is an important but challenging task. Most of the existing works in this area are based on the learning of the domain-invariant representation of the data with the help of restrictions like MMD. However, such extraction of the domain-invariant representation is a non-trivial task for time series data, due to the complex dependence among the timestamps. In detail, in the fully dependent time series, a small change of the time lags or the offsets may lead to difficulty in the domain invariant extraction. Fortunately, the stability of the causality inspired us to explore the domain invariant structure of the data. To reduce the difficulty in the discovery of causal structure, we relax it to the sparse associative structure and propose a novel sparse associative structure alignment model for domain adaptation. First, we generate the segment set to exclude the obstacle of offsets. Second, the intra-variables and inter-variables sparse attention mechanisms are devised to extract associative structure time-series data with considering time lags. Finally, the associative structure alignment is used to guide the transfer of knowledge from the source domain to the target one. Experimental studies not only verify the good performance of our methods on three real-world datasets but also provide some insightful discoveries on the transferred knowledge.}, number={8}, journal={Proceedings of the AAAI Conference on Artificial Intelligence}, author={Cai, Ruichu and Chen, Jiawei and Li, Zijian and Chen, Wei and Zhang, Keli and Ye, Junjian and Li, Zhuozhang and Yang, Xiaoyan and Zhang, Zhenjie}, year={2021}, month={May}, pages={6859-6867} }

@article{cai2021graph,
  title={Graph Domain Adaptation: A Generative View},
  author={Cai, Ruichu and Wu, Fengzhu and Li, Zijian and Wei, Pengfei and Yi, Lingling and Zhang, Kun},
  journal={arXiv preprint arXiv:2106.07482},
  year={2021}
}

@article{hao2021semi,
  title={Semi-supervised disentangled framework for transferable named entity recognition},
  author={Hao, Zhifeng and Lv, Di and Li, Zijian and Cai, Ruichu and Wen, Wen and Xu, Boyan},
  journal={Neural Networks},
  volume={135},
  pages={127--138},
  year={2021},
  publisher={Elsevier}
}

@inproceedings{cai2021time,
  title={Time series domain adaptation via sparse associative structure alignment},
  author={Cai, Ruichu and Chen, Jiawei and Li, Zijian and Chen, Wei and Zhang, Keli and Ye, Junjian and Li, Zhuozhang and Yang, Xiaoyan and Zhang, Zhenjie},
  booktitle={Proceedings of the AAAI Conference on Artificial Intelligence},
  volume={35},
  number={8},
  pages={6859--6867},
  year={2021}
}


@InProceedings{shui2021aggregating, title = 	 {Aggregating From Multiple Target-Shifted Sources}, author =       {Shui, Changjian and Li, Zijian and Li, Jiaqi and Gagn{\'e}, Christian and Ling, Charles X and Wang, Boyu}, booktitle = 	 {Proceedings of the 38th International Conference on Machine Learning}, pages = 	 {9638--9648}, year = 	 {2021}, volume = 	 {139}, series = 	 {Proceedings of Machine Learning Research}, month = 	 {18--24 Jul}, publisher =    {PMLR} }


@article{li2023transferable,
  title={Transferable time-series forecasting under causal conditional shift},
  author={Li, Zijian and Cai, Ruichu and Fu, Tom ZJ and Hao, Zhifeng and Zhang, Kun},
  journal={IEEE Transactions on Pattern Analysis and Machine Intelligence},
  year={2023},
  publisher={IEEE}
}

@article{li2021causal,
  title={Causal Mechanism Transfer Network for Time Series Domain Adaptation in Mechanical Systems},
  author={Li, Zijian and Cai, Ruichu and Ng, Hong Wei and Winslett, Marianne and Fu, Tom ZJ and Xu, Boyan and Yang, Xiaoyan and Zhang, Zhenjie},
  journal={ACM Transactions on Intelligent Systems and Technology (TIST)},
  volume={12},
  number={2},
  pages={1--21},
  year={2021},
  publisher={ACM New York, NY, USA}
}

@article{pan2009survey,
  title={A survey on transfer learning},
  author={Pan, Sinno Jialin and Yang, Qiang},
  journal={IEEE Transactions on knowledge and data engineering},
  volume={22},
  number={10},
  pages={1345--1359},
  year={2009},
  publisher={IEEE}
}

@inproceedings{zhang2019bridging,
  title={Bridging theory and algorithm for domain adaptation},
  author={Zhang, Yuchen and Liu, Tianle and Long, Mingsheng and Jordan, Michael},
  booktitle={International Conference on Machine Learning},
  pages={7404--7413},
  year={2019},
  organization={PMLR}
}

@inproceedings{ganin2015unsupervised,
  title={Unsupervised domain adaptation by backpropagation},
  author={Ganin, Yaroslav and Lempitsky, Victor},
  booktitle={International conference on machine learning},
  pages={1180--1189},
  year={2015},
  organization={PMLR}
}

@inproceedings{xie2018learning,
  title={Learning semantic representations for unsupervised domain adaptation},
  author={Xie, Shaoan and Zheng, Zibin and Chen, Liang and Chen, Chuan},
  booktitle={International conference on machine learning},
  pages={5423--5432},
  year={2018},
  organization={PMLR}
}

@inproceedings{long2015learning,
  title={Learning transferable features with deep adaptation networks},
  author={Long, Mingsheng and Cao, Yue and Wang, Jianmin and Jordan, Michael},
  booktitle={International conference on machine learning},
  pages={97--105},
  year={2015},
  organization={PMLR}
}

@article{pan2010domain,
  title={Domain adaptation via transfer component analysis},
  author={Pan, Sinno Jialin and Tsang, Ivor W and Kwok, James T and Yang, Qiang},
  journal={IEEE transactions on neural networks},
  volume={22},
  number={2},
  pages={199--210},
  year={2010},
  publisher={IEEE}
}

@article{purushotham2016variational,
  title={Variational recurrent adversarial deep domain adaptation},
  author={Purushotham, Sanjay and Carvalho, Wilka and Nilanon, Tanachat and Liu, Yan},
  year={2016}
}




@inproceedings{zhang2013domain,
  title={Domain adaptation under target and conditional shift},
  author={Zhang, Kun and Sch{\"o}lkopf, Bernhard and Muandet, Krikamol and Wang, Zhikun},
  booktitle={International Conference on Machine Learning},
  pages={819--827},
  year={2013},
  organization={PMLR}
}

@inproceedings{zhang2015multi,
  title={Multi-source domain adaptation: A causal view},
  author={Zhang, Kun and Gong, Mingming and Sch{\"o}lkopf, Bernhard},
  booktitle={Twenty-ninth AAAI conference on artificial intelligence},
  year={2015}
}

@inproceedings{zhang2020domain,
 author = {Zhang, Kun and Gong, Mingming and Stojanov, Petar and Huang, Biwei and LIU, QINGSONG and Glymour, Clark},
 booktitle = {Advances in Neural Information Processing Systems},
 editor = {H. Larochelle and M. Ranzato and R. Hadsell and M.F. Balcan and H. Lin},
 pages = {4965--4976},
 publisher = {Curran Associates, Inc.},
 title = {Domain Adaptation as a Problem of Inference on Graphical Models},
 volume = {33},
 year = {2020}
}



@article{lawrence2021data,
  title={Data Generating Process to Evaluate Causal Discovery Techniques for Time Series Data},
  author={Lawrence, Andrew R and Kaiser, Marcus and Sampaio, Rui and Sipos, Maksim},
  journal={arXiv preprint arXiv:2104.08043},
  year={2021}
}

@book{peters2017elements,
  title={Elements of causal inference: foundations and learning algorithms},
  author={Peters, Jonas and Janzing, Dominik and Sch{\"o}lkopf, Bernhard},
  year={2017},
  publisher={The MIT Press}
}

@article{diks2006new,
  title={A new statistic and practical guidelines for nonparametric Granger causality testing},
  author={Diks, Cees and Panchenko, Valentyn},
  journal={Journal of Economic Dynamics and Control},
  volume={30},
  number={9-10},
  pages={1647--1669},
  year={2006},
  publisher={Elsevier}
}

@article{granger1969investigating,
  title={Investigating causal relations by econometric models and cross-spectral methods},
  author={Granger, Clive WJ},
  journal={Econometrica: journal of the Econometric Society},
  pages={424--438},
  year={1969},
  publisher={JSTOR}
}


@inproceedings{marcinkevivcs2021interpretable,
  author    = {Ricards Marcinkevics and
               Julia E. Vogt},
  title     = {Interpretable Models for Granger Causality Using Self-explaining Neural
               Networks},
  booktitle = {9th International Conference on Learning Representations, {ICLR} 2021,
               Virtual Event, Austria, May 3-7, 2021},
  publisher = {OpenReview.net},
  year      = {2021},
}

@ARTICLE{9376668,
  author={Tank, Alex and Covert, Ian and Foti, Nicholas and Shojaie, Ali and Fox, Emily B},
  journal={IEEE Transactions on Pattern Analysis and Machine Intelligence}, 
  title={Neural Granger Causality}, 
  year={2021},
  volume={},
  number={},
  pages={1-1},
  doi={10.1109/TPAMI.2021.3065601}}

@inproceedings{lowe2020amortized,
  author    = {Sindy L{\"{o}}we and
               David Madras and
               Richard Z. Shilling and
               Max Welling},
  title     = {Amortized Causal Discovery: Learning to Infer Causal Graphs from Time-Series
               Data},
  booktitle = {1st Conference on Causal Learning and Reasoning, CLeaR 2022, Sequoia
               Conference Center, Eureka, CA, USA, 11-13 April, 2022},
}

@article{runge2019inferring,
  title={Inferring causation from time series in Earth system sciences},
  author={Runge, Jakob and Bathiany, Sebastian and Bollt, Erik and Camps-Valls, Gustau and Coumou, Dim and Deyle, Ethan and Glymour, Clark and Kretschmer, Marlene and Mahecha, Miguel D and Mu{\~n}oz-Mar{\'\i}, Jordi and others},
  journal={Nature communications},
  volume={10},
  number={1},
  pages={1--13},
  year={2019},
  publisher={Nature Publishing Group}
}

@article{chiou2008economic,
  title={Economic growth and energy consumption revisited—evidence from linear and nonlinear Granger causality},
  author={Chiou-Wei, Song Zan and Chen, Ching-Fu and Zhu, Zhen},
  journal={Energy Economics},
  volume={30},
  number={6},
  pages={3063--3076},
  year={2008},
  publisher={Elsevier}
}

@article{seth2015granger,
  title={Granger causality analysis in neuroscience and neuroimaging},
  author={Seth, Anil K and Barrett, Adam B and Barnett, Lionel},
  journal={Journal of Neuroscience},
  volume={35},
  number={8},
  pages={3293--3297},
  year={2015},
  publisher={Soc Neuroscience}
}

@inproceedings{10.1145/1557019.1557085,
author = {Lozano, Aurelie C. and Abe, Naoki and Liu, Yan and Rosset, Saharon},
title = {Grouped Graphical Granger Modeling Methods for Temporal Causal Modeling},
booktitle = {Proceedings of the 15th ACM SIGKDD International Conference on Knowledge Discovery and Data Mining},
pages = {577–586},
numpages = {10},
keywords = {boosting, graphical modeling, temporal causal modeling, variable group selection, Granger causality},
location = {Paris, France},
series = {KDD '09}
}

@incollection{wei2006time,
  title={Time series analysis},
  author={Wei, William WS},
  booktitle={The Oxford Handbook of Quantitative Methods in Psychology: Vol. 2},
  year={2006}
}

@article{tibshirani1996regression,
  title={Regression shrinkage and selection via the lasso},
  author={Tibshirani, Robert},
  journal={Journal of the Royal Statistical Society: Series B (Methodological)},
  volume={58},
  number={1},
  pages={267--288},
  year={1996},
  publisher={Wiley Online Library}
}


@ARTICLE{Seth:2007,
AUTHOR = {Seth, A. },
TITLE   = {{G}ranger causality},
YEAR    = {2007},
JOURNAL = {Scholarpedia},
VOLUME  = {2},
NUMBER  = {7},
PAGES   = {1667},
DOI     = {10.4249/scholarpedia.1667},
NOTE    = {revision \#127333}
}

@book{lutkepohl2005new,
  title={New introduction to multiple time series analysis},
  author={L{\"u}tkepohl, Helmut},
  year={2005},
  publisher={Springer Science \& Business Media}
}


@inproceedings{kingma2013auto,
  author    = {Diederik P. Kingma and
               Max Welling},
  editor    = {Yoshua Bengio and
               Yann LeCun},
  title     = {Auto-Encoding Variational Bayes},
  booktitle = {2nd International Conference on Learning Representations, {ICLR} 2014,
               Banff, AB, Canada, April 14-16, 2014, Conference Track Proceedings},
}


@inproceedings{jang2016categorical,
  author    = {Eric Jang and
               Shixiang Gu and
               Ben Poole},
  title     = {Categorical Reparameterization with Gumbel-Softmax},
  booktitle = {5th International Conference on Learning Representations, {ICLR} 2017,
               Toulon, France, April 24-26, 2017, Conference Track Proceedings},
}

@inbook{10.1145/2783258.2788573,
author = {Zheng, Yu and Yi, Xiuwen and Li, Ming and Li, Ruiyuan and Shan, Zhangqing and Chang, Eric and Li, Tianrui},
title = {Forecasting Fine-Grained Air Quality Based on Big Data},
year = {2015},
isbn = {9781450336642},
publisher = {Association for Computing Machinery},
address = {New York, NY, USA},
url = {https://doi.org/10.1145/2783258.2788573},
abstract = {In this paper, we forecast the reading of an air quality monitoring station over the
next 48 hours, using a data-driven method that considers current meteorological data,
weather forecasts, and air quality data of the station and that of other stations
within a few hundred kilometers. Our predictive model is comprised of four major components:
1) a linear regression-based temporal predictor to model the local factors of air
quality, 2) a neural network-based spatial predictor to model global factors, 3) a
dynamic aggregator combining the predictions of the spatial and temporal predictors
according to meteorological data, and 4) an inflection predictor to capture sudden
changes in air quality. We evaluate our model with data from 43 cities in China, surpassing
the results of multiple baseline methods. We have deployed a system with the Chinese
Ministry of Environmental Protection, providing 48-hour fine-grained air quality forecasts
for four major Chinese cities every hour. The forecast function is also enabled on
Microsoft Bing Map and MS cloud platform Azure. Our technology is general and can
be applied globally for other cities.},
booktitle = {Proceedings of the 21th ACM SIGKDD International Conference on Knowledge Discovery and Data Mining},
pages = {2267–2276},
numpages = {10}
}

@inproceedings{long2017deep,
  title={Deep transfer learning with joint adaptation networks},
  author={Long, Mingsheng and Zhu, Han and Wang, Jianmin and Jordan, Michael I},
  booktitle={International conference on machine learning},
  pages={2208--2217},
  year={2017},
  organization={PMLR}
}
@inproceedings{chen2022multi,
  title={Multi-level attentive adversarial learning with temporal dilation for unsupervised video domain adaptation},
  author={Chen, Peipeng and Gao, Yuan and Ma, Andy J},
  booktitle={Proceedings of the IEEE/CVF Winter Conference on Applications of Computer Vision},
  pages={1259--1268},
  year={2022}
}
@inproceedings{da2022dual,
  title={Dual-head contrastive domain adaptation for video action recognition},
  author={Da Costa, Victor G Turrisi and Zara, Giacomo and Rota, Paolo and Oliveira-Santos, Thiago and Sebe, Nicu and Murino, Vittorio and Ricci, Elisa},
  booktitle={Proceedings of the IEEE/CVF Winter Conference on Applications of Computer Vision},
  pages={1181--1190},
  year={2022}
}
@article{sahoo2021contrast,
  title={Contrast and mix: Temporal contrastive video domain adaptation with background mixing},
  author={Sahoo, Aadarsh and Shah, Rutav and Panda, Rameswar and Saenko, Kate and Das, Abir},
  journal={Advances in Neural Information Processing Systems},
  volume={34},
  pages={23386--23400},
  year={2021}
}

@inproceedings{luo2020adversarial,
  title={Adversarial bipartite graph learning for video domain adaptation},
  author={Luo, Yadan and Huang, Zi and Wang, Zijian and Zhang, Zheng and Baktashmotlagh, Mahsa},
  booktitle={Proceedings of the 28th ACM International Conference on Multimedia},
  pages={19--27},
  year={2020}
}
@inproceedings{pan2020adversarial,
  title={Adversarial cross-domain action recognition with co-attention},
  author={Pan, Boxiao and Cao, Zhangjie and Adeli, Ehsan and Niebles, Juan Carlos},
  booktitle={Proceedings of the AAAI conference on artificial intelligence},
  volume={34},
  number={07},
  pages={11815--11822},
  year={2020}
}
@inproceedings{choi2020shuffle,
  title={Shuffle and attend: Video domain adaptation},
  author={Choi, Jinwoo and Sharma, Gaurav and Schulter, Samuel and Huang, Jia-Bin},
  booktitle={Computer Vision--ECCV 2020: 16th European Conference, Glasgow, UK, August 23--28, 2020, Proceedings, Part XII 16},
  pages={678--695},
  year={2020},
  organization={Springer}
}

@article{chung2015recurrent,
  title={A recurrent latent variable model for sequential data},
  author={Chung, Junyoung and Kastner, Kyle and Dinh, Laurent and Goel, Kratarth and Courville, Aaron C and Bengio, Yoshua},
  journal={Advances in neural information processing systems},
  volume={28},
  year={2015}
}
@inproceedings{purushotham2022variational,
  title={Variational recurrent adversarial deep domain adaptation},
  author={Purushotham, Sanjay and Carvalho, Wilka and Nilanon, Tanachat and Liu, Yan},
  booktitle={International Conference on Learning Representations},
  year={2022}
}
@inproceedings{chen2019temporal,
  title={Temporal attentive alignment for large-scale video domain adaptation},
  author={Chen, Min-Hung and Kira, Zsolt and AlRegib, Ghassan and Yoo, Jaekwon and Chen, Ruxin and Zheng, Jian},
  booktitle={Proceedings of the IEEE/CVF International Conference on Computer Vision},
  pages={6321--6330},
  year={2019}
}
@article{da2020remaining,
  title={Remaining useful lifetime prediction via deep domain adaptation},
  author={da Costa, Paulo Roberto de Oliveira and Ak{\c{c}}ay, Alp and Zhang, Yingqian and Kaymak, Uzay},
  journal={Reliability Engineering \& System Safety},
  volume={195},
  pages={106682},
  year={2020},
  publisher={Elsevier}
}

@article{wei2023unsupervised,
  title={Unsupervised video domain adaptation for action recognition: A disentanglement perspective},
  author={Wei, Pengfei and Kong, Lingdong and Qu, Xinghua and Ren, Yi and Xu, Zhiqiang and Jiang, Jing and Yin, Xiang},
  journal={Advances in Neural Information Processing Systems},
  volume={36},
  pages={17623--17642},
  year={2023}
}
@article{li2018adaptive,
  title={Adaptive batch normalization for practical domain adaptation},
  author={Li, Yanghao and Wang, Naiyan and Shi, Jianping and Hou, Xiaodi and Liu, Jiaying},
  journal={Pattern Recognition},
  volume={80},
  pages={109--117},
  year={2018},
  publisher={Elsevier}
}
@inproceedings{tzeng2017adversarial,
  title={Adversarial discriminative domain adaptation},
  author={Tzeng, Eric and Hoffman, Judy and Saenko, Kate and Darrell, Trevor},
  booktitle={Proceedings of the IEEE conference on computer vision and pattern recognition},
  pages={7167--7176},
  year={2017}
}
@article{ganin2016domain,   title={Domain-adversarial training of neural networks},   author={Ganin, Yaroslav and Ustinova, Evgeniya and Ajakan, Hana and Germain, Pascal and Larochelle, Hugo and Laviolette, Fran{\c{c}}ois and March, Mario and Lempitsky, Victor},   journal={Journal of machine learning research},   volume={17},   number={59},   pages={1--35},   year={2016} }

@article{fox2014joint,
  title={Joint modeling of multiple time series via the beta process with application to motion capture segmentation},
  author={Fox, Emily B and Hughes, Michael C and Sudderth, Erik B and Jordan, Michael I},
  journal={The Annals of Applied Statistics},
  volume={8},
  number={3},
  pages={1281--1313},
  year={2014},
  publisher={Institute of Mathematical Statistics}
}

@article{ragab2023adatime,
  title={Adatime: A benchmarking suite for domain adaptation on time series data},
  author={Ragab, Mohamed and Eldele, Emadeldeen and Tan, Wee Ling and Foo, Chuan-Sheng and Chen, Zhenghua and Wu, Min and Kwoh, Chee-Keong and Li, Xiaoli},
  journal={ACM Transactions on Knowledge Discovery from Data},
  volume={17},
  number={8},
  pages={1--18},
  year={2023},
  publisher={ACM New York, NY}
}
@article{shu2018dirt,
  title={A dirt-t approach to unsupervised domain adaptation},
  author={Shu, Rui and Bui, Hung H and Narui, Hirokazu and Ermon, Stefano},
  journal={arXiv preprint arXiv:1802.08735},
  year={2018}
}
{"mode":"full","isActive":false}
@article{rahman2020minimum,
  title={On minimum discrepancy estimation for deep domain adaptation},
  author={Rahman, Mohammad Mahfujur and Fookes, Clinton and Baktashmotlagh, Mahsa and Sridharan, Sridha},
  journal={Domain Adaptation for Visual Understanding},
  pages={81--94},
  year={2020},
  publisher={Springer}
}
@article{sun2017correlation,
  title={Correlation alignment for unsupervised domain adaptation},
  author={Sun, Baochen and Feng, Jiashi and Saenko, Kate},
  journal={Domain adaptation in computer vision applications},
  pages={153--171},
  year={2017},
  publisher={Springer}
}

@inproceedings{zhang2017causal,
  title={Causal discovery from nonstationary/heterogeneous data: Skeleton estimation and orientation determination},
  author={Zhang, Kun and Huang, Biwei and Zhang, Jiji and Glymour, Clark and Sch{\"o}lkopf, Bernhard},
  booktitle={IJCAI: Proceedings of the Conference},
  volume={2017},
  pages={1347},
  year={2017},
  organization={NIH Public Access}
}
{"mode":"full","isActive":false}

@article{ionescu2013human3,
  title={Human3. 6m: Large scale datasets and predictive methods for 3d human sensing in natural environments},
  author={Ionescu, Catalin and Papava, Dragos and Olaru, Vlad and Sminchisescu, Cristian},
  journal={IEEE transactions on pattern analysis and machine intelligence},
  volume={36},
  number={7},
  pages={1325--1339},
  year={2013},
  publisher={IEEE}
}
{"mode":"full","isActive":false}

@inproceedings{barsoum2018hp,
  title={Hp-gan: Probabilistic 3d human motion prediction via gan},
  author={Barsoum, Emad and Kender, John and Liu, Zicheng},
  booktitle={Proceedings of the IEEE conference on computer vision and pattern recognition workshops},
  pages={1418--1427},
  year={2018}
}
{"mode":"full","isActive":false}



@article{tzeng2014deep,
  author    = {Eric Tzeng and
               Judy Hoffman and
               Ning Zhang and
               Kate Saenko and
               Trevor Darrell},
  title     = {Deep Domain Confusion: Maximizing for Domain Invariance},
  journal   = {CoRR},
  volume    = {abs/1412.3474},
  year      = {2014},
}


@book{mohri2018foundations, title={Foundations of machine learning}, author={Mohri, Mehryar and Rostamizadeh, Afshin and Talwalkar, Ameet}, year={2018}, publisher={MIT press} }

{"mode":"full","isActive":false}


@inproceedings{mansour2009domain,
  author    = {Yishay Mansour and
               Mehryar Mohri and
               Afshin Rostamizadeh},
  title     = {Domain Adaptation: Learning Bounds and Algorithms},
  booktitle = {{COLT} 2009 - The 22nd Conference on Learning Theory, Montreal, Quebec,
               Canada, June 18-21, 2009},
  year      = {2009},
}

@inproceedings{cortes2011domain, title={Domain adaptation in regression}, author={Cortes, Corinna and Mohri, Mehryar}, booktitle={International Conference on Algorithmic Learning Theory}, pages={308--323}, year={2011}, organization={Springer} }

{"mode":"full","isActive":false}

@article{ben2007analysis, title={Analysis of representations for domain adaptation}, author={Ben-David, Shai and Blitzer, John and Crammer, Koby and Pereira, Fernando and others}, journal={Advances in neural information processing systems}, volume={19}, pages={137}, year={2007}, publisher={MIT; 1998} }

{"mode":"full","isActive":false}


@article{buhlmann2014cam,
	title={CAM: Causal additive models, high-dimensional order search and penalized regression},
	author={B{\"u}hlmann, Peter and Peters, Jonas and Ernest, Jan},
	journal={The Annals of Statistics},
	volume={42},
	number={6},
	pages={2526--2556},
	year={2014},
	publisher={Institute of Mathematical Statistics}
}

@article{peters2014causal,
	title={Causal discovery with continuous additive noise models},
	author={Peters, Jonas and Mooij, Joris M and Janzing, Dominik and Sch{\"o}lkopf, Bernhard},
	year={2014}
}

@inproceedings{peters2013causal,
  title={Causal inference on time series using restricted structural equation models},
  author={Peters, Jonas and Janzing, Dominik and Sch{\"o}lkopf, Bernhard},
  booktitle={Advances in Neural Information Processing Systems},
  pages={154--162},
  year={2013}
}

@article{nicholson2017varx,
  title={VARX-L: Structured regularization for large vector autoregressions with exogenous variables},
  author={Nicholson, William B and Matteson, David S and Bien, Jacob},
  journal={International Journal of Forecasting},
  volume={33},
  number={3},
  pages={627--651},
  year={2017},
  publisher={Elsevier}
}

@article{mohri2009rademacher,
  title={Rademacher complexity bounds for non-iid processes},
  author={Mohri, Mehryar and Rostamizadeh, Afshin},
  year={2009}
}

@incollection{valvano2021self,
  title={Self-supervised Multi-scale Consistency for Weakly Supervised Segmentation Learning},
  author={Valvano, Gabriele and Leo, Andrea and Tsaftaris, Sotirios A},
  booktitle={Domain Adaptation and Representation Transfer, and Affordable Healthcare and AI for Resource Diverse Global Health},
  pages={14--24},
  year={2021},
  publisher={Springer}
}
@inproceedings{carreira2017quo,
  title={Quo vadis, action recognition? a new model and the kinetics dataset},
  author={Carreira, Joao and Zisserman, Andrew},
  booktitle={proceedings of the IEEE Conference on Computer Vision and Pattern Recognition},
  pages={6299--6308},
  year={2017}
}

@inproceedings{metz2016unrolled,
  author    = {Luke Metz and
               Ben Poole and
               David Pfau and
               Jascha Sohl{-}Dickstein},
  title     = {Unrolled Generative Adversarial Networks},
  booktitle = {5th International Conference on Learning Representations, {ICLR} 2017,
               Toulon, France, April 24-26, 2017, Conference Track Proceedings},
}

@inproceedings{li2021learning,
  title={Learning invariant representations and risks for semi-supervised domain adaptation},
  author={Li, Bo and Wang, Yezhen and Zhang, Shanghang and Li, Dongsheng and Keutzer, Kurt and Darrell, Trevor and Zhao, Han},
  booktitle={Proceedings of the IEEE/CVF Conference on Computer Vision and Pattern Recognition},
  pages={1104--1113},
  year={2021}
}

@article{stojanov2021domain,
  title={Domain Adaptation with Invariant Representation Learning: What Transformations to Learn?},
  author={Stojanov, Petar and Li, Zijian and Gong, Mingming and Cai, Ruichu and Carbonell, Jaime and Zhang, Kun},
  journal={Advances in Neural Information Processing Systems},
  volume={34},
  year={2021}
}

@inproceedings{saito2019semi,
  title={Semi-supervised domain adaptation via minimax entropy},
  author={Saito, Kuniaki and Kim, Donghyun and Sclaroff, Stan and Darrell, Trevor and Saenko, Kate},
  booktitle={Proceedings of the IEEE/CVF International Conference on Computer Vision},
  pages={8050--8058},
  year={2019}
}

@article{pearl1998graphs,
  title={Graphs, causality, and structural equation models},
  author={Pearl, Judea},
  journal={Sociological Methods \& Research},
  volume={27},
  number={2},
  pages={226--284},
  year={1998},
  publisher={SAGE PUBLICATIONS, INC.}
}
@article{ozyurt2022contrastive,
  title={Contrastive learning for unsupervised domain adaptation of time series},
  author={Ozyurt, Yilmazcan and Feuerriegel, Stefan and Zhang, Ce},
  journal={arXiv preprint arXiv:2206.06243},
  year={2022}
}
@inproceedings{he2023domain,
  title={Domain adaptation for time series under feature and label shifts},
  author={He, Huan and Queen, Owen and Koker, Teddy and Cuevas, Consuelo and Tsiligkaridis, Theodoros and Zitnik, Marinka},
  booktitle={International Conference on Machine Learning},
  pages={12746--12774},
  year={2023},
  organization={PMLR}
}
@article{eldele2022cotmix,
  title={Cotmix: Contrastive domain adaptation for time-series via temporal mixup},
  author={Eldele, Emadeldeen and Ragab, Mohamed and Chen, Zhenghua and Wu, Min and Kwoh, Chee-Keong and Li, Xiaoli},
  journal={arXiv preprint arXiv:2212.01555},
  year={2022}
}


@inproceedings{wilson2020multi,
  title={Multi-source deep domain adaptation with weak supervision for time-series sensor data},
  author={Wilson, Garrett and Doppa, Janardhan Rao and Cook, Diane J},
  booktitle={Proceedings of the 26th ACM SIGKDD international conference on knowledge discovery \& data mining},
  pages={1768--1778},
  year={2020}
}
@inproceedings{liu2021adversarial,
  title={Adversarial Spectral Kernel Matching for Unsupervised Time Series Domain Adaptation.},
  author={Liu, Qiao and Xue, Hui},
  booktitle={IJCAI},
  pages={2744--2750},
  year={2021}
}
@inproceedings{wang2023micn,
  title={Micn: Multi-scale local and global context modeling for long-term series forecasting},
  author={Wang, Huiqiang and Peng, Jian and Huang, Feihu and Wang, Jince and Chen, Junhui and Xiao, Yifei},
  booktitle={The eleventh international conference on learning representations},
  year={2023}
}
@article{lin2023segrnn,
  title={Segrnn: Segment recurrent neural network for long-term time series forecasting},
  author={Lin, Shengsheng and Lin, Weiwei and Wu, Wentai and Zhao, Feiyu and Mo, Ruichao and Zhang, Haotong},
  journal={arXiv preprint arXiv:2308.11200},
  year={2023}
}
@inproceedings{tslanet,
  title     = {TSLANet: Rethinking Transformers for Time Series Representation Learning},
  author    = {Eldele, Emadeldeen and Ragab, Mohamed and Chen, Zhenghua and Wu, Min and Li, Xiaoli},
  booktitle = {International Conference on Machine Learning},
  year      = {2024},
}
@inproceedings{wang2023timemixer,
  title={TimeMixer: Decomposable Multiscale Mixing for Time Series Forecasting},
  author={Wang, Shiyu and Wu, Haixu and Shi, Xiaoming and Hu, Tengge and Luo, Huakun and Ma, Lintao and Zhang, James Y and ZHOU, JUN},
  booktitle={International Conference on Learning Representations (ICLR)},
  year={2024}
}

@article{liu2023itransformer,
  title={iTransformer: Inverted Transformers Are Effective for Time Series Forecasting},
  author={Liu, Yong and Hu, Tengge and Zhang, Haoran and Wu, Haixu and Wang, Shiyu and Ma, Lintao and Long, Mingsheng},
  journal={arXiv preprint arXiv:2310.06625},
  year={2023}
}

@inproceedings{jin2022domain,
  title={Domain adaptation for time series forecasting via attention sharing},
  author={Jin, Xiaoyong and Park, Youngsuk and Maddix, Danielle and Wang, Hao and Wang, Yuyang},
  booktitle={International Conference on Machine Learning},
  pages={10280--10297},
  year={2022},
  organization={PMLR}
}

@article{DBLP:journals/sensors/ShiYY22,
  author    = {Yongjie Shi and
               Xianghua Ying and
               Jinfa Yang},
  title     = {Deep Unsupervised Domain Adaptation with Time Series Sensor Data:
               {A} Survey},
  journal   = {Sensors},
  volume    = {22},
  number    = {15},
  pages     = {5507},
  year      = {2022},
  url       = {https://doi.org/10.3390/s22155507},
  doi       = {10.3390/s22155507},
  timestamp = {Mon, 26 Sep 2022 17:09:17 +0200},
  biburl    = {https://dblp.org/rec/journals/sensors/ShiYY22.bib},
  bibsource = {dblp computer science bibliography, https://dblp.org}
}

@article{DBLP:journals/tiot/HusseinH22,
  author    = {Amir Hussein and
               Hazem M. Hajj},
  title     = {Domain Adaptation with Representation Learning and Nonlinear Relation
               for Time Series},
  journal   = {{ACM} Trans. Internet Things},
  volume    = {3},
  number    = {2},
  pages     = {12:1--12:26},
  year      = {2022},
  url       = {https://doi.org/10.1145/3502905},
  doi       = {10.1145/3502905},
  timestamp = {Wed, 20 Apr 2022 16:20:31 +0200},
  biburl    = {https://dblp.org/rec/journals/tiot/HusseinH22.bib},
  bibsource = {dblp computer science bibliography, https://dblp.org}
}


@InProceedings{pmlr-v162-zhou22g,
  title = 	 {{FED}former: Frequency Enhanced Decomposed Transformer for Long-term Series Forecasting},
  author =       {Zhou, Tian and Ma, Ziqing and Wen, Qingsong and Wang, Xue and Sun, Liang and Jin, Rong},
  booktitle = 	 {Proceedings of the 39th International Conference on Machine Learning},
  pages = 	 {27268--27286},
  year = 	 {2022},
  editor = 	 {Chaudhuri, Kamalika and Jegelka, Stefanie and Song, Le and Szepesvari, Csaba and Niu, Gang and Sabato, Sivan},
  volume = 	 {162},
  series = 	 {Proceedings of Machine Learning Research},
  month = 	 {17--23 Jul},
  publisher =    {PMLR},
  pdf = 	 {https://proceedings.mlr.press/v162/zhou22g/zhou22g.pdf},
  url = 	 {https://proceedings.mlr.press/v162/zhou22g.html},
  abstract = 	 {Long-term time series forecasting is challenging since prediction accuracy tends to decrease dramatically with the increasing horizon. Although Transformer-based methods have significantly improved state-of-the-art results for long-term forecasting, they are not only computationally expensive but more importantly, are unable to capture the global view of time series (e.g. overall trend). To address these problems, we propose to combine Transformer with the seasonal-trend decomposition method, in which the decomposition method captures the global profile of time series while Transformers capture more detailed structures. To further enhance the performance of Transformer for long-term prediction, we exploit the fact that most time series tend to have a sparse representation in a well-known basis such as Fourier transform, and develop a frequency enhanced Transformer. Besides being more effective, the proposed method, termed as Frequency Enhanced Decomposed Transformer (FEDformer), is more efficient than standard Transformer with a linear complexity to the sequence length. Our empirical studies with six benchmark datasets show that compared with state-of-the-art methods, Fedformer can reduce prediction error by 14.8% and 22.6% for multivariate and univariate time series, respectively. Code is publicly available at https://github.com/MAZiqing/FEDformer.}
}

@inproceedings{jiangsequentialLVM,
  title={Sequential Latent Variable Models for Few-Shot High-Dimensional Time-Series Forecasting},
  author={Jiang, Xiajun and Missel, Ryan and Li, Zhiyuan and Wang, Linwei},
  booktitle={The Eleventh International Conference on Learning Representations}
}


@article{gu2022parameterization,
  title={On the parameterization and initialization of diagonal state space models},
  author={Gu, Albert and Goel, Karan and Gupta, Ankit and R{\'e}, Christopher},
  journal={Advances in Neural Information Processing Systems},
  volume={35},
  pages={35971--35983},
  year={2022}
}


@article{gu2021efficiently,
  title={Efficiently modeling long sequences with structured state spaces},
  author={Gu, Albert and Goel, Karan and R{\'e}, Christopher},
  journal={arXiv preprint arXiv:2111.00396},
  year={2021}
}

@article{chen2001freeway,
  title={Freeway performance measurement system: mining loop detector data},
  author={Chen, Chao and Petty, Karl and Skabardonis, Alexander and Varaiya, Pravin and Jia, Zhanfeng},
  journal={Transportation Research Record},
  volume={1748},
  number={1},
  pages={96--102},
  year={2001},
  publisher={SAGE Publications Sage CA: Los Angeles, CA}
}

@article{li2017diffusion,
  title={Diffusion convolutional recurrent neural network: Data-driven traffic forecasting},
  author={Li, Yaguang and Yu, Rose and Shahabi, Cyrus and Liu, Yan},
  journal={arXiv preprint arXiv:1707.01926},
  year={2017}
}


@article{zhou2022domain,
  title={Domain generalization: A survey},
  author={Zhou, Kaiyang and Liu, Ziwei and Qiao, Yu and Xiang, Tao and Loy, Chen Change},
  journal={IEEE Transactions on Pattern Analysis and Machine Intelligence},
  year={2022},
  publisher={IEEE}
}

@inproceedings{li2017deeper,
  title={Deeper, broader and artier domain generalization},
  author={Li, Da and Yang, Yongxin and Song, Yi-Zhe and Hospedales, Timothy M},
  booktitle={Proceedings of the IEEE international conference on computer vision},
  pages={5542--5550},
  year={2017}
}

@inproceedings{muandet2013domain,
  title={Domain generalization via invariant feature representation},
  author={Muandet, Krikamol and Balduzzi, David and Sch{\"o}lkopf, Bernhard},
  booktitle={International conference on machine learning},
  pages={10--18},
  year={2013},
  organization={PMLR}
}

@inproceedings{wang2022continual,
  title={Continual test-time domain adaptation},
  author={Wang, Qin and Fink, Olga and Van Gool, Luc and Dai, Dengxin},
  booktitle={Proceedings of the IEEE/CVF Conference on Computer Vision and Pattern Recognition},
  pages={7201--7211},
  year={2022}
}

@article{khurana2021sita,
  title={Sita: Single image test-time adaptation},
  author={Khurana, Ansh and Paul, Sujoy and Rai, Piyush and Biswas, Soma and Aggarwal, Gaurav},
  journal={arXiv preprint arXiv:2112.02355},
  year={2021}
}

@article{wang2020tent,
  title={Tent: Fully test-time adaptation by entropy minimization},
  author={Wang, Dequan and Shelhamer, Evan and Liu, Shaoteng and Olshausen, Bruno and Darrell, Trevor},
  journal={arXiv preprint arXiv:2006.10726},
  year={2020}
}

@article{fernando2014subspace,
  title={Subspace alignment for domain adaptation},
  author={Fernando, Basura and Habrard, Amaury and Sebban, Marc and Tuytelaars, Tinne},
  journal={arXiv preprint arXiv:1409.5241},
  year={2014}
}

@inproceedings{fernando2013unsupervised,
  title={Unsupervised visual domain adaptation using subspace alignment},
  author={Fernando, Basura and Habrard, Amaury and Sebban, Marc and Tuytelaars, Tinne},
  booktitle={Proceedings of the IEEE international conference on computer vision},
  pages={2960--2967},
  year={2013}
}

@article{neuberg2003causality,
  title={Causality: models, reasoning, and inference, by judea pearl, cambridge university press, 2000},
  author={Neuberg, Leland Gerson},
  journal={Econometric Theory},
  volume={19},
  number={4},
  pages={675--685},
  year={2003},
  publisher={cambridge university press}
}

@article{allman2009identifiability,
  title={Identifiability of parameters in latent structure models with many observed variables},
  author={Allman, Elizabeth S and Matias, Catherine and Rhodes, John A},
  year={2009}
}

@article{zhang2012identifiability,
  title={On the identifiability of the post-nonlinear causal model},
  author={Zhang, Kun and Hyvarinen, Aapo},
  journal={arXiv preprint arXiv:1205.2599},
  year={2012}
}

@article{ng2021reliable,
  title={Reliable causal discovery with improved exact search and weaker assumptions},
  author={Ng, Ignavier and Zheng, Yujia and Zhang, Jiji and Zhang, Kun},
  journal={Advances in Neural Information Processing Systems},
  volume={34},
  pages={20308--20320},
  year={2021}
}

@article{zhang2024causal,
  title={Causal Representation Learning from Multiple Distributions: A General Setting},
  author={Zhang, Kun and Xie, Shaoan and Ng, Ignavier and Zheng, Yujia},
  journal={arXiv preprint arXiv:2402.05052},
  year={2024}
}

@article{zhang2023self,
  title={Self-supervised learning for time series analysis: Taxonomy, progress, and prospects},
  author={Zhang, Kexin and Wen, Qingsong and Zhang, Chaoli and Cai, Rongyao and Jin, Ming and Liu, Yong and Zhang, James and Liang, Yuxuan and Pang, Guansong and Song, Dongjin and others},
  journal={arXiv preprint arXiv:2306.10125},
  year={2023}
}

@article{tang2021probabilistic,
  title={Probabilistic transformer for time series analysis},
  author={Tang, Binh and Matteson, David S},
  journal={Advances in Neural Information Processing Systems},
  volume={34},
  pages={23592--23608},
  year={2021}
}

@article{li2023difformer,
  title={DifFormer: Multi-Resolutional Differencing Transformer With Dynamic Ranging for Time Series Analysis},
  author={Li, Bing and Cui, Wei and Zhang, Le and Zhu, Ce and Wang, Wei and Tsang, Ivor and Zhou, Joey Tianyi},
  journal={IEEE Transactions on Pattern Analysis and Machine Intelligence},
  year={2023},
  publisher={IEEE}
}

@inproceedings{wu2022timesnet,
  title={Timesnet: Temporal 2d-variation modeling for general time series analysis},
  author={Wu, Haixu and Hu, Tengge and Liu, Yong and Zhou, Hang and Wang, Jianmin and Long, Mingsheng},
  booktitle={The eleventh international conference on learning representations},
  year={2022}
}

@inproceedings{luo2024moderntcn,
  title={ModernTCN: A modern pure convolution structure for general time series analysis},
  author={Luo, Donghao and Wang, Xue},
  booktitle={The Twelfth International Conference on Learning Representations},
  year={2024}
}

@article{bi2023accurate,
  title={Accurate medium-range global weather forecasting with 3D neural networks},
  author={Bi, Kaifeng and Xie, Lingxi and Zhang, Hengheng and Chen, Xin and Gu, Xiaotao and Tian, Qi},
  journal={Nature},
  volume={619},
  number={7970},
  pages={533--538},
  year={2023},
  publisher={Nature Publishing Group UK London}
}

@article{wu2023interpretable,
  title={Interpretable weather forecasting for worldwide stations with a unified deep model},
  author={Wu, Haixu and Zhou, Hang and Long, Mingsheng and Wang, Jianmin},
  journal={Nature Machine Intelligence},
  volume={5},
  number={6},
  pages={602--611},
  year={2023},
  publisher={Nature Publishing Group UK London}
}

@book{tsay2005analysis,
  title={Analysis of financial time series},
  author={Tsay, Ruey S},
  year={2005},
  publisher={John wiley \& sons}
}

@inproceedings{huynh2022few,
  title={Few-Shot Learnable Augmentation for Financial Time Series Prediction under Distribution Shifts},
  author={Huynh, Dat and Fons, Elizabeth and Vyetrenko, Svitlana},
  booktitle={NeurIPS 2022 Workshop on Distribution Shifts: Connecting Methods and Applications},
  year={2022}
}

@inproceedings{yang2015deep,
  title={Deep convolutional neural networks on multichannel time series for human activity recognition.},
  author={Yang, Jianbo and Nguyen, Minh Nhut and San, Phyo Phyo and Li, Xiaoli and Krishnaswamy, Shonali},
  booktitle={Ijcai},
  volume={15},
  pages={3995--4001},
  year={2015},
  organization={Buenos Aires, Argentina}
}

@article{kong2022human,
  title={Human action recognition and prediction: A survey},
  author={Kong, Yu and Fu, Yun},
  journal={International Journal of Computer Vision},
  volume={130},
  number={5},
  pages={1366--1401},
  year={2022},
  publisher={Springer}
}

@article{locatello2020sober,
  title={A sober look at the unsupervised learning of disentangled representations and their evaluation},
  author={Locatello, Francesco and Bauer, Stefan and Lucic, Mario and R{\"a}tsch, Gunnar and Gelly, Sylvain and Sch{\"o}lkopf, Bernhard and Bachem, Olivier},
  journal={Journal of Machine Learning Research},
  volume={21},
  number={209},
  pages={1--62},
  year={2020}
}

@article{hyvarinen2016unsupervised,
  title={Unsupervised feature extraction by time-contrastive learning and nonlinear ica},
  author={Hyvarinen, Aapo and Morioka, Hiroshi},
  journal={Advances in neural information processing systems},
  volume={29},
  year={2016}
}

@article{wang2019time,
  title={Time series feature learning with labeled and unlabeled data},
  author={Wang, Haishuai and Zhang, Qin and Wu, Jia and Pan, Shirui and Chen, Yixin},
  journal={Pattern Recognition},
  volume={89},
  pages={55--66},
  year={2019},
  publisher={Elsevier}
}

@article{tank2021neural,
  title={Neural granger causality},
  author={Tank, Alex and Covert, Ian and Foti, Nicholas and Shojaie, Ali and Fox, Emily B},
  journal={IEEE Transactions on Pattern Analysis and Machine Intelligence},
  volume={44},
  number={8},
  pages={4267--4279},
  year={2021},
  publisher={IEEE}
}


@article{jin2022multivariate,
  title={Multivariate time series forecasting with dynamic graph neural odes},
  author={Jin, Ming and Zheng, Yu and Li, Yuan-Fang and Chen, Siheng and Yang, Bin and Pan, Shirui},
  journal={IEEE Transactions on Knowledge and Data Engineering},
  year={2022},
  publisher={IEEE}
}

@article{hyvarinen2000independent,
  title={Independent component analysis: algorithms and applications},
  author={Hyv{\"a}rinen, Aapo and Oja, Erkki},
  journal={Neural networks},
  volume={13},
  number={4-5},
  pages={411--430},
  year={2000},
  publisher={Elsevier}
}

@article{comon1994independent,
  title={Independent component analysis, a new concept?},
  author={Comon, Pierre},
  journal={Signal processing},
  volume={36},
  number={3},
  pages={287--314},
  year={1994},
  publisher={Elsevier}
}

@article{hyvarinen2013independent,
  title={Independent component analysis: recent advances},
  author={Hyv{\"a}rinen, Aapo},
  journal={Philosophical Transactions of the Royal Society A: Mathematical, Physical and Engineering Sciences},
  volume={371},
  number={1984},
  pages={20110534},
  year={2013},
  publisher={The Royal Society Publishing}
}

@inproceedings{zhang2007kernel,
  title={Kernel-based nonlinear independent component analysis},
  author={Zhang, Kun and Chan, Laiwan},
  booktitle={International Conference on Independent Component Analysis and Signal Separation},
  pages={301--308},
  year={2007},
  organization={Springer}
}

@article{yao2021learning,
  title={Learning temporally causal latent processes from general temporal data},
  author={Yao, Weiran and Sun, Yuewen and Ho, Alex and Sun, Changyin and Zhang, Kun},
  journal={arXiv preprint arXiv:2110.05428},
  year={2021}
}

@inproceedings{khemakhem2020variational,
  title={Variational autoencoders and nonlinear ica: A unifying framework},
  author={Khemakhem, Ilyes and Kingma, Diederik and Monti, Ricardo and Hyvarinen, Aapo},
  booktitle={International Conference on Artificial Intelligence and Statistics},
  pages={2207--2217},
  year={2020},
  organization={PMLR}
}

@inproceedings{xie2022multi,
  title={Multi-domain image generation and translation with identifiability guarantees},
  author={Xie, Shaoan and Kong, Lingjing and Gong, Mingming and Zhang, Kun},
  booktitle={The Eleventh International Conference on Learning Representations},
  year={2022}
}

@article{zheng2022identifiability,
  title={On the identifiability of nonlinear ICA: Sparsity and beyond},
  author={Zheng, Yujia and Ng, Ignavier and Zhang, Kun},
  journal={Advances in Neural Information Processing Systems},
  volume={35},
  pages={16411--16422},
  year={2022}
}

@article{ng2024identifiability,
  title={On the Identifiability of Sparse ICA without Assuming Non-Gaussianity},
  author={Ng, Ignavier and Zheng, Yujia and Dong, Xinshuai and Zhang, Kun},
  journal={Advances in Neural Information Processing Systems},
  volume={36},
  year={2024}
}

@article{zheng2024generalizing,
  title={Generalizing Nonlinear ICA Beyond Structural Sparsity},
  author={Zheng, Yujia and Zhang, Kun},
  journal={Advances in Neural Information Processing Systems},
  volume={36},
  year={2024}
}

@inproceedings{zheng2019using,
  title={Using domain knowledge to overcome latent variables in causal inference from time series},
  author={Zheng, Min and Kleinberg, Samantha},
  booktitle={Machine Learning for Healthcare Conference},
  pages={474--489},
  year={2019},
  organization={PMLR}
}

@inproceedings{lachapelle2022disentanglement,
  title={Disentanglement via mechanism sparsity regularization: A new principle for nonlinear ICA},
  author={Lachapelle, S{\'e}bastien and Rodriguez, Pau and Sharma, Yash and Everett, Katie E and Le Priol, R{\'e}mi and Lacoste, Alexandre and Lacoste-Julien, Simon},
  booktitle={Conference on Causal Learning and Reasoning},
  pages={428--484},
  year={2022},
  organization={PMLR}
}

@inproceedings{halva2020hidden, title={Hidden markov nonlinear ica: Unsupervised learning from nonstationary time series}, author={H{"a}lv{"a}, Hermanni and Hyvarinen, Aapo}, booktitle={Conference on Uncertainty in Artificial Intelligence}, pages={939--948}, year={2020}, organization={PMLR} }

@article{halva2021disentangling,
  title={Disentangling identifiable features from noisy data with structured nonlinear ICA},
  author={H{\"a}lv{\"a}, Hermanni and Le Corff, Sylvain and Leh{\'e}ricy, Luc and So, Jonathan and Zhu, Yongjie and Gassiat, Elisabeth and Hyvarinen, Aapo},
  journal={Advances in Neural Information Processing Systems},
  volume={34},
  pages={1624--1633},
  year={2021}
}

@inproceedings{hyvarinen2017nonlinear,
  title={Nonlinear ICA of temporally dependent stationary sources},
  author={Hyvarinen, Aapo and Morioka, Hiroshi},
  booktitle={Artificial Intelligence and Statistics},
  pages={460--469},
  year={2017},
  organization={PMLR}
}

@inproceedings{hyvarinen2019nonlinear,
  title={Nonlinear ICA using auxiliary variables and generalized contrastive learning},
  author={Hyvarinen, Aapo and Sasaki, Hiroaki and Turner, Richard},
  booktitle={The 22nd International Conference on Artificial Intelligence and Statistics},
  pages={859--868},
  year={2019},
  organization={PMLR}
}

@inproceedings{kong2022partial,
  title={Partial disentanglement for domain adaptation},
  author={Kong, Lingjing and Xie, Shaoan and Yao, Weiran and Zheng, Yujia and Chen, Guangyi and Stojanov, Petar and Akinwande, Victor and Zhang, Kun},
  booktitle={International conference on machine learning},
  pages={11455--11472},
  year={2022},
  organization={PMLR}
}

@article{li2024subspace,
  title={Subspace identification for multi-source domain adaptation},
  author={Li, Zijian and Cai, Ruichu and Chen, Guangyi and Sun, Boyang and Hao, Zhifeng and Zhang, Kun},
  journal={Advances in Neural Information Processing Systems},
  volume={36},
  year={2024}
}

@article{yao2022temporally,
  title={Temporally disentangled representation learning},
  author={Yao, Weiran and Chen, Guangyi and Zhang, Kun},
  journal={Advances in Neural Information Processing Systems},
  volume={35},
  pages={26492--26503},
  year={2022}
}

@article{WANG2022108424,
title = {Velocity-to-velocity human motion forecasting},
journal = {Pattern Recognition},
volume = {124},
pages = {108424},
year = {2022},
issn = {0031-3203},
doi = {https://doi.org/10.1016/j.patcog.2021.108424},
author = {Hongsong Wang and Liang Wang and Jiashi Feng and Daquan Zhou},
keywords = {Human motion prediction, Action anticipation},
abstract = {Forecasting human motion from a sequence of human poses is an important problem in the fields of computer vision and robotics. Most previous approaches merely consider learning the temporal dynamics of body joints or joint angles, while neglect derivatives of body joints (i.e., pose velocities) which could reasonably reduce noise impact and improve stability. To exploit the benefits of pose velocities, we propose the velocity-to-velocity learning paradigm for human motion prediction which attempts to directly build the sequence-to-sequence model in the velocity space. Two variant architectures based on recurrent encoder-decoder networks are introduced under this paradigm. Considering human motion as kinematics of rigid bodies, joint angles which denote transformation are the computations of inverse kinematics. Accordingly, a novel loss function in terms of rotation matrices is designed during training for human motion prediction through a rotation matrix transformation (RMT) layer. Finally, we present an effective training algorithm which exploits sequence transformation to improve model generalization. Our approaches substantially outperform state-of-the-art approaches on two large-scale datasets, Human3.6M and CMU Motion Capture, for both short-term prediction and long-term prediction. In particular, our model can competently forecast human-like and meaningful poses up to 1000 milliseconds. The code is available on GitHub: https://github.com/hongsong-wang/RNN_based_human_motion_prediction.}
}

@inproceedings{
lippe2023causal,
title={Causal Representation Learning for Instantaneous and Temporal Effects in Interactive Systems},
author={Phillip Lippe and Sara Magliacane and Sindy L{\"o}we and Yuki M Asano and Taco Cohen and Efstratios Gavves},
booktitle={The Eleventh International Conference on Learning Representations },
year={2023}
}

@article{sippel2020climate,
  title={Climate change now detectable from any single day of weather at global scale},
  author={Sippel, Sebastian and Meinshausen, Nicolai and Fischer, Erich M and Sz{\'e}kely, Enik{\H{o}} and Knutti, Reto},
  journal={Nature climate change},
  volume={10},
  number={1},
  pages={35--41},
  year={2020},
  publisher={Nature Publishing Group UK London}
}

@book{macdonald2007exchange,
  title={Exchange rate economics: theories and evidence},
  author={MacDonald, Ronald},
  year={2007},
  publisher={Routledge}
}

@article{morioka2023causal,
  title={Causal Representation Learning Made Identifiable by Grouping of Observational Variables},
  author={Morioka, Hiroshi and Hyv{\"a}rinen, Aapo},
  journal={arXiv preprint arXiv:2310.15709},
  year={2023}
}

@article{higgins2017beta,
  title={beta-vae: Learning basic visual concepts with a constrained variational framework.},
  author={Higgins, Irina and Matthey, Loic and Pal, Arka and Burgess, Christopher P and Glorot, Xavier and Botvinick, Matthew M and Mohamed, Shakir and Lerchner, Alexander},
  journal={ICLR (Poster)},
  volume={3},
  year={2017}
}


@article{klindt2020towards,
  title={Towards nonlinear disentanglement in natural data with temporal sparse coding},
  author={Klindt, David and Schott, Lukas and Sharma, Yash and Ustyuzhaninov, Ivan and Brendel, Wieland and Bethge, Matthias and Paiton, Dylan},
  journal={arXiv preprint arXiv:2007.10930},
  year={2020}
}

@inproceedings{zhou2021informer,
  title={Informer: Beyond efficient transformer for long sequence time-series forecasting},
  author={Zhou, Haoyi and Zhang, Shanghang and Peng, Jieqi and Zhang, Shuai and Li, Jianxin and Xiong, Hui and Zhang, Wancai},
  booktitle={Proceedings of the AAAI conference on artificial intelligence},
  volume={35},
  number={12},
  pages={11106--11115},
  year={2021}
}



@article{makridakis2020m4,
  title={The M4 Competition: 100,000 time series and 61 forecasting methods},
  author={Makridakis, Spyros and Spiliotis, Evangelos and Assimakopoulos, Vassilios},
  journal={International Journal of Forecasting},
  volume={36},
  number={1},
  pages={54--74},
  year={2020},
  publisher={Elsevier}
}

@article{liu2023koopa,
  title={Koopa: Learning Non-stationary Time Series Dynamics with Koopman Predictors},
  author={Liu, Yong and Li, Chenyu and Wang, Jianmin and Long, Mingsheng},
  journal={arXiv preprint arXiv:2305.18803},
  year={2023}
}

@inproceedings{wang2022micn,
  title={Micn: Multi-scale local and global context modeling for long-term series forecasting},
  author={Wang, Huiqiang and Peng, Jian and Huang, Feihu and Wang, Jince and Chen, Junhui and Xiao, Yifei},
  booktitle={The Eleventh International Conference on Learning Representations},
  year={2022}
}

@inproceedings{zeng2023transformers,
  title={Are transformers effective for time series forecasting?},
  author={Zeng, Ailing and Chen, Muxi and Zhang, Lei and Xu, Qiang},
  booktitle={Proceedings of the AAAI conference on artificial intelligence},
  volume={37},
  number={9},
  pages={11121--11128},
  year={2023}
}

@inproceedings{jia2023witran,
  title={WITRAN: Water-wave Information Transmission and Recurrent Acceleration Network for Long-range Time Series Forecasting},
  author={Jia, Yuxin and Lin, Youfang and Hao, Xinyan and Lin, Yan and Guo, Shengnan and Wan, Huaiyu},
  booktitle={Thirty-seventh Conference on Neural Information Processing Systems},
  year={2023}
}


@inproceedings{kim2021reversible,
  title={Reversible instance normalization for accurate time-series forecasting against distribution shift},
  author={Kim, Taesung and Kim, Jinhee and Tae, Yunwon and Park, Cheonbok and Choi, Jang-Ho and Choo, Jaegul},
  booktitle={International Conference on Learning Representations},
  year={2021}
}

@article{liu2022non,
  title={Non-stationary transformers: Exploring the stationarity in time series forecasting},
  author={Liu, Yong and Wu, Haixu and Wang, Jianmin and Long, Mingsheng},
  journal={Advances in Neural Information Processing Systems},
  volume={35},
  pages={9881--9893},
  year={2022}
}

@inproceedings{liu2023adaptive,
  title={Adaptive Normalization for Non-stationary Time Series Forecasting: A Temporal Slice Perspective},
  author={Liu, Zhiding and Cheng, Mingyue and Li, Zhi and Huang, Zhenya and Liu, Qi and Xie, Yanhu and Chen, Enhong},
  booktitle={Thirty-seventh Conference on Neural Information Processing Systems},
  year={2023}
}


@article{liu2024koopa,
  title={Koopa: Learning non-stationary time series dynamics with koopman predictors},
  author={Liu, Yong and Li, Chenyu and Wang, Jianmin and Long, Mingsheng},
  journal={Advances in Neural Information Processing Systems},
  volume={36},
  year={2024}
}
@article{gu2023mamba,
  title={Mamba: Linear-time sequence modeling with selective state spaces},
  author={Gu, Albert and Dao, Tri},
  journal={arXiv preprint arXiv:2312.00752},
  year={2023}
}
@article{wu2021autoformer,
  title={Autoformer: Decomposition transformers with auto-correlation for long-term series forecasting},
  author={Wu, Haixu and Xu, Jiehui and Wang, Jianmin and Long, Mingsheng},
  journal={Advances in Neural Information Processing Systems},
  volume={34},
  pages={22419--22430},
  year={2021}
}

@article{kingma2014adam,
  title={Adam: A method for stochastic optimization},
  author={Kingma, Diederik P and Ba, Jimmy},
  journal={arXiv preprint arXiv:1412.6980},
  year={2014}
}

@inproceedings{kim2018disentangling,
  title={Disentangling by factorising},
  author={Kim, Hyunjik and Mnih, Andriy},
  booktitle={International conference on machine learning},
  pages={2649--2658},
  year={2018},
  organization={PMLR}
}

@inproceedings{wang2023card,
  title={CARD: Channel Aligned Robust Blend Transformer for Time Series Forecasting},
  author={Wang, Xue and Zhou, Tian and Wen, Qingsong and Gao, Jinyang and Ding, Bolin and Jin, Rong},
  booktitle={The Twelfth International Conference on Learning Representations},
  year={2023}
}

@inproceedings{
xu2024fits,
title={{FITS}: Modeling Time Series with \$10k\$ Parameters},
author={Zhijian Xu and Ailing Zeng and Qiang Xu},
booktitle={The Twelfth International Conference on Learning Representations},
year={2024}
}

@inproceedings{
liu2024itransformer,
title={iTransformer: Inverted Transformers Are Effective for Time Series Forecasting},
author={Yong Liu and Tengge Hu and Haoran Zhang and Haixu Wu and Shiyu Wang and Lintao Ma and Mingsheng Long},
booktitle={The Twelfth International Conference on Learning Representations},
year={2024}
}


@inproceedings{kong2023understanding,
  title={Understanding Masked Autoencoders via Hierarchical Latent Variable Models},
  author={Kong, Lingjing and Ma, Martin Q and Chen, Guangyi and Xing, Eric P and Chi, Yuejie and Morency, Louis-Philippe and Zhang, Kun},
  booktitle={Proceedings of the IEEE/CVF Conference on Computer Vision and Pattern Recognition},
  pages={7918--7928},
  year={2023}
}


@inproceedings{yan2023counterfactual,
  title={Counterfactual Generation with Identifiability Guarantees},
  author={Yan, Hanqi and Kong, Lingjing and Gui, Lin and Chi, Yujie and Xing, Eric and He, Yulan and Zhang, Kun},
  booktitle={37th International Conference on Neural Information Processing Systems, NeurIPS 2023},
  year={2023}
}

@article{kong2023identification,
  title={Identification of Nonlinear Latent Hierarchical Models},
  author={Kong, Lingjing and Huang, Biwei and Xie, Feng and Xing, Eric and Chi, Yuejie and Zhang, Kun},
  journal={arXiv preprint arXiv:2306.07916},
  year={2023}
}


@book{lee1998independent,
  title={Independent component analysis},
  author={Lee, Te-Won and Lee, Te-Won},
  year={1998},
  publisher={Springer}
}



@article{hyvarinen1999nonlinear,
  title={Nonlinear independent component analysis: Existence and uniqueness results},
  author={Hyv{\"a}rinen, Aapo and Pajunen, Petteri},
  journal={Neural networks},
  volume={12},
  number={3},
  pages={429--439},
  year={1999},
  publisher={Elsevier}
}


@article{hyvarinen2023identifiability,
  title={Identifiability of latent-variable and structural-equation models: from linear to nonlinear},
  author={Hyv{\"a}rinen, Aapo and Khemakhem, Ilyes and Monti, Ricardo},
  journal={arXiv preprint arXiv:2302.02672},
  year={2023}
}


@article{khemakhem2020ice,
  title={Ice-beem: Identifiable conditional energy-based deep models based on nonlinear ica},
  author={Khemakhem, Ilyes and Monti, Ricardo and Kingma, Diederik and Hyvarinen, Aapo},
  journal={Advances in Neural Information Processing Systems},
  volume={33},
  pages={12768--12778},
  year={2020}
}


@article{li2023identifying,
  title={Identifying Semantic Component for Robust Molecular Property Prediction},
  author={Li, Zijian and Xu, Zunhong and Cai, Ruichu and Yang, Zhenhui and Yan, Yuguang and Hao, Zhifeng and Chen, Guangyi and Zhang, Kun},
  journal={arXiv preprint arXiv:2311.04837},
  year={2023}
}

@article{xu2024sparsity,
  title={A Sparsity Principle for Partially Observable Causal Representation Learning},
  author={Xu, Danru and Yao, Dingling and Lachapelle, S{\'e}bastien and Taslakian, Perouz and von K{\"u}gelgen, Julius and Locatello, Francesco and Magliacane, Sara},
  journal={arXiv preprint arXiv:2403.08335},
  year={2024}
}

@article{lachapelle2024nonparametric,
  title={Nonparametric Partial Disentanglement via Mechanism Sparsity: Sparse Actions, Interventions and Sparse Temporal Dependencies},
  author={Lachapelle, S{\'e}bastien and L{\'o}pez, Pau Rodr{\'\i}guez and Sharma, Yash and Everett, Katie and Priol, R{\'e}mi Le and Lacoste, Alexandre and Lacoste-Julien, Simon},
  journal={arXiv preprint arXiv:2401.04890},
  year={2024}
}

@inproceedings{lachapelle2023synergies,
  title={Synergies between disentanglement and sparsity: Generalization and identifiability in multi-task learning},
  author={Lachapelle, S{\'e}bastien and Deleu, Tristan and Mahajan, Divyat and Mitliagkas, Ioannis and Bengio, Yoshua and Lacoste-Julien, Simon and Bertrand, Quentin},
  booktitle={International Conference on Machine Learning},
  pages={18171--18206},
  year={2023},
  organization={PMLR}
}

@article{lachapelle2022partial,
  title={Partial disentanglement via mechanism sparsity},
  author={Lachapelle, S{\'e}bastien and Lacoste-Julien, Simon},
  journal={arXiv preprint arXiv:2207.07732},
  year={2022}
}

@article{huang2023latent,
  title={Latent processes identification from multi-view time series},
  author={Huang, Zenan and Wang, Haobo and Zhao, Junbo and Zheng, Nenggan},
  journal={arXiv preprint arXiv:2305.08164},
  year={2023}
}

@inproceedings{lippe2022citris,
  title={Citris: Causal identifiability from temporal intervened sequences},
  author={Lippe, Phillip and Magliacane, Sara and L{\"o}we, Sindy and Asano, Yuki M and Cohen, Taco and Gavves, Stratis},
  booktitle={International Conference on Machine Learning},
  pages={13557--13603},
  year={2022},
  organization={PMLR}
}

@article{yao2023multi,
  title={Multi-view causal representation learning with partial observability},
  author={Yao, Dingling and Xu, Danru and Lachapelle, S{\'e}bastien and Magliacane, Sara and Taslakian, Perouz and Martius, Georg and von K{\"u}gelgen, Julius and Locatello, Francesco},
  journal={arXiv preprint arXiv:2311.04056},
  year={2023}
}

@article{scholkopf2021toward,
  title={Toward causal representation learning},
  author={Sch{\"o}lkopf, Bernhard and Locatello, Francesco and Bauer, Stefan and Ke, Nan Rosemary and Kalchbrenner, Nal and Goyal, Anirudh and Bengio, Yoshua},
  journal={Proceedings of the IEEE},
  volume={109},
  number={5},
  pages={612--634},
  year={2021},
  publisher={IEEE}
}

@inproceedings{Liu2023CausalTriplet,
  title={Causal Triplet: An Open Challenge for Intervention-centric Causal Representation Learning},
  author={Liu, Yuejiang and Alahi, Alexandre and Russell, Chris and Horn, Max and Zietlow, Dominik and Sch{\"o}lkopf, Bernhard and Locatello, Francesco},
  booktitle={2nd Conference on Causal Learning and Reasoning (CLeaR)},
  year={2023}
}

@inproceedings{gresele2020incomplete,
  title={The incomplete rosetta stone problem: Identifiability results for multi-view nonlinear ica},
  author={Gresele, Luigi and Rubenstein, Paul K and Mehrjou, Arash and Locatello, Francesco and Sch{\"o}lkopf, Bernhard},
  booktitle={Uncertainty in Artificial Intelligence},
  pages={217--227},
  year={2020},
  organization={PMLR}
}

@article{rajendran2024learning,
  title={Learning Interpretable Concepts: Unifying Causal Representation Learning and Foundation Models},
  author={Rajendran, Goutham and Buchholz, Simon and Aragam, Bryon and Sch{\"o}lkopf, Bernhard and Ravikumar, Pradeep},
  journal={arXiv preprint arXiv:2402.09236},
  year={2024}
}

@article{hartford2022beyond,
  title={Beyond the injective assumption in causal representation learning},
  author={Hartford, Jason and Ahuja, Kartik and Bengio, Yoshua and Sridhar, Dhanya},
  year={2022}
}

@article{mansouri2023object,
  title={Object-centric architectures enable efficient causal representation learning},
  author={Mansouri, Amin and Hartford, Jason and Zhang, Yan and Bengio, Yoshua},
  journal={arXiv preprint arXiv:2310.19054},
  year={2023}
}

@article{wendong2024causal,
  title={Causal component analysis},
  author={Wendong, Liang and Keki{\'c}, Armin and von K{\"u}gelgen, Julius and Buchholz, Simon and Besserve, Michel and Gresele, Luigi and Sch{\"o}lkopf, Bernhard},
  journal={Advances in Neural Information Processing Systems},
  volume={36},
  year={2024}
}

@inproceedings{chen2024identification,
  title={Identification of Causal Structure with Latent Variables Based on Higher Order Cumulants},
  author={Chen, Wei and Huang, Zhiyi and Cai, Ruichu and Hao, Zhifeng and Zhang, Kun},
  booktitle={Proceedings of the AAAI Conference on Artificial Intelligence},
  volume={38},
  number={18},
  pages={20353--20361},
  year={2024}
}

@article{lachapelle2024additive,
  title={Additive decoders for latent variables identification and cartesian-product extrapolation},
  author={Lachapelle, S{\'e}bastien and Mahajan, Divyat and Mitliagkas, Ioannis and Lacoste-Julien, Simon},
  journal={Advances in Neural Information Processing Systems},
  volume={36},
  year={2024}
}

@inproceedings{monti2020causal,
  title={Causal discovery with general non-linear relationships using non-linear ica},
  author={Monti, Ricardo Pio and Zhang, Kun and Hyv{\"a}rinen, Aapo},
  booktitle={Uncertainty in artificial intelligence},
  pages={186--195},
  year={2020},
  organization={PMLR}
}

@inproceedings{tashiro2012estimation,
  title={Estimation of causal orders in a linear non-Gaussian acyclic model: a method robust against latent confounders},
  author={Tashiro, Tatsuya and Shimizu, Shohei and Hyv{\"a}rinen, Aapo and Washio, Takashi},
  booktitle={Artificial Neural Networks and Machine Learning--ICANN 2012: 22nd International Conference on Artificial Neural Networks, Lausanne, Switzerland, September 11-14, 2012, Proceedings, Part I 22},
  pages={491--498},
  year={2012},
  organization={Springer}
}

@article{huang2022latent,
  title={Latent hierarchical causal structure discovery with rank constraints},
  author={Huang, Biwei and Low, Charles Jia Han and Xie, Feng and Glymour, Clark and Zhang, Kun},
  journal={Advances in Neural Information Processing Systems},
  volume={35},
  pages={5549--5561},
  year={2022}
}

@article{kong2024identification,
  title={Identification of nonlinear latent hierarchical models},
  author={Kong, Lingjing and Huang, Biwei and Xie, Feng and Xing, Eric and Chi, Yuejie and Zhang, Kun},
  journal={Advances in Neural Information Processing Systems},
  volume={36},
  year={2024}
}

@article{cai2019triad,
  title={Triad constraints for learning causal structure of latent variables},
  author={Cai, Ruichu and Xie, Feng and Glymour, Clark and Hao, Zhifeng and Zhang, Kun},
  journal={Advances in neural information processing systems},
  volume={32},
  year={2019}
}

@inproceedings{xie2022identification,
  title={Identification of linear non-gaussian latent hierarchical structure},
  author={Xie, Feng and Huang, Biwei and Chen, Zhengming and He, Yangbo and Geng, Zhi and Zhang, Kun},
  booktitle={International Conference on Machine Learning},
  pages={24370--24387},
  year={2022},
  organization={PMLR}
}


@book{adak1996time,
  title={Time-dependent spectral analysis of nonstationary time series},
  author={Adak, Sudeshna},
  year={1996},
  publisher={Stanford University}
}


@article{koutlis2019identification,
  title={Identification of hidden sources by estimating instantaneous causality in high-dimensional biomedical time series},
  author={Koutlis, Christos and Kimiskidis, Vasilios K and Kugiumtzis, Dimitris},
  journal={International Journal of Neural Systems},
  volume={29},
  number={04},
  pages={1850051},
  year={2019},
  publisher={World Scientific}
}

@article{gersch1985modeling,
  title={Modeling nonstationary time series and inferring instantaneous dependency, feedback and causality: An application to human epileptic seizure event data},
  author={Gersch, W},
  journal={IFAC Proceedings Volumes},
  volume={18},
  number={5},
  pages={737--742},
  year={1985},
  publisher={Elsevier}
}


@inproceedings{jamaludeen2022discovering,
  title={Discovering Instantaneous Granger Causalities in Non-stationary Categorical Time Series Data},
  author={Jamaludeen, Noor and Unnikrishnan, Vishnu and Brechmann, Andr{\'e} and Spiliopoulou, Myra},
  booktitle={International Conference on Artificial Intelligence in Medicine},
  pages={200--209},
  year={2022},
  organization={Springer}
}

@article{swanson1997impulse,
  title={Impulse response functions based on a causal approach to residual orthogonalization in vector autoregressions},
  author={Swanson, Norman R and Granger, Clive WJ},
  journal={Journal of the American Statistical Association},
  pages={357--367},
  year={1997},
  publisher={JSTOR}
}

@article{hyvarinen2010estimation,
  title={Estimation of a structural vector autoregression model using non-gaussianity.},
  author={Hyv{\"a}rinen, Aapo and Zhang, Kun and Shimizu, Shohei and Hoyer, Patrik O},
  journal={Journal of Machine Learning Research},
  volume={11},
  number={5},
  year={2010}
}

@inproceedings{gong2015discovering,
  title={Discovering temporal causal relations from subsampled data},
  author={Gong, Mingming and Zhang, Kun and Schoelkopf, Bernhard and Tao, Dacheng and Geiger, Philipp},
  booktitle={International Conference on Machine Learning},
  pages={1898--1906},
  year={2015},
  organization={PMLR}
}

@inproceedings{gong2017causal,
  title={Causal discovery from temporally aggregated time series},
  author={Gong, Mingming and Zhang, Kun and Sch{\"o}lkopf, Bernhard and Glymour, Clark and Tao, Dacheng},
  booktitle={Uncertainty in artificial intelligence: proceedings of the... conference. Conference on Uncertainty in Artificial Intelligence},
  volume={2017},
  year={2017},
  organization={NIH Public Access}
}

@article{zhu2023beware,
  title={Beware of Instantaneous Dependence in Reinforcement Learning},
  author={Zhu, Zhengmao and Liu, Yuren and Tian, Honglong and Yu, Yang and Zhang, Kun},
  journal={arXiv preprint arXiv:2303.05458},
  year={2023}
}

@book{hyndman2018forecasting,
  title={Forecasting: principles and practice},
  author={Hyndman, Rob J and Athanasopoulos, George},
  year={2018},
  publisher={OTexts}
}

@article{box1970distribution,
  title={Distribution of residual autocorrelations in autoregressive-integrated moving average time series models},
  author={Box, George EP and Pierce, David A},
  journal={Journal of the American statistical Association},
  volume={65},
  number={332},
  pages={1509--1526},
  year={1970},
  publisher={Taylor \& Francis}
}

@article{wu2023hierarchical,
  title={Hierarchical topological ordering with conditional independence test for limited time series},
  author={Wu, Anpeng and Li, Haoxuan and Kuang, Kun and Zhang, Keli and Wu, Fei},
  journal={arXiv preprint arXiv:2308.08148},
  year={2023}
}

@article{hochreiter1997long,
  title={Long short-term memory},
  author={Hochreiter, Sepp and Schmidhuber, J{\"u}rgen},
  journal={Neural computation},
  volume={9},
  number={8},
  pages={1735--1780},
  year={1997},
  publisher={MIT press}
}

@inproceedings{lai2018modeling,
  title={Modeling long-and short-term temporal patterns with deep neural networks},
  author={Lai, Guokun and Chang, Wei-Cheng and Yang, Yiming and Liu, Hanxiao},
  booktitle={The 41st international ACM SIGIR conference on research \& development in information retrieval},
  pages={95--104},
  year={2018}
}

@article{salinas2020deepar,
  title={DeepAR: Probabilistic forecasting with autoregressive recurrent networks},
  author={Salinas, David and Flunkert, Valentin and Gasthaus, Jan and Januschowski, Tim},
  journal={International Journal of Forecasting},
  volume={36},
  number={3},
  pages={1181--1191},
  year={2020},
  publisher={Elsevier}
}

@article{bai2018empirical,
  title={An empirical evaluation of generic convolutional and recurrent networks for sequence modeling},
  author={Bai, Shaojie and Kolter, J Zico and Koltun, Vladlen},
  journal={arXiv preprint arXiv:1803.01271},
  year={2018}
}


@article{gu2022parameterization,
  title={On the parameterization and initialization of diagonal state space models},
  author={Gu, Albert and Goel, Karan and Gupta, Ankit and R{\'e}, Christopher},
  journal={Advances in Neural Information Processing Systems},
  volume={35},
  pages={35971--35983},
  year={2022}
}

@article{gu2021combining,
  title={Combining recurrent, convolutional, and continuous-time models with linear state space layers},
  author={Gu, Albert and Johnson, Isys and Goel, Karan and Saab, Khaled and Dao, Tri and Rudra, Atri and R{\'e}, Christopher},
  journal={Advances in neural information processing systems},
  volume={34},
  pages={572--585},
  year={2021}
}

@article{gu2021efficiently,
  title={Efficiently modeling long sequences with structured state spaces},
  author={Gu, Albert and Goel, Karan and R{\'e}, Christopher},
  journal={arXiv preprint arXiv:2111.00396},
  year={2021}
}

@article{gu2020hippo,
  title={Hippo: Recurrent memory with optimal polynomial projections},
  author={Gu, Albert and Dao, Tri and Ermon, Stefano and Rudra, Atri and R{\'e}, Christopher},
  journal={Advances in neural information processing systems},
  volume={33},
  pages={1474--1487},
  year={2020}
}

@article{smith2022simplified,
  title={Simplified state space layers for sequence modeling},
  author={Smith, Jimmy TH and Warrington, Andrew and Linderman, Scott W},
  journal={arXiv preprint arXiv:2208.04933},
  year={2022}
}

@article{nie2022time,
  title={A time series is worth 64 words: Long-term forecasting with transformers},
  author={Nie, Yuqi and Nguyen, Nam H and Sinthong, Phanwadee and Kalagnanam, Jayant},
  journal={arXiv preprint arXiv:2211.14730},
  year={2022}
}

@ARTICLE{6682899,
  author={Ionescu, Catalin and Papava, Dragos and Olaru, Vlad and Sminchisescu, Cristian},
  journal={IEEE Transactions on Pattern Analysis and Machine Intelligence}, 
  title={Human3.6M: Large Scale Datasets and Predictive Methods for 3D Human Sensing in Natural Environments}, 
  year={2014},
  volume={36},
  number={7},
  pages={1325-1339},
  keywords={Three-dimensional displays;Sensors;Training;Cameras;Joints;Solid modeling;Estimation;Modeling and recovery of physical attributes;Motion;3D human pose estimation;human motion capture data;articulated body modeling;optimization;large-scale learning;structured prediction;Fourier kernel approximations},
  doi={10.1109/TPAMI.2013.248}}

@article{DBLP:journals/ijcv/SigalBB10,
  author       = {Leonid Sigal and
                  Alexandru O. Balan and
                  Michael J. Black},
  title        = {HumanEva: Synchronized Video and Motion Capture Dataset and Baseline
                  Algorithm for Evaluation of Articulated Human Motion},
  journal      = {Int. J. Comput. Vis.},
  volume       = {87},
  number       = {1-2},
  pages        = {4--27},
  year         = {2010},
  doi          = {10.1007/S11263-009-0273-6},
  timestamp    = {Thu, 25 Apr 2024 15:20:48 +0200},
  bibsource    = {dblp computer science bibliography, https://dblp.org}
}


@article{ionescu20136m,
  title={6M: Large Scale Datasets and Predictive Methods for 3D Human Sensing in Natural Environments., 2014, 36},
  author={Ionescu, C and Papava, D and Olaru, V},
  journal={DOI: https://doi. org/10.1109/TPAMI},
  pages={1325--1339},
  year={2013}
}

@inproceedings{wang2023sensor, title={Sensor alignment for multivariate time-series unsupervised domain adaptation}, author={Wang, Yucheng and Xu, Yuecong and Yang, Jianfei and Chen, Zhenghua and Wu, Min and Li, Xiaoli and Xie, Lihua}, booktitle={Proceedings of the AAAI Conference on Artificial Intelligence}, volume={37}, number={8}, pages={10253--10261}, year={2023} }

@article{wilson2023calda,
  title={CALDA: Improving multi-source time series domain adaptation with contrastive adversarial learning},
  author={Wilson, Garrett and Doppa, Janardhan Rao and Cook, Diane J},
  journal={IEEE transactions on pattern analysis and machine intelligence},
  year={2023},
  publisher={IEEE}
}

@article{hoyeztime,
  title={Which Time Series Domain Shifts can Neural Networks Adapt to?},
  author={Hoyez, Henri and Mirbach, Bruno and Rambach, Jason and Schockaert, Cedric and Stricker, Didier}
}

@article{sugiyama2007covariate,
  title={Covariate shift adaptation by importance weighted cross validation.},
  author={Sugiyama, Masashi and Krauledat, Matthias and M{\"u}ller, Klaus-Robert},
  journal={Journal of Machine Learning Research},
  volume={8},
  number={5},
  year={2007}
}

@inproceedings{lipton2018detecting,
  title={Detecting and correcting for label shift with black box predictors},
  author={Lipton, Zachary and Wang, Yu-Xiang and Smola, Alexander},
  booktitle={International conference on machine learning},
  pages={3122--3130},
  year={2018},
  organization={PMLR}
}


@article{LI2024106659,
title = {Time-series domain adaptation via sparse associative structure alignment: Learning invariance and variance},
journal = {Neural Networks},
volume = {180},
pages = {106659},
year = {2024},
issn = {0893-6080},
doi = {https://doi.org/10.1016/j.neunet.2024.106659},
url = {https://www.sciencedirect.com/science/article/pii/S0893608024005835},
author = {Zijian Li and Ruichu Cai and Jiawei Chen and Yuguang Yan and Wei Chen and Keli Zhang and Junjian Ye},
keywords = {Time series data, Time series domain adaptation, Transfer learning},
abstract = {Domain adaptation on time-series data, which is often encountered in the field of industry, like anomaly detection and sensor data forecasting, but received limited attention in academia, is an important but challenging task in real-world scenarios. Most of the existing methods for time-series data use the covariate shift assumption for non-time-series data to extract the domain-invariant representation, but this assumption is hard to meet in practice due to the complex dependence among variables and a small change of the time lags may lead to a huge change of future values. To address this challenge, we leverage the stableness of causal structures among different domains. To further avoid the strong assumptions in causal discovery like linear non-Gaussian assumption, we relax it to mine the stable sparse associative structures instead of discovering the causal structures directly. Besides the domain-invariant structures, we also find that some domain-specific information like the strengths of the structures is important for prediction. Based on the aforementioned intuition, we extend the sparse associative structure alignment model in the conference version to the Sparse Associative Structure Alignment model with domain-specific information enhancement (SASA2 in short), which aligns the invariant unweighted spare associative structures and considers the variant information for time-series unsupervised domain adaptation. Specifically, we first generate the segment set to exclude the obstacle of offsets. Second, we extract the unweighted sparse associative structures via sparse attention mechanisms. Third, we extract the domain-specific information via an autoregressive module. Finally, we employ a unidirectional alignment restriction to guide the transformation from the source to the target. Moreover, we further provide a generalization analysis to show the theoretical superiority of our method. Compared with existing methods, our method yields state-of-the-art performance, with a 5% relative improvement in three real-world datasets, covering different applications: air quality, in-hospital healthcare, and anomaly detection. Furthermore, visualization results of sparse associative structures illustrate what knowledge can be transferred, boosting the transparency and interpretability of our method.}
}

@article{wang2024sea++,
  title={SEA++: Multi-Graph-based Higher-Order Sensor Alignment for Multivariate Time-Series Unsupervised Domain Adaptation},
  author={Wang, Yucheng and Xu, Yuecong and Yang, Jianfei and Wu, Min and Li, Xiaoli and Xie, Lihua and Chen, Zhenghua},
  journal={IEEE transactions on pattern analysis and machine intelligence},
  year={2024},
  publisher={IEEE}
}

@article{khanna2019economy,
  title={Economy statistical recurrent units for inferring nonlinear granger causality},
  author={Khanna, Saurabh and Tan, Vincent YF},
  journal={arXiv preprint arXiv:1911.09879},
  year={2019}
}


@article{wen2019bayesian,
  title={Bayesian uncertainty matching for unsupervised domain adaptation},
  author={Wen, Jun and Zheng, Nenggan and Yuan, Junsong and Gong, Zhefeng and Chen, Changyou},
  journal={arXiv preprint arXiv:1906.09693},
  year={2019}
}

@article{bousmalis2016domain,
  title={Domain separation networks},
  author={Bousmalis, Konstantinos and Trigeorgis, George and Silberman, Nathan and Krishnan, Dilip and Erhan, Dumitru},
  journal={Advances in neural information processing systems},
  volume={29},
  year={2016}
}

@inproceedings{chen2019joint,
  title={Joint domain alignment and discriminative feature learning for unsupervised deep domain adaptation},
  author={Chen, Chao and Chen, Zhihong and Jiang, Boyuan and Jin, Xinyu},
  booktitle={Proceedings of the AAAI conference on artificial intelligence},
  volume={33},
  number={01},
  pages={3296--3303},
  year={2019}
}


@inproceedings{chen2019progressive,
  title={Progressive feature alignment for unsupervised domain adaptation},
  author={Chen, Chaoqi and Xie, Weiping and Huang, Wenbing and Rong, Yu and Ding, Xinghao and Huang, Yue and Xu, Tingyang and Huang, Junzhou},
  booktitle={Proceedings of the IEEE/CVF conference on computer vision and pattern recognition},
  pages={627--636},
  year={2019}
}

\@article{kang2020contrastive,
  title={Contrastive adaptation network for single-and multi-source domain adaptation},
  author={Kang, Guoliang and Jiang, Lu and Wei, Yunchao and Yang, Yi and Hauptmann, Alexander},
  journal={IEEE transactions on pattern analysis and machine intelligence},
  volume={44},
  number={4},
  pages={1793--1804},
  year={2020},
  publisher={IEEE}
}

@article{garg2020unified,
  title={A unified view of label shift estimation},
  author={Garg, Saurabh and Wu, Yifan and Balakrishnan, Sivaraman and Lipton, Zachary},
  journal={Advances in Neural Information Processing Systems},
  volume={33},
  pages={3290--3300},
  year={2020}
}


@article{roberts2022unsupervised,
  title={Unsupervised learning under latent label shift},
  author={Roberts, Manley and Mani, Pranav and Garg, Saurabh and Lipton, Zachary},
  journal={Advances in Neural Information Processing Systems},
  volume={35},
  pages={18763--18778},
  year={2022}
}

@inproceedings{wen2020domain,
  title={Domain aggregation networks for multi-source domain adaptation},
  author={Wen, Junfeng and Greiner, Russell and Schuurmans, Dale},
  booktitle={International conference on machine learning},
  pages={10214--10224},
  year={2020},
  organization={PMLR}
}


@article{li2024identification,
  title={On the Identification of Temporally Causal Representation with Instantaneous Dependence},
  author={Li, Zijian and Shen, Yifan and Zheng, Kaitao and Cai, Ruichu and Song, Xiangchen and Gong, Mingming and Hao, Zhifeng and Zhu, Zhengmao and Chen, Guangyi and Zhang, Kun},
  journal={arXiv preprint arXiv:2405.15325},
  year={2024}
}


@inproceedings{lin2024root,
  title={Root Cause Analysis in Microservice Using Neural Granger Causal Discovery},
  author={Lin, Cheng-Ming and Chang, Ching and Wang, Wei-Yao and Wang, Kuang-Da and Peng, Wen-Chih},
  booktitle={Proceedings of the AAAI Conference on Artificial Intelligence},
  volume={38},
  number={1},
  pages={206--213},
  year={2024}
}

@inproceedings{gong2023causal,
  title={Causal discovery from temporal data},
  author={Gong, Chang and Yao, Di and Zhang, Chuzhe and Li, Wenbin and Bi, Jingping and Du, Lun and Wang, Jin},
  booktitle={Proceedings of the 29th ACM SIGKDD Conference on Knowledge Discovery and Data Mining},
  pages={5803--5804},
  year={2023}
}

@inproceedings{lozano2009grouped,
  title={Grouped graphical Granger modeling methods for temporal causal modeling},
  author={Lozano, Aurelie C and Abe, Naoki and Liu, Yan and Rosset, Saharon},
  booktitle={Proceedings of the 15th ACM SIGKDD international conference on Knowledge discovery and data mining},
  pages={577--586},
  year={2009}
}

@book{hamilton2020time,
  title={Time series analysis},
  author={Hamilton, James D},
  year={2020},
  publisher={Princeton university press}
}

@article{yuan2006model,
  title={Model selection and estimation in regression with grouped variables},
  author={Yuan, Ming and Lin, Yi},
  journal={Journal of the Royal Statistical Society Series B: Statistical Methodology},
  volume={68},
  number={1},
  pages={49--67},
  year={2006},
  publisher={Oxford University Press}
}

@article{cheng2023cuts,
  title={Cuts: Neural causal discovery from irregular time-series data},
  author={Cheng, Yuxiao and Yang, Runzhao and Xiao, Tingxiong and Li, Zongren and Suo, Jinli and He, Kunlun and Dai, Qionghai},
  journal={arXiv preprint arXiv:2302.07458},
  year={2023}
}

@inproceedings{cheng2024cuts+,
  title={CUTS+: High-dimensional causal discovery from irregular time-series},
  author={Cheng, Yuxiao and Li, Lianglong and Xiao, Tingxiong and Li, Zongren and Suo, Jinli and He, Kunlun and Dai, Qionghai},
  booktitle={Proceedings of the AAAI Conference on Artificial Intelligence},
  volume={38},
  number={10},
  pages={11525--11533},
  year={2024}
}
