@inproceedings{leino2010dafny,
    author    = "K. Rustan M. Leino",
    title     = "Dafny: An automatic program verifier for functional correctness",
    booktitle = "International Conference on Logic for Programming, Artificial Intelligence, and Reasoning",
    pages     = "348--370",
    publisher = "Springer",
    year      = "2010"
}

@article{misu2024towards,
  title={Towards ai-assisted synthesis of verified dafny methods},
  author={Misu, Md Rakib Hossain and Lopes, Cristina V and Ma, Iris and Noble, James},
  journal={Proceedings of the ACM on Software Engineering},
  volume={1},
  number={FSE},
  pages={812--835},
  year={2024},
  publisher={ACM New York, NY, USA}
}

@misc{openai_gpt4turbo_docs,
  author       = {OpenAI},
  title        = {GPT-4 and GPT-4 Turbo Documentation},
  year         = {2024},
  url          = {https://platform.openai.com/docs/models/gpt-4-and-gpt-4-turbo#gpt-4-turbo-and-gpt-4},
  note         = {Accessed: 2024-11-25}
}

@article{doumler2024contracts,
  title={Contracts for C+},
  author={Doumler, Timur and Krzemie{\'n}ski, Andrzej and A{\v{z}}man, Ga{\v{s}}per and Dionne, Louis and Honermann, Tom and Lakos, John and Lippincott, Lisa and Maurer, Jens and McDougall, Ryan and Merrill, Jason and others},
  year={2024}
}

@article{ma2024specgen,
  title={SpecGen: Automated Generation of Formal Program Specifications via Large Language Models},
  author={Ma, Lezhi and Liu, Shangqing and Li, Yi and Xie, Xiaofei and Bu, Lei},
  journal={arXiv preprint arXiv:2401.08807},
  year={2024}
}
@inproceedings{xia2024automated,
  title={Automated program repair via conversation: Fixing 162 out of 337 bugs for \$0.42 each using chatgpt},
  author={Xia, Chunqiu Steven and Zhang, Lingming},
  booktitle={Proceedings of the 33rd ACM SIGSOFT International Symposium on Software Testing and Analysis},
  pages={819--831},
  year={2024}
}
@inproceedings{siddiq2024using,
  title={Using large language models to generate junit tests: An empirical study},
  author={Siddiq, Mohammed Latif and Da Silva Santos, Joanna Cecilia and Tanvir, Ridwanul Hasan and Ulfat, Noshin and Al Rifat, Fahmid and Carvalho Lopes, Vin{\'\i}cius},
  booktitle={Proceedings of the 28th International Conference on Evaluation and Assessment in Software Engineering},
  pages={313--322},
  year={2024}
}
@inproceedings{alshahwan2024automated,
  title={Automated unit test improvement using large language models at meta},
  author={Alshahwan, Nadia and Chheda, Jubin and Finogenova, Anastasia and Gokkaya, Beliz and Harman, Mark and Harper, Inna and Marginean, Alexandru and Sengupta, Shubho and Wang, Eddy},
  booktitle={Companion Proceedings of the 32nd ACM International Conference on the Foundations of Software Engineering},
  pages={185--196},
  year={2024}
}

@article{hoare1969axiomatic,
    author  = "C. A. R. Hoare",
    title   = "An axiomatic basis for computer programming",
    journal = "Communications of the ACM",
    volume  = "12",
    number  = "10",
    pages   = "576--580",
    year    = "1969"
}

@article{woodcock2009formal,
  title={Formal methods: Practice and experience},
  author={Woodcock, Jim and Larsen, Peter Gorm and Bicarregui, Juan and Fitzgerald, John},
  journal={ACM computing surveys (CSUR)},
  volume={41},
  number={4},
  pages={1--36},
  year={2009},
  publisher={ACM New York, NY, USA}
}
@article{calcagno2011compositional,
  title={Compositional shape analysis by means of bi-abduction},
  author={Calcagno, Cristiano and Distefano, Dino and Oâ€™hearn, Peter W and Yang, Hongseok},
  journal={Journal of the ACM (JACM)},
  volume={58},
  number={6},
  pages={1--66},
  year={2011},
  publisher={ACM New York, NY, USA}
}
@inproceedings{cousot1977abstract,
    author    = "Patrick Cousot and Radhia Cousot",
    title     = "Abstract interpretation: a unified lattice model for static analysis of programs by construction of approximation of fixpoints",
    booktitle = "Proceedings of the 4th ACM SIGPLAN-SIGACT Symposium on Principles of Programming Languages",
    pages     = "238--252",
    year      = "1977"
}
@article{king1976symbolic,
    author  = "James C. King",
    title   = "Symbolic execution and program testing",
    journal = "Communications of the ACM",
    volume  = "19",
    number  = "7",
    pages   = "385--394",
    year    = "1976"
}

@book{dijkstra1976discipline,
    author    = "Edsger W.  Dijkstra",
    title     = "A Discipline of Programming",
    publisher = "Prentice Hall",
    year      = "1976"
}
@misc{leavens2008jml,
  title={JML reference manual},
  author={Leavens, Gary T and Poll, Erik and Clifton, Curtis and Cheon, Yoonsik and Ruby, Clyde and Cok, David and M{\"u}ller, Peter and Kiniry, Joseph and Chalin, Patrice and Zimmerman, Daniel M and others},
  year={2008}
}

@article{meyer1992design,
    author  = "Bertrand Meyer",
    title   = "Applying ``Design by Contract''",
    journal = "Computer",
    volume  = "25",
    number  = "10",
    pages   = "40--51",
    year    = "1992"
}
@article{austin2021program,
  title={Program synthesis with large language models},
  author={Austin, Jacob and Odena, Augustus and Nye, Maxwell and Bosma, Maarten and Michalewski, Henryk and Dohan, David and Jiang, Ellen and Cai, Carrie and Terry, Michael and Le, Quoc and others},
  journal={arXiv preprint arXiv:2108.07732},
  year={2021}
}

@article{ernst2007daikon,
  title={The Daikon system for dynamic detection of likely invariants},
  author={Ernst, Michael D and Perkins, Jeff H and Guo, Philip J and McCamant, Stephen and Pacheco, Carlos and Tschantz, Matthew S and Xiao, Chen},
  journal={Science of computer programming},
  volume={69},
  number={1-3},
  pages={35--45},
  year={2007},
  publisher={Elsevier}
}

@article{cassano2024knowledge,
  title={Knowledge transfer from high-resource to low-resource programming languages for code llms},
  author={Cassano, Federico and Gouwar, John and Lucchetti, Francesca and Schlesinger, Claire and Freeman, Anders and Anderson, Carolyn Jane and Feldman, Molly Q and Greenberg, Michael and Jangda, Abhinav and Guha, Arjun},
  journal={Proceedings of the ACM on Programming Languages},
  volume={8},
  number={OOPSLA2},
  pages={677--708},
  year={2024},
  publisher={ACM New York, NY, USA}
}