@article{Agnew2017,
	title        = {{Consumer preferences for household-level battery energy storage}},
	author       = {Agnew,  Scott and Dargusch,  Paul},
	year         = 2017,
	month        = aug,
	journal      = {Renewable and Sustainable Energy Reviews},
	publisher    = {Elsevier BV},
	volume       = 75,
	pages        = {609–617},
	doi          = {10.1016/j.rser.2016.11.030},
	issn         = {1364-0321},
	url          = {http://dx.doi.org/10.1016/j.rser.2016.11.030}
}

@article{Alberini2015,
	title        = {{Information v. energy efficiency incentives: Evidence from residential electricity consumption in Maryland}},
	author       = {Alberini,  Anna and Towe,  Charles},
	year         = 2015,
	month        = dec,
	journal      = {Energy Economics},
	publisher    = {Elsevier BV},
	volume       = 52,
	pages        = {S30–S40},
	doi          = {10.1016/j.eneco.2015.08.013},
	issn         = {0140-9883},
	url          = {http://dx.doi.org/10.1016/j.eneco.2015.08.013}
}

@article{Alberini2016,
	title        = {{Free Riding,  Upsizing,  and Energy Efficiency Incentives in Maryland Homes}},
	author       = {Alberini,  Anna and Gans,  Will and Towe,  Charles},
	year         = 2016,
	month        = jan,
	journal      = {The Energy Journal},
	publisher    = {SAGE Publications},
	volume       = 37,
	number       = 1,
	pages        = {259–290},
	doi          = {10.5547/01956574.37.1.aalb},
	issn         = {1944-9089},
	url          = {http://dx.doi.org/10.5547/01956574.37.1.aalb}
}

@article{Barnes2020,
	title        = {{The economics of heat pumps and the (un)intended consequences of government policy}},
	author       = {Barnes,  Jake and Bhagavathy,  Sivapriya M.},
	year         = 2020,
	journal      = {Energy Policy},
	publisher    = {Elsevier BV},
}

@article{Bauner2015,
	title        = {{Adoption of residential solar power under uncertainty: Implications for renewable energy incentives}},
	author       = {Bauner,  C. and Crago,  C.},
	year         = 2015,
	journal      = {Energy Policy},
	publisher    = {Elsevier BV},
}

@article{Bergemann2019,
	title        = {{Dynamic Mechanism Design: An Introduction}},
	author       = {Bergemann,  Dirk and V\"{a}lim\"{a}ki,  Juuso},
	year         = 2019,
	journal      = {Journal of Economic Literature},
	publisher    = {American Economic Association},
}

@article{Bjrnstad2012,
	title        = {{Diffusion of renewable heating technologies in households. Experiences from the Norwegian Household Subsidy Programme}},
	author       = {Bjørnstad,  Even},
	year         = 2012,
	month        = sep,
	journal      = {Energy Policy},
	publisher    = {Elsevier BV},
	volume       = 48,
	pages        = {148–158},
	doi          = {10.1016/j.enpol.2012.04.078},
	issn         = {0301-4215},
	url          = {http://dx.doi.org/10.1016/j.enpol.2012.04.078}
}

@article{Blumsack2012,
	title        = {{Evaluation of federal and state subsidies for ground-source heat pumps}},
	author       = {Blumsack,  Seth and Kleit,  Andrew and Smith,  Stephon W.},
	year         = 2012,
	month        = feb,
	journal      = {Energy Efficiency},
	publisher    = {Springer Science and Business Media LLC},
	volume       = 5,
	number       = 3,
	pages        = {321–334},
	doi          = {10.1007/s12053-012-9144-z},
	issn         = {1570-6478},
	url          = {http://dx.doi.org/10.1007/s12053-012-9144-z}
}

@article{Boccard2021,
	title        = {{Solar rebound: The unintended consequences of subsidies}},
	author       = {Boccard,  Nicolas and Gautier,  Axel},
	year         = 2021,
	month        = aug,
	journal      = {Energy Economics},
	publisher    = {Elsevier BV},
	volume       = 100,
	pages        = 105334,
	doi          = {10.1016/j.eneco.2021.105334},
	issn         = {0140-9883},
	url          = {http://dx.doi.org/10.1016/j.eneco.2021.105334}
}

@article{Brown2022,
	title        = {{Socioeconomic and demographic disparities in residential battery storage adoption: Evidence from California}},
	author       = {Brown,  David P.},
	year         = 2022,
	month        = may,
	journal      = {Energy Policy},
	publisher    = {Elsevier BV},
}

@article{Bunea2020,
	title        = {{What do adoption patterns of solar panels observed so far tell about governments’ incentive? Insights from diffusion models}},
	author       = {Bunea,  Anita M. and Della Posta,  Pompeo and Guidolin,  Mariangela and Manfredi,  Piero},
	year         = 2020,
	month        = nov,
	journal      = {Technological Forecasting and Social Change},
	publisher    = {Elsevier BV},
	volume       = 160,
	pages        = 120240,
	doi          = {10.1016/j.techfore.2020.120240},
	issn         = {0040-1625},
	url          = {http://dx.doi.org/10.1016/j.techfore.2020.120240}
}

@misc{Burr2016,
	title        = {{Subsidies and Investments in the Solar Power Market}},
	author       = {Chrystie Burr},
	year         = 2016,
	note         = {[Accessed 21-12-2023]},
	howpublished = {\url{https://spot.colorado.edu/~chbu2511/solarrevise2016.pdf}}
}

@inproceedings{Cai2013,
	title        = {{Understanding Incentives: Mechanism Design Becomes Algorithm Design}},
	author       = {Cai,  Yang and Daskalakis,  Constantinos and Weinberg,  S. Matthew},
	year         = 2013,
	month        = oct,
	booktitle    = {2013 IEEE 54th Annual Symposium on Foundations of Computer Science},
	publisher    = {IEEE},
	address      = {Piscataway, NJ, USA},
	pages        = {618--627},
	doi          = {10.1109/focs.2013.72},
	url          = {http://dx.doi.org/10.1109/FOCS.2013.72}
}

@article{Carroll2020,
	title        = {{Air Source Heat Pumps field studies: A systematic literature review}},
	author       = {Carroll,  P. and Chesser,  M. and Lyons,  P.},
	year         = 2020,
	month        = dec,
	journal      = {Renewable and Sustainable Energy Reviews},
	publisher    = {Elsevier BV},
	volume       = 134,
	pages        = 110275,
	doi          = {10.1016/j.rser.2020.110275},
	issn         = {1364-0321},
	url          = {http://dx.doi.org/10.1016/j.rser.2020.110275}
}

@article{Chatterji2020,
	title        = {{Battery Storage for Resilient Homes}},
	author       = {Chatterji,  Emon and Bazilian,  Morgan D.},
	year         = 2020,
	journal      = {IEEE Access},
	publisher    = {Institute of Electrical and Electronics Engineers (IEEE)},
	volume       = 8,
	pages        = {184497–184511},
	doi          = {10.1109/access.2020.3029989},
	issn         = {2169-3536},
	url          = {http://dx.doi.org/10.1109/ACCESS.2020.3029989}
}

@article{Chattopadhyay2022,
	title        = {{Should Electricity Market Designs Be Improved to Drive Decarbonization?}},
	author       = {Chattopadhyay, Debabrata and Suski, Adam},
	year         = 2022,
	journal      = {Energy and Extractives Global Practice},
	publisher    = {World Bank},
	volume       = 1,
	number       = 1,
	numpages     = 34
}

@article{Crago2017,
	title        = {{Are policy incentives for solar power effective? Evidence from residential installations in the Northeast}},
	author       = {Crago,  Christine and Chernyakhovskiy,  Ilya},
	year         = 2017,
	journal      = {Journal of Environmental Economics and Management},
	publisher    = {Elsevier BV},
}

@article{Crago:23,
	title        = {{Income and racial disparities in financial returns from solar PV deployment}},
	author       = {Christine Crago and others},
	year         = 2023,
	journal      = {Energy Economics},
	publisher    = {Elsevier {BV}},
}

@article{DAdamo2022,
	title        = {{The impact of a subsidized tax deduction on residential solar photovoltaic-battery energy storage systems}},
	author       = {D’Adamo,  Idiano and Gastaldi,  Massimo and Morone,  Piergiuseppe},
	year         = 2022,
	month        = apr,
	journal      = {Utilities Policy},
	publisher    = {Elsevier BV},
	volume       = 75,
	pages        = 101358,
	issn         = {0957-1787}
}

@techreport{Davis2023,
	title        = {{The Economic Determinants of Heat Pump Adoption}},
	author       = {Davis, Lucas W},
	year         = 2023,
	institution  = {National Bureau of Economic Research}
}

@article{Dougherty2021,
	title        = {{Improving the economics of battery storage for industrial customers: Are incentives enough to increase adoption?}},
	author       = {Dougherty,  Anne and Billings,  Blake and Camacho,  Nestor and Powell,  Kody},
	year         = 2021,
	month        = nov,
	journal      = {The Electricity Journal},
	publisher    = {Elsevier BV},
	volume       = 34,
	number       = 9,
	pages        = 107027,
	doi          = {10.1016/j.tej.2021.107027},
	issn         = {1040-6190},
	url          = {http://dx.doi.org/10.1016/j.tej.2021.107027}
}

@article{Gaur2021,
	title        = {{Heat pumps and our low-carbon future: A comprehensive review}},
	author       = {Gaur,  Ankita Singh and Fitiwi,  Desta Z. and Curtis,  John},
	year         = 2021,
	month        = jan,
	journal      = {Energy Research \& Social Science},
	publisher    = {Elsevier BV},
	volume       = 71,
	pages        = 101764,
	doi          = {10.1016/j.erss.2020.101764},
	issn         = {2214-6296},
	url          = {http://dx.doi.org/10.1016/j.erss.2020.101764}
}

@article{Guo2021,
	title        = {{Poverty mitigation via solar panel adoption: Smart contracts and targeted subsidy design}},
	author       = {Guo,  Qiaozhen and He,  Qiao-Chu and Chen,  Ying-Ju and Huang,  Wei},
	year         = 2021,
	month        = jul,
	journal      = {Omega},
	publisher    = {Elsevier BV},
	volume       = 102,
	pages        = 102367,
	doi          = {10.1016/j.omega.2020.102367},
	issn         = {0305-0483},
	url          = {http://dx.doi.org/10.1016/j.omega.2020.102367}
}

@article{Hagerman2016,
	title        = {{Is rooftop solar PV at socket parity without subsidies?}},
	author       = {Hagerman,  Shelly and Jaramillo,  Paulina and Morgan,  M. Granger},
	year         = 2016,
	month        = feb,
	journal      = {Energy Policy},
	publisher    = {Elsevier BV},
	volume       = 89,
	pages        = {84–94},
	doi          = {10.1016/j.enpol.2015.11.017},
	issn         = {0301-4215},
	url          = {http://dx.doi.org/10.1016/j.enpol.2015.11.017}
}

@article{Hannon2015,
	title        = {{Raising the temperature of the UK heat pump market: Learning lessons from Finland}},
	author       = {Hannon,  Matthew J.},
	year         = 2015,
	month        = oct,
	journal      = {Energy Policy},
	publisher    = {Elsevier BV},
	volume       = 85,
	pages        = {369–375},
	doi          = {10.1016/j.enpol.2015.06.016},
	issn         = {0301-4215},
	url          = {http://dx.doi.org/10.1016/j.enpol.2015.06.016}
}

@article{Hsu2012,
	title        = {{Using a system dynamics model to assess the effects of capital subsidies and feed-in tariffs on solar PV installations}},
	author       = {Hsu,  Chiung-Wen},
	year         = 2012,
	month        = dec,
	journal      = {Applied Energy},
	publisher    = {Elsevier BV},
	volume       = 100,
	pages        = {205–217},
	doi          = {10.1016/j.apenergy.2012.02.039},
	issn         = {0306-2619},
	url          = {http://dx.doi.org/10.1016/j.apenergy.2012.02.039}
}

@article{Jones2017,
	title        = {{Battery storage for post-incentive PV uptake? A financial and life cycle carbon assessment of a non-domestic building}},
	author       = {Jones,  Christopher and Peshev,  Vladimir and Gilbert,  Paul and Mander,  Sarah},
	year         = 2017,
	month        = nov,
	journal      = {Journal of Cleaner Production},
	publisher    = {Elsevier BV},
	volume       = 167,
	pages        = {447–458},
	doi          = {10.1016/j.jclepro.2017.08.191},
	issn         = {0959-6526},
	url          = {http://dx.doi.org/10.1016/j.jclepro.2017.08.191}
}

@misc{Kearns2022,
	title        = {{Are Solar Incentive Programs Effective at Reducing CO2 Emissions? Evidence from Massachusetts}},
	author       = {Andrew Kearns},
	year         = 2022,
	note         = {[Accessed 19-12-2023]},
	howpublished = {\url{https://andrewkearns.github.io/andrewkearns/JMP_Andrew_J_Kearns.pdf}}
}

@article{Kokoni2021,
	title        = {{Policy mechanisms to support heat pump deployment: A UK case study based on techno-economic modelling}},
	author       = {Kokoni,  Sophia and Leach,  Matthew},
	year         = 2021,
	month        = aug,
	journal      = {Renewable and Sustainable Energy Transition},
	publisher    = {Elsevier BV},
	volume       = 1,
	pages        = 100009,
	doi          = {10.1016/j.rset.2021.100009},
	issn         = {2667-095X},
	url          = {http://dx.doi.org/10.1016/j.rset.2021.100009}
}

@inproceedings{Lill2019,
	title        = {{Case study for battery bank subsidization}},
	author       = {Lill, Heiki and Allik, Alo and Annuk, Andres},
	year         = 2019,
	booktitle    = {2019 8th International Conference on Renewable Energy Research and Applications (ICRERA)},
	publisher    = {IEEE},
	address      = {Piscataway, NJ, USA},
	pages        = {234--238}
}

@article{Lin2022,
	title        = {{Psychological insights for incentive-based demand response incorporating battery energy storage systems: A two-loop Stackelberg game approach}},
	author       = {Lin,  Jin and Dong,  Jun and Dou,  Xihao and Liu,  Yao and Yang,  Peiwen and Ma,  Tongtao},
	year         = 2022,
	month        = jan,
	journal      = {Energy},
	publisher    = {Elsevier BV},
	volume       = 239,
	pages        = 122192,
	doi          = {10.1016/j.energy.2021.122192},
	issn         = {0360-5442},
	url          = {http://dx.doi.org/10.1016/j.energy.2021.122192}
}

@article{Lobel2011,
	title        = {{Consumer Choice Model for Forecasting Demand and Designing Incentives for Solar Technology}},
	author       = {Lobel,  Ruben and Perakis,  Georgia},
	year         = 2011,
	journal      = {SSRN Electronic Journal},
	publisher    = {Elsevier BV},
	volume       = 1,
	number       = 1,
	doi          = {10.2139/ssrn.1748424},
	issn         = {1556-5068},
	url          = {http://dx.doi.org/10.2139/ssrn.1748424},
	numpages     = 36
}

@inproceedings{Marinakis2018,
	title        = {{Role of transmission expansion and energy storage in the context of scenarios with high shares of variable renewables}},
	author       = {Marinakis, Adamantios and Evrenosoglu, C Yaman and Oudalov, Alexandre and others},
	year         = 2018,
	month        = jun,
	booktitle    = {2018 15th International Conference on the European Energy Market ({EEM})},
	publisher    = {IEEE},
	conference   = {2018 15th International Conference on the European Energy Market (EEM)}
}

@article{Matisoff2017,
	title        = {{The comparative effectiveness of residential solar incentives}},
	author       = {Matisoff,  Daniel C. and Johnson,  Erik P.},
	year         = 2017,
	month        = sep,
	journal      = {Energy Policy},
	publisher    = {Elsevier BV},
	volume       = 108,
	pages        = {44–54},
	issn         = {0301-4215}
}

@article{Mulder2013,
	title        = {{The dimensioning of PV-battery systems depending on the incentive and selling price conditions}},
	author       = {Mulder,  Grietus and Six,  Daan and Claessens,  Bert and Broes,  Thijs and Omar,  Noshin and Mierlo,  Joeri Van},
	year         = 2013,
	month        = nov,
	journal      = {Applied Energy},
	publisher    = {Elsevier BV},
	volume       = 111,
	pages        = {1126–1135},
	doi          = {10.1016/j.apenergy.2013.03.059},
	issn         = {0306-2619},
	url          = {http://dx.doi.org/10.1016/j.apenergy.2013.03.059}
}

@article{Nousdilis2020,
	title        = {{Impact of policy incentives on the promotion of integrated PV and battery storage systems: a techno‐economic assessment}},
	author       = {Nousdilis,  Angelos I. and Kryonidis,  Georgios C. and Kontis,  Eleftherios O. and Barzegkar‐Ntovom,  Georgios A. and Panapakidis,  Ioannis P. and Christoforidis,  Georgios C. and Papagiannis,  Grigoris K.},
	year         = 2020,
	month        = apr,
	journal      = {IET Renewable Power Generation},
	publisher    = {Institution of Engineering and Technology (IET)},
	volume       = 14,
	number       = 7,
	pages        = {1174–1183},
	doi          = {10.1049/iet-rpg.2019.0797},
	issn         = {1752-1424},
	url          = {http://dx.doi.org/10.1049/iet-rpg.2019.0797}
}

@article{Parkes2010,
	title        = {{Dynamic incentive mechanisms}},
	author       = {Parkes, David C and Cavallo, Ruggiero and Constantin, Florin and Singh, Satinder},
	year         = 2010,
	journal      = {Ai Magazine},
	volume       = 31,
	number       = 4,
	pages        = {79--94}
}

@article{Patteeuw2016,
	title        = {{Comparison of load shifting incentives for low-energy buildings with heat pumps to attain grid flexibility benefits}},
	author       = {Patteeuw,  Dieter and Henze,  Gregor P. and Helsen,  Lieve},
	year         = 2016,
	month        = apr,
	journal      = {Applied Energy},
	publisher    = {Elsevier BV},
	volume       = 167,
	pages        = {80–92},
	doi          = {10.1016/j.apenergy.2016.01.036},
	issn         = {0306-2619},
	url          = {http://dx.doi.org/10.1016/j.apenergy.2016.01.036}
}

@article{Pavan2014,
	title        = {{Dynamic Mechanism Design: A Myersonian Approach}},
	author       = {Pavan, Alessandro and Segal, Ilya and Toikka, Juuso},
	year         = 2014,
	journal      = {Econometrica},
	volume       = 82,
	number       = 2,
	pages        = {601--653},
	keywords     = {Asymmetric information, stochastic processes, incentives, mechanism design, envelope theorems},
	eprint       = {https://onlinelibrary.wiley.com/doi/pdf/10.3982/ECTA10269}
}

@article{Peasco2021,
	title        = {{Systematic review of the outcomes and trade-offs of ten types of decarbonization policy instruments}},
	author       = {Peñasco,  Cristina and Anadón,  Laura Díaz and Verdolini,  Elena},
	year         = 2021,
	month        = jan,
	journal      = {Nature Climate Change},
	publisher    = {Springer Science and Business Media LLC},
	volume       = 11,
	number       = 3,
	pages        = {257–265},
	issn         = {1758-6798}
}

@article{Peerapong2014,
	title        = {{Investment Incentive of Grid Connected Solar Photovoltaic Power Plant under Proposed Feed-in Tariffs Framework in Thailand}},
	author       = {Peerapong,  Prachuab and Limmeechokchai,  Bundit},
	year         = 2014,
	journal      = {Energy Procedia},
	publisher    = {Elsevier BV},
	volume       = 52,
	pages        = {179–189},
	doi          = {10.1016/j.egypro.2014.07.069},
	issn         = {1876-6102},
	url          = {http://dx.doi.org/10.1016/j.egypro.2014.07.069}
}

@article{PobleteCazenave2023,
	title        = {{Social and contextual determinants of heat pump adoption in the US: Implications for subsidy policy design}},
	author       = {Poblete-Cazenave,  Miguel and Rao,  Narasimha D.},
	year         = 2023,
	month        = oct,
	journal      = {Energy Research \& Social Science},
	publisher    = {Elsevier BV},
	volume       = 104,
	pages        = 103255,
	issn         = {2214-6296}
}

@inproceedings{Pothineni2014,
	title        = {{Incentive design to mould online behavior: a game mechanics perspective}},
	author       = {Pothineni,  Dinesh and Mishra,  Pratik and Rasheed,  Aadil and Sundararajan,  Deepak},
	year         = 2014,
	month        = apr,
	booktitle    = {Proceedings of the First International Workshop on Gamification for Information Retrieval},
	publisher    = {ACM},
	address      = {New York, NY, USA},
	series       = {GamifIR ’14},
	doi          = {10.1145/2594776.2594782},
	url          = {http://dx.doi.org/10.1145/2594776.2594782},
	numpages     = 6,
	collection   = {GamifIR ’14}
}

@article{Ratliff2019,
	title        = {{A Perspective on Incentive Design: Challenges and Opportunities}},
	author       = {Ratliff,  Lillian J. and Dong,  Roy and Sekar,  Shreyas and Fiez,  Tanner},
	month        = may,
	journal      = {Annual Review of Control,  Robotics,  and Autonomous Systems},
	publisher    = {Annual Reviews},
	volume       = 2,
	number       = 1,
	pages        = {305–338},
	issn         = {2573-5144}
}

@article{Ratliff2021,
	title        = {{Adaptive Incentive Design}},
	author       = {Ratliff,  Lillian J. and Fiez,  Tanner},
	year         = 2021,
	month        = aug,
	journal      = {IEEE Transactions on Automatic Control},
	publisher    = {Institute of Electrical and Electronics Engineers (IEEE)},
	volume       = 66,
	number       = 8,
	pages        = {3871–3878},
	issn         = {2334-3303}
}

@article{Ruffino2022,
	title        = {{Heat Pumps,  Wood Biomass and Fossil Fuel Solutions in the Renovation of Buildings: A Techno-Economic Analysis Applied to Piedmont Region (NW Italy)}},
	author       = {Ruffino,  Edoardo and Piga,  Bruno and Casasso,  Alessandro and others},
	year         = 2022,
	journal      = {Energies},
	publisher    = {MDPI AG},
}

@article{Sarzynski2012,
	title        = {{The impact of state financial incentives on market deployment of solar technology}},
	author       = {Sarzynski,  Andrea and Larrieu,  Jeremy and Shrimali,  Gireesh},
	year         = 2012,
	month        = jul,
	journal      = {Energy Policy},
	publisher    = {Elsevier BV},
	volume       = 46,
	pages        = {550–557},
	doi          = {10.1016/j.enpol.2012.04.032},
	issn         = {0301-4215},
	url          = {http://dx.doi.org/10.1016/j.enpol.2012.04.032}
}

@article{Sharma2019,
	title        = {{Energy cost minimization for net zero energy homes through optimal sizing of battery storage system}},
	author       = {Sharma,  Vanika and Haque,  Mohammed H. and Aziz,  Syed Mahfuzul},
	year         = 2019,
	month        = oct,
	journal      = {Renewable Energy},
	publisher    = {Elsevier BV},
	volume       = 141,
	pages        = {278–286},
	doi          = {10.1016/j.renene.2019.03.144},
	issn         = {0960-1481},
	url          = {http://dx.doi.org/10.1016/j.renene.2019.03.144}
}

@article{Shen2022,
	title        = {{The Effect of Rebate and Loan Incentives on Residential Heat Pump Adoption: Evidence from North Carolina}},
	author       = {Shen,  Xingchi and Qiu,  Yueming Lucy and Liu,  Pengfei and Patwardhan,  Anand},
	year         = 2022,
	month        = may,
	journal      = {Environmental and Resource Economics},
	publisher    = {Springer Science and Business Media LLC},
	volume       = 82,
	number       = 3,
	pages        = {741–789},
	doi          = {10.1007/s10640-022-00691-0},
	issn         = {1573-1502},
	url          = {http://dx.doi.org/10.1007/s10640-022-00691-0}
}

@article{Sher2022,
	title        = {{Pakistan’s solar mission: Do solar finance and subsidy remove the barriers to solar installations?}},
	author       = {Sher,  Ali and Qiu,  Yuzhuo},
	year         = 2022,
	journal      = {Renewable Energy},
	publisher    = {Elsevier BV},
}

@article{Snape2015,
	title        = {{Will domestic consumers take up the renewable heat incentive? An analysis of the barriers to heat pump adoption using agent-based modelling}},
	author       = {Snape,  J.R. and Boait,  P.J. and Rylatt,  R.M.},
	year         = 2015,
	month        = oct,
	journal      = {Energy Policy},
	publisher    = {Elsevier BV},
	volume       = 85,
	pages        = {32–38},
	issn         = {0301-4215}
}

@article{Srinivasan2009,
	title        = {{Subsidy policy and the enlargement of choice}},
	author       = {Srinivasan,  Sunderasan},
	year         = 2009,
	month        = dec,
	journal      = {Renewable and Sustainable Energy Reviews},
	publisher    = {Elsevier BV},
	volume       = 13,
	number       = 9,
	pages        = {2728–2733},
	doi          = {10.1016/j.rser.2009.06.005},
	issn         = {1364-0321},
	url          = {http://dx.doi.org/10.1016/j.rser.2009.06.005}
}

@article{Sunter:19,
	title        = {{Disparities in rooftop photovoltaics deployment in the United States by race and ethnicity}},
	author       = {Deborah A. Sunter and Sergio Castellanos and Daniel M. Kammen},
	year         = 2019,
	month        = jan,
	journal      = {Nature Sustainability},
	publisher    = {Springer Science and Business Media {LLC}},
	volume       = 2,
	number       = 1,
	pages        = {71--76}
}

@article{Tibebu2021,
	title        = {{What is the optimal subsidy for residential solar?}},
	author       = {Tibebu,  Tiruwork B. and Hittinger,  Eric and Miao,  Qing and Williams,  Eric},
	year         = 2021,
	month        = aug,
	journal      = {Energy Policy},
	publisher    = {Elsevier BV},
	volume       = 155,
	pages        = 112326,
	issn         = {0301-4215}
}

@article{Varghese2020,
	title        = {{The price is right? How pricing and incentive mechanisms in California incentivize building distributed hybrid solar and energy-storage systems}},
	author       = {Varghese,  Sushant and Sioshansi,  Ramteen},
	year         = 2020,
	month        = mar,
	journal      = {Energy Policy},
	publisher    = {Elsevier BV},
	volume       = 138,
	pages        = 111242,
	doi          = {10.1016/j.enpol.2020.111242},
	issn         = {0301-4215},
	url          = {http://dx.doi.org/10.1016/j.enpol.2020.111242}
}

@article{Vimpari2021,
	title        = {{Should energy efficiency subsidies be tied into housing prices?}},
	author       = {Vimpari,  Jussi},
	year         = 2021,
	month        = may,
	journal      = {Environmental Research Letters},
	publisher    = {IOP Publishing},
	volume       = 16,
	number       = 6,
	pages        = {064027},
	doi          = {10.1088/1748-9326/abfeee},
	issn         = {1748-9326},
	url          = {http://dx.doi.org/10.1088/1748-9326/abfeee}
}

@article{Vonsien2020,
	title        = {{Li-ion battery storage in private households with PV systems: Analyzing the economic impacts of battery aging and pooling}},
	author       = {Vonsien,  Silvia and Madlener,  Reinhard},
	year         = 2020,
	month        = jun,
	journal      = {Journal of Energy Storage},
	publisher    = {Elsevier BV},
	volume       = 29,
	pages        = 101407,
	doi          = {10.1016/j.est.2020.101407},
	issn         = {2352-152X},
	url          = {http://dx.doi.org/10.1016/j.est.2020.101407}
}

@article{Zakeri2021,
	title        = {{Policy options for enhancing economic profitability of residential solar photovoltaic with battery energy storage}},
	author       = {Zakeri,  Behnam and Cross,  Samuel and Dodds,  Paul. and others},
	year         = 2021,
	journal      = {Applied Energy},
	publisher    = {Elsevier BV},
}

@article{Zander2019,
	title        = {{Preferences for and potential impacts of financial incentives to install residential rooftop solar photovoltaic systems in Australia}},
	author       = {Zander,  Kerstin K. and Simpson,  Genevieve and Mathew,  Supriya and others},
	year         = 2019,
	journal      = {Journal of Cleaner Production},
	publisher    = {Elsevier BV},
}

@article{Zhang2018,
	title        = {{Integrated photovoltaic and battery energy storage (PV-BES) systems: An analysis of existing financial incentive policies in the US}},
	author       = {Zhang,  Jian and Cho,  Heejin and Luck,  Rogelio and Mago,  Pedro J.},
	year         = 2018,
	month        = feb,
	journal      = {Applied Energy},
	publisher    = {Elsevier BV},
	volume       = 212,
	pages        = {895–908},
	doi          = {10.1016/j.apenergy.2017.12.091},
	issn         = {0306-2619},
	url          = {http://dx.doi.org/10.1016/j.apenergy.2017.12.091}
}

@article{Zhao2012,
	title        = {{Consumer responses towards home energy financial incentives: A survey-based study}},
	author       = {Zhao,  Tingting and Bell,  Lindsey and Horner,  Mark W. and Sulik,  John and Zhang,  Jinfeng},
	year         = 2012,
	month        = aug,
	journal      = {Energy Policy},
	publisher    = {Elsevier BV},
	volume       = 47,
	pages        = {291–297},
	doi          = {10.1016/j.enpol.2012.04.070},
	issn         = {0301-4215},
	url          = {http://dx.doi.org/10.1016/j.enpol.2012.04.070}
}

@inproceedings{agarwal2014taming,
	title        = {{Taming the monster: A fast and simple algorithm for contextual bandits}},
	author       = {Agarwal, Alekh and Hsu, Daniel and Kale, Satyen and others},
	year         = 2014,
	booktitle    = {International Conference on Machine Learning},
	pages        = {1638--1646},
	organization = {PMLR}
}

@article{auer2002nonstochastic,
	title        = {{The nonstochastic multiarmed bandit problem}},
	author       = {Auer, Peter and Cesa-Bianchi, Nicolo and Freund, Yoav and Schapire, Robert E},
	year         = 2002,
	journal      = {SIAM journal on computing},
	publisher    = {SIAM},
}

@article{bastani2020online,
	title        = {{Online decision making with high-dimensional covariates}},
	author       = {Bastani, Hamsa and Bayati, Mohsen},
	year         = 2020,
	journal      = {Operations Research},
	publisher    = {INFORMS},
	volume       = 68,
	number       = 1,
	pages        = {276--294}
}

@inproceedings{bouneffouf2012contextual,
	title        = {{A contextual-bandit algorithm for mobile context-aware recommender system}},
	author       = {Bouneffouf, Djallel and Bouzeghoub, Amel and Gan{\c{c}}arski, Alda Lopes},
	year         = 2012,
	booktitle    = {Neural Information Processing: 19th International Conference, ICONIP 2012, Doha, Qatar, November 12-15, 2012, Proceedings, Part III 19},
	pages        = {324--331},
	organization = {Springer}
}

@inproceedings{durand2018contextual,
	title        = {{Contextual bandits for adapting treatment in a mouse model of de novo carcinogenesis}},
	author       = {Durand, Audrey and Achilleos, Charis and Iacovides, Demetris and Strati, Katerina and Mitsis, Georgios D and Pineau, Joelle},
	year         = 2018,
	booktitle    = {Machine learning for healthcare conference},
	pages        = {67--82},
	organization = {PMLR}
}

@inproceedings{foster2018practical,
	title        = {{Practical contextual bandits with regression oracles}},
	author       = {Foster, Dylan and Agarwal, Alekh and Dud{\'\i}k, Miroslav and Luo, Haipeng and Schapire, Robert},
	year         = 2018,
	booktitle    = {International Conference on Machine Learning},
	pages        = {1539--1548},
	organization = {PMLR}
}

@inproceedings{jin2021pessimism,
  title={Is pessimism provably efficient for offline rl?},
  author={Jin, Ying and Yang, Zhuoran and Wang, Zhaoran},
  booktitle={International Conference on Machine Learning},
  pages={5084--5096},
  year={2021},
  organization={PMLR}
}

@inproceedings{li2010contextual,
	title        = {{A contextual-bandit approach to personalized news article recommendation}},
	author       = {Li, Lihong and Chu, Wei and Langford, John and Schapire, Robert E},
	year         = 2010,
	booktitle    = {Proceedings of the 19th international conference on World wide web},
	pages        = {661--670}
}

@inproceedings{li2016contextual,
	title        = {{Contextual combinatorial cascading bandits}},
	author       = {Li, Shuai and Wang, Baoxiang and Zhang, Shengyu and Chen, Wei},
	year         = 2016,
	booktitle    = {International conference on machine learning},
	pages        = {1245--1253},
	organization = {PMLR}
}

@article{li2022pessimism,
  title={Pessimism for Offline Linear Contextual Bandits using lp Confidence Sets},
  author={Li, Gene and Ma, Cong and Srebro, Nati},
  journal={Advances in Neural Information Processing Systems},
  volume={35},
  pages={20974--20987},
  year={2022}
}

@article{rashidinejad2022bridging,
  title={Bridging offline reinforcement learning and imitation learning: A tale of pessimism},
  author={Rashidinejad, Paria and Zhu, Banghua and Ma, Cong and Jiao, Jiantao and Russell, Stuart},
  journal={IEEE Transactions on Information Theory},
  volume={68},
  number={12},
  pages={8156--8196},
  year={2022},
  publisher={IEEE}
}

@inproceedings{slivkins2011contextual,
	title        = {{Contextual bandits with similarity information}},
	author       = {Slivkins, Aleksandrs},
	year         = 2011,
	booktitle    = {Proceedings of the 24th annual Conference On Learning Theory},
	pages        = {679--702},
	organization = {JMLR Workshop and Conference Proceedings}
}

@article{wu2019context,
	title        = {{A context-aware multiarmed bandit incentive mechanism for mobile crowd sensing systems}},
	author       = {Wu, Yue and Li, Fan and Ma, Liran and Xie, Yadong and Li, Ting and Wang, Yu},
	year         = 2019,
	journal      = {IEEE Internet of Things Journal},
	publisher    = {IEEE},
	volume       = 6,
	number       = 5,
	pages        = {7648--7658}
}

