@inproceedings{10.1145/3548606.3560557,
  title={Eluding secure aggregation in federated learning via model inconsistency},
  author={Pasquini, Dario and Francati, Danilo and Ateniese, Giuseppe},
  booktitle={Proceedings of the 2022 ACM SIGSAC Conference on Computer and Communications Security},
  pages={2429--2443},
  year={2022}
}

@inproceedings{10.5555/3294771.3294783,
author = {Blanchard, Peva and El Mhamdi, El Mahdi and Guerraoui, Rachid and Stainer, Julien},
title = {Machine learning with adversaries: byzantine tolerant gradient descent},
year = {2017},
booktitle = {Proceedings of the 31st International Conference on Neural Information Processing Systems},
pages = {118–128},
numpages = {11},
series = {NIPS'17}
}

@INPROCEEDINGS{10296389,
  author={Li, Huimin and Rieger, Phillip and Zeitouni, Shaza and Picek, Stjepan and Sadeghi, Ahmad-Reza},
  booktitle={2023 33rd International Conference on Field-Programmable Logic and Applications (FPL)}, 
  title={FLAIRS: FPGA-Accelerated Inference-Resistant \& Secure Federated Learning}, 
  year={2023},
  volume={},
  number={},
  pages={271-276},
  keywords={Federated learning;Data models;Inference algorithms;Security;Field programmable gate arrays;FPGA Acceleration;Federated Learning (FL);FPGA-based FL;Backdoor-aware FL;Privacy-preserving FL},
  doi={10.1109/FPL60245.2023.00046}}

@INPROCEEDINGS{9546463,
  author={Andreina, Sebastien and Marson, Giorgia and Möllering, Helen and others},
  booktitle={IEEE International Conference on Distributed Computing Systems}, 
  title={BaFFLe: Backdoor Detection via Feedback-based Federated Learning}, 
  year={2021},
  pages={852-863}
}

@article{DBLP:journals/corr/abs-1710-06963,
  author       = {H. Brendan McMahan and
                  Daniel Ramage and
                  Kunal Talwar and
                  Li Zhang},
  title        = {Learning Differentially Private Language Models Without Losing Accuracy},
  journal      = {http://arxiv.org/abs/1710.06963},
}

@article{DBLP:journals/corr/abs-2009-03561,
  author       = {Mohammad Naseri and
                  Jamie Hayes and
                  Emiliano De Cristofaro},
  title        = {Toward Robustness and Privacy in Federated Learning: Experimenting
                  with Local and Central Differential Privacy},
  journal      = {CoRR},
  year         = {2020},
}

@article{Fereidooni2023FreqFedAF,
  title={FreqFed: A Frequency Analysis-Based Approach for Mitigating Poisoning Attacks in Federated Learning},
  author={Fereidooni, Hossein and Pegoraro, Alessandro and Rieger, Phillip and others},
  journal={arXiv preprint arXiv:2312.04432},
  year={2023}
}

@article{cao2020fltrust,
  title={Fltrust: Byzantine-robust federated learning via trust bootstrapping},
  author={Cao, Xiaoyu and Fang, Minghong and Liu, Jia and Gong, Neil Zhenqiang},
  journal={arXiv preprint arXiv:2012.13995},
  year={2020}
}

@inproceedings{fung2020limitations,
  title={The limitations of federated learning in sybil settings},
  author={Fung, Clement and Yoon, Chris JM and Beschastnikh, Ivan},
  booktitle={23rd International Symposium on Research in Attacks, Intrusions and Defenses (RAID 2020)},
  pages={301--316},
  year={2020}
}

@inproceedings{nguyen2022flame,
  title={$\{$FLAME$\}$: Taming backdoors in federated learning},
  author={Nguyen, Thien Duc and Rieger, Phillip and De Viti, Roberta and others},
  booktitle={31st USENIX Security Symposium (USENIX Security 22)},
  pages={1415--1432},
  year={2022}
}

@inproceedings{roy2022eiffel,
  title={Eiffel: Ensuring integrity for federated learning},
  author={Roy Chowdhury, Amrita and Guo, Chuan and Jha and others},
  booktitle={Proceedings of ACM SIGSAC Conference on Computer and Communications Security},
  pages={2535--2549},
  year={2022}
}

@inproceedings{shen2016auror,
  title={Auror: Defending against poisoning attacks in collaborative deep learning systems},
  author={Shen, Shiqi and Tople, Shruti and Saxena, Prateek},
  booktitle={Proceedings of annual conference on computer security applications},
  pages={508--519},
  year={2016}
}

@misc{yin2021,
      title={Byzantine-Robust Distributed Learning: Towards Optimal Statistical Rates}, 
      author={Dong Yin and Yudong Chen and Kannan Ramchandran and Peter Bartlett},
      year={2021},
      url={https://arxiv.org/abs/1803.01498}, 
}

