@article{zhang2021survey,
  title={A survey on federated learning},
  author={Zhang, Chen and Xie, Yu and Bai, Hang and others},
  journal={Knowledge-Based Systems},
  volume={216},
  pages={106775},
  year={2021},
  publisher={Elsevier}
}

@article{zhao2023survey,
  title={A survey of large language models},
  author={Zhao, Wayne Xin and Zhou, Kun and Li, Junyi and Tang, Tianyi and Wang, Xiaolei and Hou, Yupeng and Min, Yingqian and Zhang, Beichen and Zhang, Junjie and Dong, Zican and others},
  journal={arXiv preprint arXiv:2303.18223},
  year={2023}
}

@article{zhao2024feashare,
  title={FeaShare: Feature Sharing for Computation Correctness in Edge Preprocessing},
  author={Zhao, Zhihui and Bin, Haoyu and Li, Hong and Yu, Nan and Zhu, Hongsong and Sun, Limin},
  journal={IEEE Transactions on Mobile Computing},
  year={2024},
  publisher={IEEE}
}

@inproceedings{kang2024semi,
  title={Semi-Asynchronous Online Federated Crowdsourcing},
  author={Kang, Xiangping and Yu, Guoxian and Li, Qingzhong and others},
  booktitle={2024 IEEE 40th International Conference on Data Engineering (ICDE)},
  pages={4180--4193},
  year={2024},
  organization={IEEE}
}


@article{zhu2019deep,
  title={Deep leakage from gradients},
  author={Zhu, Ligeng and Liu, Zhijian and Han, Song},
  journal={Advances in neural information processing systems},
  volume={32},
  year={2019}
}

@inproceedings{li2022ressfl,
  title={Ressfl: A resistance transfer framework for defending model inversion attack in split federated learning},
  author={Li, Jingtao and Rakin, Adnan Siraj and Chen, Xing and He, Zhezhi and Fan, Deliang and Chakrabarti, Chaitali},
  booktitle={Proceedings of the IEEE/CVF Conference on Computer Vision and Pattern Recognition},
  pages={10194--10202},
  year={2022}
}


@article{nguyen2024label,
  title={Label-only model inversion attacks via knowledge transfer},
  author={Nguyen, Bao-Ngoc and Chandrasegaran, Keshigeyan and Abdollahzadeh, Milad and Cheung, Ngai-Man Man},
  journal={Advances in Neural Information Processing Systems},
  volume={36},
  year={2024}
}

@INPROCEEDINGS{9996844,
  author={Xu, Jin and Hong, Chi and Huang, Jiyue and others},
  booktitle={2022 41st International Symposium on Reliable Distributed Systems (SRDS)}, 
  title={AGIC: Approximate Gradient Inversion Attack on Federated Learning}, 
  year={2022},
  volume={},
  number={},
  pages={12-22}
}

@article{wan2024data,
  title={Data and model poisoning backdoor attacks on wireless federated learning, and the defense mechanisms: A comprehensive survey},
  author={Wan, Yichen and Qu, Youyang and Ni, Wei and Xiang, Yong and Gao, Longxiang and Hossain, Ekram},
  journal={IEEE Communications Surveys \& Tutorials},
  year={2024},
  publisher={IEEE}
}

@inproceedings{cao2022mpaf,
  title={Mpaf: Model poisoning attacks to federated learning based on fake clients},
  author={Cao, Xiaoyu and Gong, Neil Zhenqiang},
  booktitle={Proceedings of the IEEE/CVF Conference on Computer Vision and Pattern Recognition},
  pages={3396--3404},
  year={2022}
}

@INPROCEEDINGS{9474309,
  author={Fereidooni, Hossein and Marchal, Samuel and Miettinen, Markus and others},
  booktitle={2021 IEEE Security and Privacy Workshops (SPW)}, 
  title={SAFELearn: Secure Aggregation for private FEderated Learning}, 
  year={2021},
  volume={},
  number={},
  pages={56-62}
 }


@ARTICLE{10321722,
  author={Li, Anran and Huang, Jiahui and Jia, Ju and Peng, Hongyi and Zhang, Lan and Tuan, Luu Anh and Yu, Han and Li, Xiang-Yang},
  journal={IEEE Transactions on Mobile Computing}, 
  title={Efficient and Privacy-Preserving Feature Importance-Based Vertical Federated Learning}, 
  year={2024},
  volume={23},
  number={6},
  pages={7238-7255}
}

@inproceedings{truex2020ldp,
  title={LDP-Fed: Federated learning with local differential privacy},
  author={Truex, Stacey and Liu, Ling and Chow, Ka-Ho and others},
  booktitle={Proceedings of the third ACM international workshop on edge systems, analytics and networking},
  pages={61--66},
  year={2020}
}

@article{kim2024random,
  title={Random Gradient Masking as a Defensive Measure to Deep Leakage in Federated Learning},
  author={Kim, Joon and Park, Sejin},
  journal={arXiv:2408.08430},
  year={2024}
}


@article{cao2020fltrust,
  title={Fltrust: Byzantine-robust federated learning via trust bootstrapping},
  author={Cao, Xiaoyu and Fang, Minghong and Liu, Jia and Gong, Neil Zhenqiang},
  journal={arXiv preprint arXiv:2012.13995},
  year={2020}
}


@inproceedings{lyu2023poisoning,
  title={Poisoning with cerberus: Stealthy and colluded backdoor attack against federated learning},
  author={Lyu, Xiaoting and Han, Yufei and Wang, Wei and Liu, Jingkai and Wang, Bin and Liu, Jiqiang and Zhang, Xiangliang},
  booktitle={Proceedings of the AAAI Conference on Artificial Intelligence},
  volume={37},
  number={7},
  pages={9020--9028},
  year={2023}
}

@ARTICLE{10387506,
  author={Yang, He and Xi, Wei and Shen, Yuhao and et.al},
  journal={IEEE Transactions on Information Forensics and Security}, 
  title={RoseAgg: Robust Defense Against Targeted Collusion Attacks in Federated Learning}, 
  year={2024},
  volume={19},
  number={},
  pages={2951-2966}
}




@inproceedings{roy2022eiffel,
  title={Eiffel: Ensuring integrity for federated learning},
  author={Roy Chowdhury, Amrita and Guo, Chuan and Jha and others},
  booktitle={Proceedings of ACM SIGSAC Conference on Computer and Communications Security},
  pages={2535--2549},
  year={2022}
}


@inproceedings{zhao2022detection,
  title={Detection and incentive: A tampering detection mechanism for object detection in edge computing},
  author={Zhao, Zhihui and Zeng, Yicheng and Wang, Jinfa and Li, Hong and Zhu, Hongsong and Sun, Limin},
  booktitle={2022 41st International Symposium on Reliable Distributed Systems (SRDS)},
  pages={166--177},
  year={2022},
  organization={IEEE}
}

@article{liu2024survey,
  title={A survey on federated unlearning: Challenges, methods, and future directions},
  author={Liu, Ziyao and Jiang, Yu and Shen, Jiyuan and Peng, Minyi and Lam, Kwok-Yan and Yuan, Xingliang and Liu, Xiaoning},
  journal={ACM Computing Surveys},
  volume={57},
  number={1},
  pages={1--38},
  year={2024},
  publisher={ACM New York, NY}
}


@inproceedings{zhu2023heterogeneous,
  title={Heterogeneous federated knowledge graph embedding learning and unlearning},
  author={Zhu, Xiangrong and Li, Guangyao and Hu, Wei},
  booktitle={Proceedings of the ACM web conference 2023},
  pages={2444--2454},
  year={2023}
}



@article{liu2021revfrf,
  title={Revfrf: Enabling cross-domain random forest training with revocable federated learning},
  author={Liu, Yang and Ma, Zhuo and Yang, Yilong and Liu, Ximeng and Ma, Jianfeng and Ren, Kui},
  journal={IEEE Transactions on Dependable and Secure Computing},
  volume={19},
  number={6},
  pages={3671--3685},
  year={2021},
  publisher={IEEE}
}

@article{gao2024verifi,
  title={Verifi: Towards verifiable federated unlearning},
  author={Gao, Xiangshan and Ma, Xingjun and Wang, Jingyi and Sun, Youcheng and Li, Bo and Ji, Shouling and Cheng, Peng and Chen, Jiming},
  journal={IEEE Transactions on Dependable and Secure Computing},
  year={2024},
  publisher={IEEE}
}

@article{halimi2022federated,
  title={Federated unlearning: How to efficiently erase a client in fl?},
  author={Halimi, Anisa and Kadhe, Swanand and Rawat, Ambrish and Baracaldo, Nathalie},
  journal={arXiv preprint arXiv:2207.05521},
  year={2022}
}

@article{yu2021blockchain,
  title={A blockchain-based shamir’s threshold cryptography scheme for data protection in industrial internet of things settings},
  author={Yu, Keping and Tan, Liang and Yang, Caixia and Choo, Kim-Kwang Raymond and Bashir, Ali Kashif and Rodrigues, Joel JPC and Sato, Takuro},
  journal={IEEE Internet of Things Journal},
  volume={9},
  number={11},
  pages={8154--8167},
  year={2021},
  publisher={IEEE}
}

@article{shi2016edge,
  title={Edge computing: Vision and challenges},
  author={Shi, Weisong and Cao, Jie and Zhang, Quan and others},
  journal={IEEE internet of things journal},
  volume={3},
  number={5},
  pages={637--646},
  year={2016},
  publisher={Ieee}
}

@inproceedings{fung2020limitations,
  title={The limitations of federated learning in sybil settings},
  author={Fung, Clement and Yoon, Chris JM and Beschastnikh, Ivan},
  booktitle={23rd International Symposium on Research in Attacks, Intrusions and Defenses (RAID 2020)},
  pages={301--316},
  year={2020}
}


@inproceedings{shen2016auror,
  title={Auror: Defending against poisoning attacks in collaborative deep learning systems},
  author={Shen, Shiqi and Tople, Shruti and Saxena, Prateek},
  booktitle={Proceedings of annual conference on computer security applications},
  pages={508--519},
  year={2016}
}

@inproceedings{cao2023fedrecover,
  title={Fedrecover: Recovering from poisoning attacks in federated learning using historical information},
  author={Cao, Xiaoyu and Jia, Jinyuan and Zhang, Zaixi and Gong, Neil Zhenqiang},
  booktitle={IEEE Symposium on Security and Privacy},
  pages={1366--1383},
  year={2023},
  organization={IEEE}
}

@INPROCEEDINGS{9546463,
  author={Andreina, Sebastien and Marson, Giorgia and Möllering, Helen and others},
  booktitle={IEEE International Conference on Distributed Computing Systems}, 
  title={BaFFLe: Backdoor Detection via Feedback-based Federated Learning}, 
  year={2021},
  pages={852-863}
}



@INPROCEEDINGS{10296389,
  author={Li, Huimin and Rieger, Phillip and Zeitouni, Shaza and Picek, Stjepan and Sadeghi, Ahmad-Reza},
  booktitle={2023 33rd International Conference on Field-Programmable Logic and Applications (FPL)}, 
  title={FLAIRS: FPGA-Accelerated Inference-Resistant \& Secure Federated Learning}, 
  year={2023},
  volume={},
  number={},
  pages={271-276},
  keywords={Federated learning;Data models;Inference algorithms;Security;Field programmable gate arrays;FPGA Acceleration;Federated Learning (FL);FPGA-based FL;Backdoor-aware FL;Privacy-preserving FL},
  doi={10.1109/FPL60245.2023.00046}}

@inproceedings{nguyen2022flame,
  title={$\{$FLAME$\}$: Taming backdoors in federated learning},
  author={Nguyen, Thien Duc and Rieger, Phillip and De Viti, Roberta and others},
  booktitle={31st USENIX Security Symposium (USENIX Security 22)},
  pages={1415--1432},
  year={2022}
}



@article{DBLP:journals/corr/abs-2009-03561,
  author       = {Mohammad Naseri and
                  Jamie Hayes and
                  Emiliano De Cristofaro},
  title        = {Toward Robustness and Privacy in Federated Learning: Experimenting
                  with Local and Central Differential Privacy},
  journal      = {CoRR},
  year         = {2020},
}

@article{DBLP:journals/corr/abs-1710-06963,
  author       = {H. Brendan McMahan and
                  Daniel Ramage and
                  Kunal Talwar and
                  Li Zhang},
  title        = {Learning Differentially Private Language Models Without Losing Accuracy},
  journal      = {http://arxiv.org/abs/1710.06963},
}


@article{xiao2017fashion,
  title={Fashion-mnist: a novel image dataset for benchmarking machine learning algorithms},
  author={Xiao, Han and Rasul, Kashif and Vollgraf, Roland},
  journal={arXiv preprint arXiv:1708.07747},
  year={2017}
}

@ARTICLE{726791,
  author={Lecun, Y. and Bottou, L. and Bengio, Y. and Haffner, P.},
  journal={Proceedings of the IEEE}, 
  title={Gradient-based learning applied to document recognition}, 
  year={1998},
  volume={86},
  number={11},
  pages={2278-2324},
  doi={10.1109/5.726791}}


@article{Krizhevsky2009LearningML,
  title={Learning multiple layers of features from tiny images},
  author={Krizhevsky, Alex and Hinton, Geoffrey and others},
  year={2009},
  publisher={Toronto, ON, Canada}
}


@INPROCEEDINGS{7966217,
  author={Cohen, Gregory and Afshar, Saeed and Tapson, Jonathan and van Schaik, André},
  booktitle={2017 International Joint Conference on Neural Networks (IJCNN)}, 
  title={EMNIST: Extending MNIST to handwritten letters}, 
  year={2017},
  volume={},
  number={},
  pages={2921-2926},
  keywords={NIST;Databases;Training;Benchmark testing},
  doi={10.1109/IJCNN.2017.7966217}}

@inproceedings{yang2024holodeck,
  title={Holodeck: Language guided generation of 3d embodied ai environments},
  author={Yang, Yue and Sun, Fan-Yun and Weihs, Luca and others},
  booktitle={Proceedings of the IEEE/CVF Conference on Computer Vision and Pattern Recognition},
  pages={16227--16237},
  year={2024}
}




@misc{konečný2017federatedlearningstrategiesimproving,
      title={Federated Learning: Strategies for Improving Communication Efficiency}, 
      author={Jakub Konečný and H. Brendan McMahan and Felix X. Yu and Peter Richtárik and Ananda Theertha Suresh and Dave Bacon},
      year={2017},
      eprint={1610.05492},
      archivePrefix={arXiv},
      primaryClass={cs.LG},
      url={https://arxiv.org/abs/1610.05492}, 
}


@inproceedings{mo2021ppfl,
  title={PPFL: Privacy-preserving federated learning with trusted execution environments},
  author={Mo, Fan and Haddadi, Hamed and Katevas, Kleomenis and others},
  booktitle={Proceedings of the 19th annual international conference on mobile systems, applications, and services},
  pages={94--108},
  year={2021}
}



@misc{kumari2023baybfedbayesianbackdoordefense,
      title={BayBFed: Bayesian Backdoor Defense for Federated Learning}, 
      author={Kavita Kumari and Phillip Rieger and Hossein Fereidooni and Murtuza Jadliwala and Ahmad-Reza Sadeghi},
      year={2023},
      eprint={2301.09508},
      archivePrefix={arXiv},
      primaryClass={cs.LG},
      url={https://arxiv.org/abs/2301.09508}, 
}

@inproceedings{yin2018byzantine,
  title={Byzantine-robust distributed learning: Towards optimal statistical rates},
  author={Yin, Dong and Chen, Yudong and Kannan, Ramchandran and Bartlett, Peter},
  booktitle={International conference on machine learning},
  pages={5650--5659},
  year={2018},
  organization={Pmlr}
}


@inproceedings{fang2020local,
  title={Local model poisoning attacks to $\{$Byzantine-Robust$\}$ federated learning},
  author={Fang, Minghong and Cao, Xiaoyu and Jia, Jinyuan and Gong, Neil},
  booktitle={29th USENIX security symposium (USENIX Security 20)},
  pages={1605--1622},
  year={2020}
}


@inproceedings{Rieger_2022, series={NDSS 2022},
   title={DeepSight: Mitigating Backdoor Attacks in Federated Learning Through Deep Model Inspection},
   url={http://dx.doi.org/10.14722/ndss.2022.23156},
   DOI={10.14722/ndss.2022.23156},
   booktitle={Proceedings 2022 Network and Distributed System Security Symposium},
   publisher={Internet Society},
   author={Rieger, Phillip and Nguyen, Thien Duc and Miettinen, Markus and Sadeghi, Ahmad-Reza},
   year={2022},
   collection={NDSS 2022} }

@article{rieger2022deepsight,
  title={Deepsight: Mitigating backdoor attacks in federated learning through deep model inspection},
  author={Rieger, Phillip and Nguyen, Thien Duc and Miettinen, Markus and Sadeghi, Ahmad-Reza},
  journal={arXiv preprint arXiv:2201.00763},
  year={2022}
}



@article{Fereidooni2023FreqFedAF,
  title={FreqFed: A Frequency Analysis-Based Approach for Mitigating Poisoning Attacks in Federated Learning},
  author={Fereidooni, Hossein and Pegoraro, Alessandro and Rieger, Phillip and others},
  journal={arXiv preprint arXiv:2312.04432},
  year={2023}
}


@article{madry2019deeplearningmodelsresistant,
  title={Towards deep learning models resistant to adversarial attacks},
  author={M{\k{a}}dry, Aleksander and Makelov, Aleksandar and Schmidt, Ludwig and Tsipras, Dimitris and Vladu, Adrian},
  journal={stat},
  volume={1050},
  number={9},
  year={2017}
}



@misc{zhu2019deepleakagegradients,
      title={Deep Leakage from Gradients}, 
      author={Ligeng Zhu and Zhijian Liu and Song Han},
      year={2019},
      eprint={1906.08935},
      archivePrefix={arXiv},
      url={https://arxiv.org/abs/1906.08935}, 
}

@inproceedings{10.5555/3294771.3294783,
author = {Blanchard, Peva and El Mhamdi, El Mahdi and Guerraoui, Rachid and Stainer, Julien},
title = {Machine learning with adversaries: byzantine tolerant gradient descent},
year = {2017},
booktitle = {Proceedings of the 31st International Conference on Neural Information Processing Systems},
pages = {118–128},
numpages = {11},
series = {NIPS'17}
}

@misc{yin2021,
      title={Byzantine-Robust Distributed Learning: Towards Optimal Statistical Rates}, 
      author={Dong Yin and Yudong Chen and Kannan Ramchandran and Peter Bartlett},
      year={2021},
      url={https://arxiv.org/abs/1803.01498}, 
}

@inproceedings{10.1145/3548606.3560557,
  title={Eluding secure aggregation in federated learning via model inconsistency},
  author={Pasquini, Dario and Francati, Danilo and Ateniese, Giuseppe},
  booktitle={Proceedings of the 2022 ACM SIGSAC Conference on Computer and Communications Security},
  pages={2429--2443},
  year={2022}
}

@inproceedings{ozdayi2021defending,
  title={Defending against backdoors in federated learning with robust learning rate},
  author={Ozdayi, Mustafa Safa and Kantarcioglu, Murat and Gel, Yulia R},
  booktitle={Proceedings of the AAAI Conference on Artificial Intelligence},
  volume={35},
  number={10},
  pages={9268--9276},
  year={2021}
}