@article{zhou2024friedkin,
  title={Friedkin-johnsen model for opinion dynamics on signed graphs},
  author={Zhou, Xiaotian and Sun, Haoxin and Xu, Wanyue and Li, Wei and Zhang, Zhongzhi},
  journal={IEEE Transactions on Knowledge and Data Engineering},
  year={2024},
  publisher={IEEE}
}
@INPROCEEDINGS{9303954,
  author={Zino, Lorenzo and Ye, Mengbin and Cao, Ming},
  booktitle={2020 59th IEEE Conference on Decision and Control (CDC)}, 
  title={A Coevolutionary Model for Actions and Opinions in Social Networks}, 
  year={2020},
  volume={},
  number={},
  pages={1110-1115},
  keywords={Mathematical model;Games;Game theory;Social networking (online);Numerical models;Convergence;Analytical models},
  doi={10.1109/CDC42340.2020.9303954}}
@article{liu2022probabilistic,
  title={A probabilistic linguistic opinion dynamics method based on the DeGroot model for emergency decision-making in response to COVID-19},
  author={Liu, Yuanyuan and Yang, Youlong},
  journal={Computers \& Industrial Engineering},
  volume={173},
  pages={108677},
  year={2022},
  publisher={Elsevier}
}

@article{mo2022coevolution,
  title={Coevolution of collective opinions and actions under two different control inputs},
  author={Mo, Yao and Sun, Jitao},
  journal={Information Sciences},
  volume={608},
  pages={1632--1650},
  year={2022},
  publisher={Elsevier}
}
@article{zhou2020two,
  title={A two-step communication opinion dynamics model with self-persistence and influence index for social networks based on the DeGroot model},
  author={Zhou, Qinyue and Wu, Zhibin and Altalhi, Abdulrahman H and Herrera, Francisco},
  journal={Information Sciences},
  volume={519},
  pages={363--381},
  year={2020},
  publisher={Elsevier}
}

@article{wu2022mixed,
  title={Mixed opinion dynamics based on DeGroot model and Hegselmann--Krause model in social networks},
  author={Wu, Zhibin and Zhou, Qinyue and Dong, Yucheng and Xu, Jiuping and Altalhi, Abdulrahman H and Herrera, Francisco},
  journal={IEEE Transactions on Systems, Man, and Cybernetics: Systems},
  volume={53},
  number={1},
  pages={296--308},
  year={2022},
  publisher={IEEE}
}

@article{wang2024co,
  title={Co-evolution of opinions and behaviors based on conformity in social networks},
  author={Wang, Xian-Jia and Wang, Lin-Lin},
  journal={Physics Letters A},
  volume={522},
  pages={129753},
  year={2024},
  publisher={Elsevier}
}
@ARTICLE{10591448,
  author={Zhou, Xiaotian and Sun, Haoxin and Xu, Wanyue and Li, Wei and Zhang, Zhongzhi},
  journal={IEEE Transactions on Knowledge and Data Engineering}, 
  title={Friedkin-Johnsen Model for Opinion Dynamics on Signed Graphs}, 
  year={2024},
  volume={36},
  number={12},
  pages={8313-8327},
  keywords={Laplace equations;Social networking (online);Vectors;Approximation algorithms;Optimization;Mathematical models;Heuristic algorithms;Graph algorithm;opinion dynamics;opinion optimization;polarization;signed graph;social network},
  doi={10.1109/TKDE.2024.3424974}}
@ARTICLE{10168221,
  author={Aghbolagh, Hassan Dehghani and Ye, Mengbin and Zino, Lorenzo and Chen, Zhiyong and Cao, Ming},
  journal={IEEE Transactions on Automatic Control}, 
  title={Coevolutionary Dynamics of Actions and Opinions in Social Networks}, 
  year={2023},
  volume={68},
  number={12},
  pages={7708-7723},
  keywords={Games;Analytical models;Convergence;Game theory;Social networking (online);Psychology;Numerical models;Decision making;dynamics on networks;evolutionary game theory;opinion dynamics;polarization},
  doi={10.1109/TAC.2023.3290771}}
@article{parsegov2016novel,
  title={Novel multidimensional models of opinion dynamics in social networks},
  author={Parsegov, Sergey E and Proskurnikov, Anton V and Tempo, Roberto and Friedkin, Noah E},
  journal={IEEE Transactions on Automatic Control},
  volume={62},
  number={5},
  pages={2270--2285},
  year={2016},
  publisher={IEEE}
}
@article{zhou2022multidimensional,
  title={Multidimensional Friedkin-Johnsen model with increasing stubbornness in social networks},
  author={Zhou, Qinyue and Wu, Zhibin},
  journal={Information Sciences},
  volume={600},
  pages={170--188},
  year={2022},
  publisher={Elsevier}
}
@article{wang2024final,
  title={On final opinions of the Friedkin-Johnsen model over random graphs with partially stubborn community},
  author={Wang, Lingfei and Xing, Yu and Johansson, Karl H},
  journal={arXiv preprint arXiv:2409.05063},
  year={2024}
}
@book{rastgoftar2016continuum,
  title={Continuum deformation of multi-agent systems},
  author={Rastgoftar, Hossein},
  year={2016},
  publisher={Springer}
}
@article{allouche2010multi,
  title={Multi-agent coordination by temporal plan fusion: Application to combat search and rescue},
  author={Allouche, Mohamad K and Boukhtouta, Abdeslem},
  journal={Information Fusion},
  volume={11},
  number={3},
  pages={220--232},
  year={2010},
  publisher={Elsevier}
}
@inproceedings{kleiner2013rmasbench,
  title={Rmasbench: benchmarking dynamic multi-agent coordination in urban search and rescue},
  author={Kleiner, Alexander and Farinelli, Alessandro and Ramchurn, Sarvapali and Shi, Bing and Maffioletti, Fabio and Reffato, Riccardo},
  booktitle={12th International Conference on Autonomous Agents and Multiagent Systems (AAMAS 2013)},
  pages={1195--1196},
  year={2013}
}
@article{yuan2005distributed,
  title={Distributed structural health monitoring system based on smart wireless sensor and multi-agent technology},
  author={Yuan, Shenfang and Lai, Xiaosong and Zhao, Xia and Xu, Xin and Zhang, Liang},
  journal={Smart Materials and Structures},
  volume={15},
  number={1},
  pages={1},
  year={2005},
  publisher={IOP Publishing}
}
@inproceedings{ali2010multi,
  title={Multi-agent coordination and control system for multi-vehicle agricultural operations.},
  author={Ali, Osman and Saint Germain, Bart and Van Belle, Jan and Valckenaers, Paul and Van Brussel, Hendrik and Van Noten, Johan},
  booktitle={AAMAS},
  pages={1621--1622},
  year={2010}
}
@techreport{idris2018air,
  title={Air Traffic Management Technology Demonstration--3 (ATD-3) Multi-Agent Air/Ground Integrated Coordination (MAAGIC) Concept of Operations},
  author={Idris, H and Bilimoria, K and Wing, D and Harrison, S and Baxley, B},
  year={2018},
  institution={NASA/TM-2018-219931, NASA, Washington DC}
}
@article{qin2016leaderless,
  title={On leaderless and leader-following consensus for interacting clusters of second-order multi-agent systems},
  author={Qin, Jiahu and Yu, Changbin and Anderson, Brian DO},
  journal={Automatica},
  volume={74},
  pages={214--221},
  year={2016},
  publisher={Elsevier}
}
@article{ding2018leaderless,
  title={Leaderless output consensus of multi-agent systems with distinct relative degrees under switching directed topologies},
  author={Ding, Chao and Dong, Xinmin and Shi, Chao and Chen, Yong and Liu, Zongcheng},
  journal={IET Control Theory \& Applications},
  volume={13},
  number={3},
  pages={313--320},
  year={2018},
  publisher={IET}
}
@article{wu2018leader,
  title={Leader--follower consensus of multi-agent systems in directed networks with actuator faults},
  author={Wu, Yanming and Wang, Zhanshan and Ding, Sanbo and Zhang, Huaguang},
  journal={Neurocomputing},
  volume={275},
  pages={1177--1185},
  year={2018},
  publisher={Elsevier}
}
@article{shirzadi2024stubborn,
  title={Do stubborn users always cause more polarization and disagreement? a mathematical study},
  author={Shirzadi, Mohammad and Zehmakan, Ahad N},
  journal={arXiv preprint arXiv:2410.22577},
  year={2024}
}
@article{proskurnikov2017tutorial,
  title={A tutorial on modeling and analysis of dynamic social networks. Part I},
  author={Proskurnikov, Anton V and Tempo, Roberto},
  journal={Annual Reviews in Control},
  volume={43},
  pages={65--79},
  year={2017},
  publisher={Elsevier}
}
@INPROCEEDINGS{6760259,
  author={Stella, Leonardo and Bagagiolo, Fabio and Bauso, Dario and Como, Giacomo},
  booktitle={52nd IEEE Conference on Decision and Control}, 
  title={Opinion dynamics and stubbornness through mean-field games}, 
  year={2013},
  volume={},
  number={},
  pages={2519-2524},
  keywords={Games;Standards;Sociology;Statistics;Vectors;Mathematical model;Level set},
  doi={10.1109/CDC.2013.6760259}}
@article{wang2018fixed,
  title={Fixed-time consensus of nonlinear multi-agent systems with general directed topologies},
  author={Wang, He and Yu, Wenwu and Wen, Guanghui and Chen, Guanrong},
  journal={IEEE Transactions on Circuits and Systems II: Express Briefs},
  volume={66},
  number={9},
  pages={1587--1591},
  year={2018},
  publisher={IEEE}
}
@article{wen2016group,
  title={Group consensus control for heterogeneous multi-agent systems with fixed and switching topologies},
  author={Wen, Guoguang and Huang, Jun and Wang, Chunyan and Chen, Zhi and Peng, Zhaoxia},
  journal={International Journal of Control},
  volume={89},
  number={2},
  pages={259--269},
  year={2016},
  publisher={Taylor \& Francis}
}
@article{kang2022coevolution,
  title={Coevolution of opinion dynamics on evolving signed appraisal networks},
  author={Kang, Rongrong and Li, Xiang},
  journal={Automatica},
  volume={137},
  pages={110138},
  year={2022},
  publisher={Elsevier}
}
@article{lin2018opinion,
  title={Opinion propagation over signed networks: Models and convergence analysis},
  author={Lin, Xue and Jiao, Qiang and Wang, Long},
  journal={IEEE Transactions on Automatic Control},
  volume={64},
  number={8},
  pages={3431--3438},
  year={2018},
  publisher={IEEE}
}
@article{zhou2018h,
  title={H-infinity consensus for nonlinear stochastic multi-agent systems with time delay},
  author={Zhou, Jianping and Sang, Chengyan and Li, Xiao and Fang, Muyun and Wang, Zhen},
  journal={Applied Mathematics and Computation},
  volume={325},
  pages={41--58},
  year={2018},
  publisher={Elsevier}
}
@article{zhang2019delay,
  title={Delay-Dependent Stability Analysis of Modular Microgrid With Distributed Battery Power and SoC Consensus Tracking},
  author={Zhang, Xianyong and Huang, Yaohong and Li, Li and Wang, Yingjie and Duan, Wenyong},
  journal={IEEE Access},
  volume={7},
  pages={101125--101138},
  year={2019},
  publisher={IEEE}
}
@article{du2020distributed,
  title={Distributed fixed-time consensus for nonlinear heterogeneous multi-agent systems},
  author={Du, Haibo and Wen, Guanghui and Wu, Di and Cheng, Yingying and L{\"u}, Jinhu},
  journal={Automatica},
  volume={113},
  pages={108797},
  year={2020},
  publisher={Elsevier}
}
@article{xu2016global,
  title={Global robust distributed output consensus of multi-agent nonlinear systems: An internal model approach},
  author={Xu, Dabo and Wang, Xinghu and Hong, Yiguang and Jiang, Zhong-Ping},
  journal={Systems \& Control Letters},
  volume={87},
  pages={64--69},
  year={2016},
  publisher={Elsevier}
}
@article{cao2012distributed,
  title={Distributed containment control with multiple stationary or dynamic leaders in fixed and switching directed networks},
  author={Cao, Yongcan and Ren, Wei and Egerstedt, Magnus},
  journal={Automatica},
  volume={48},
  number={8},
  pages={1586--1597},
  year={2012},
  publisher={Elsevier}
}
@article{ji2008containment,
  title={Containment control in mobile networks},
  author={Ji, Meng and Ferrari-Trecate, Giancarlo and Egerstedt, Magnus and Buffa, Annalisa},
  journal={IEEE Transactions on Automatic Control},
  volume={53},
  number={8},
  pages={1972--1975},
  year={2008},
  publisher={IEEE}
}
@article{shen2016containment,
  title={Containment control of multi-agent systems with unbounded communication delays},
  author={Shen, Jun and Lam, James},
  journal={International Journal of Systems Science},
  volume={47},
  number={9},
  pages={2048--2057},
  year={2016},
  publisher={Taylor \& Francis}
}
@article{liu2014containment,
  title={Containment control for second-order multi-agent systems with time-varying delays},
  author={Liu, Kaien and Xie, Guangming and Wang, Long},
  journal={Systems \& Control Letters},
  volume={67},
  pages={24--31},
  year={2014},
  publisher={Elsevier}
}
@article{wang2013distributed,
  title={Distributed finite-time containment control for double-integrator multiagent systems},
  author={Wang, Xiangyu and Li, Shihua and Shi, Peng},
  journal={IEEE Transactions on Cybernetics},
  volume={44},
  number={9},
  pages={1518--1528},
  year={2013},
  publisher={IEEE}
}
@article{liu2015distributed,
  title={Distributed exponential finite-time coordination of multi-agent systems: containment control and consensus},
  author={Liu, Huiyang and Cheng, Long and Tan, Min and Hou, Zengguang and Wang, Yunpeng},
  journal={International Journal of Control},
  volume={88},
  number={2},
  pages={237--247},
  year={2015},
  publisher={Taylor \& Francis}
}
@article{notarstefano2011containment,
  title={Containment in leader--follower networks with switching communication topologies},
  author={Notarstefano, Giuseppe and Egerstedt, Magnus and Haque, M},
  journal={Automatica},
  volume={47},
  number={5},
  pages={1035--1040},
  year={2011},
  publisher={Elsevier}
}
@article{li2015containment,
  title={Containment control of leader-following multi-agent systems with Markovian switching network topologies and measurement noises},
  author={Li, Wuquan and Xie, Lihua and Zhang, Ji-Feng},
  journal={Automatica},
  volume={51},
  pages={263--267},
  year={2015},
  publisher={Elsevier}
}
@article{rastgoftar2018safe,
  title={Safe Multiquadcopter System Continuum Deformation Over Moving Frames},
  author={Rastgoftar, Hossein and Atkins, Ella M and Panagou, Dimitra},
  journal={IEEE Transactions on Control of Network Systems},
  volume={6},
  number={2},
  pages={737--749},
  year={2018},
  publisher={IEEE}
}
@article{rastgoftar2019safe,
  title={Safe multi-cluster UAV continuum deformation coordination},
  author={Rastgoftar, Hossein and Atkins, Ella M},
  journal={Aerospace Science and Technology},
  volume={91},
  pages={640--655},
  year={2019},
  publisher={Elsevier}
}
@article{miranda2020parameter,
  title={Parameter identification of conservative Hamiltonian systems using first integrals},
  author={Miranda-Colorado, Roger},
  journal={Applied Mathematics and Computation},
  volume={369},
  pages={124860},
  year={2020},
  publisher={Elsevier}
}
@article{xing2024concentration,
  title={Concentration in gossip opinion dynamics over random graphs},
  author={Xing, Yu and Johansson, Karl H},
  journal={SIAM Journal on Control and Optimization},
  volume={62},
  number={3},
  pages={1521--1545},
  year={2024},
  publisher={SIAM}
}
@article{xing2024transient,
  title={Transient behavior of gossip opinion dynamics with community structure},
  author={Xing, Yu and Johansson, Karl H},
  journal={Automatica},
  volume={164},
  pages={111627},
  year={2024},
  publisher={Elsevier}
}
@article{debuse2024study,
  title={A Study of Three Influencer Archetypes for the Control of Opinion Spread in Time-Varying Social Networks},
  author={DeBuse, Michael and Warnick, Sean},
  journal={arXiv preprint arXiv:2403.18163},
  year={2024}
}
@article{frasca2024opinion,
  title={Opinion dynamics on signed graphs and graphons: Beyond the piece-wise constant case},
  author={Frasca, Paolo and Garin, Federica and Prisant, Raoul},
  journal={arXiv preprint arXiv:2404.08372},
  year={2024}
}
@article{sprenger2024control,
  title={Control Strategies for Recommendation Systems in Social Networks},
  author={Sprenger, Ben and De Pasquale, Giulia and Soloperto, Raffaele and Lygeros, John and D{\"o}rfler, Florian},
  journal={IEEE Control Systems Letters},
  year={2024},
  publisher={IEEE}
}
@article{rastgoftar2021safe,
  title={Safe affine transformation-based guidance of a large-scale multiquadcopter system},
  author={Rastgoftar, Hossein and Kolmanovsky, Ilya V},
  journal={IEEE Transactions on Control of Network Systems},
  volume={8},
  number={2},
  pages={640--653},
  year={2021},
  publisher={IEEE}
}
@article{rastgoftar2022spatio,
  title={A spatio-temporal reference trajectory planner approach to collision-free continuum deformation coordination},
  author={Rastgoftar, Hossein and Kolmanovsky, Ilya V},
  journal={Automatica},
  volume={142},
  pages={110255},
  year={2022},
  publisher={Elsevier}
}
@article{rastgoftar2021scalable,
  title={Scalable vehicle team continuum deformation coordination with eigen decomposition},
  author={Rastgoftar, Hossein and Atkins, Ella M and Kolmanovsky, Ilya V},
  journal={IEEE Transactions on Automatic Control},
  volume={67},
  number={5},
  pages={2514--2521},
  year={2021},
  publisher={IEEE}
}