@article{abramovich2024enigma,
  title={EnIGMA: Enhanced Interactive Generative Model Agent for CTF Challenges},
  author={Abramovich, Talor and Udeshi, Meet and Shao, Minghao and Lieret, Kilian and Xi, Haoran and Milner, Kimberly and Jancheska, Sofija and Yang, John and Jimenez, Carlos E and Khorrami, Farshad and others},
  journal={arXiv preprint arXiv:2409.16165},
  year={2024}
}

@online{aixcc,
  title={{DARPA} Artificial Intelligence Cyber Challenge ({AIxCC})},
  year={2023},
  url={https://aicyberchallenge.com/about/},
}

@misc{alam2024ctibench,
      title={CTIBench: A Benchmark for Evaluating {LLM}s in Cyber Threat Intelligence}, 
      author={Md Tanvirul Alam and Dipkamal Bhusal and Le Nguyen and Nidhi Rastogi},
      year={2024},
      eprint={2406.07599},
      archivePrefix={arXiv},
      primaryClass={cs.CR},
      url={https://arxiv.org/abs/2406.07599}, 
}

@article{anurin2024catastrophic,
  title={Catastrophic Cyber Capabilities Benchmark (3CB): Robustly Evaluating LLM Agent Cyber Offense Capabilities},
  author={Anurin, Andrey and Ng, Jonathan and Schaffer, Kibo and Schreiber, Jason and Kran, Esben},
  journal={arXiv preprint arXiv:2410.09114},
  year={2024}
}

@article{bhatt2023purple,
  title={Purple llama cyberseceval: A secure coding benchmark for language models},
  author={Bhatt, Manish and Chennabasappa, Sahana and Nikolaidis, Cyrus and Wan, Shengye and Evtimov, Ivan and Gabi, Dominik and Song, Daniel and Ahmad, Faizan and Aschermann, Cornelius and Fontana, Lorenzo and others},
  journal={arXiv preprint arXiv:2312.04724},
  year={2023}
}

@article{bhatt2024cyberseceval,
  title={Cyberseceval 2: A wide-ranging cybersecurity evaluation suite for large language models},
  author={Bhatt, Manish and Chennabasappa, Sahana and Li, Yue and Nikolaidis, Cyrus and Song, Daniel and Wan, Shengye and Ahmad, Faizan and Aschermann, Cornelius and Chen, Yaohui and Kapil, Dhaval and others},
  journal={arXiv preprint arXiv:2404.13161},
  year={2024}
}

@article{chang2024survey,
  title={A survey on evaluation of large language models},
  author={Chang, Yupeng and Wang, Xu and Wang, Jindong and Wu, Yuan and Yang, Linyi and Zhu, Kaijie and Chen, Hao and Yi, Xiaoyuan and Wang, Cunxiang and Wang, Yidong and others},
  journal={ACM Transactions on Intelligent Systems and Technology},
  volume={15},
  number={3},
  pages={1--45},
  year={2024},
  publisher={ACM New York, NY}
}

@article{chauvin2024eyeballvul,
  title={eyeballvul: a future-proof benchmark for vulnerability detection in the wild},
  author={Chauvin, Timothee},
  journal={arXiv preprint arXiv:2407.08708},
  year={2024}
}

@article{deng2023pentestgpt,
  title={Pentestgpt: An llm-empowered automatic penetration testing tool},
  author={Deng, Gelei and Liu, Yi and Mayoral-Vilches, V{\'\i}ctor and Liu, Peng and Li, Yuekang and Xu, Yuan and Zhang, Tianwei and Liu, Yang and Pinzger, Martin and Rass, Stefan},
  journal={arXiv preprint arXiv:2308.06782},
  year={2023}
}

@misc{fang2024llm,
      title={LLM Agents can Autonomously Hack Websites}, 
      author={Richard Fang and Rohan Bindu and Akul Gupta and Qiusi Zhan and Daniel Kang},
      year={2024},
      eprint={2402.06664},
      archivePrefix={arXiv},
      primaryClass={cs.CR},
      url={https://arxiv.org/abs/2402.06664}, 
}

@misc{fang2024llm_od,
      title={LLM Agents can Autonomously Exploit One-day Vulnerabilities}, 
      author={Richard Fang and Rohan Bindu and Akul Gupta and Daniel Kang},
      year={2024},
      eprint={2404.08144},
      archivePrefix={arXiv},
      primaryClass={cs.CR},
      url={https://arxiv.org/abs/2404.08144}, 
}

@article{glazunov2024project,
  title={Project Naptime: Evaluating Offensive Security Capabilities of Large Language Models. 2024},
  author={Glazunov, Sergei and Brand, Mark},
  journal={URl: https://googleprojectzero. blogspot. com/2024/06/project-naptime. html}
}

@article{happe2024got,
  title={Got Root? A Linux Priv-Esc Benchmark},
  author={Happe, Andreas and Cito, J{\"u}rgen},
  journal={arXiv preprint arXiv:2405.02106},
  year={2024}
}

@article{happe2024llms,
  title={{LLM}s as hackers: Autonomous linux privilege escalation attacks},
  author={Happe, A and Kaplan, A and Cito, J},
  journal={arXiv preprint},
  year={2024}
}

@article{huang2024penheal,
  title={PenHeal: A Two-Stage LLM Framework for Automated Pentesting and Optimal Remediation},
  author={Huang, Junjie and Zhu, Quanyan},
  journal={arXiv preprint arXiv:2407.17788},
  year={2024}
}

@misc{incalmo,
      title={On the Feasibility of Using {LLM}s to Execute Multistage Network Attacks}, 
      author={Brian Singer and Keane Lucas and Lakshmi Adiga and Meghna Jain and Lujo Bauer and Vyas Sekar},
      year={2025},
      eprint={2501.16466},
      archivePrefix={arXiv},
      primaryClass={cs.CR},
      url={https://arxiv.org/abs/2501.16466}, 
}

@misc{li2023comprehensive,
  title={A comprehensive benchmark for evaluating cybersecurity knowledge of foundation models},
  author={Li, Guancheng and Li, Yifeng and Guannan, Wang and Yang, Haoyu and Seceval, Yang Yu},
  year={2023}
}

@article{liu2023secqa,
  title={Secqa: A concise question-answering dataset for evaluating large language models in computer security},
  author={Liu, Zefang},
  journal={arXiv preprint arXiv:2312.15838},
  year={2023}
}

@article{phuong2024evaluating,
  title={Evaluating frontier models for dangerous capabilities},
  author={Phuong, Mary and Aitchison, Matthew and Catt, Elliot and Cogan, Sarah and Kaskasoli, Alexandre and Krakovna, Victoria and Lindner, David and Rahtz, Matthew and Assael, Yannis and Hodkinson, Sarah and others},
  journal={arXiv preprint arXiv:2403.13793},
  year={2024}
}

@article{shao2024empirical,
  title={An empirical evaluation of {LLM}s for solving offensive security challenges},
  author={Shao, Minghao and Chen, Boyuan and Jancheska, Sofija and Dolan-Gavitt, Brendan and Garg, Siddharth and Karri, Ramesh and Shafique, Muhammad},
  journal={arXiv preprint arXiv:2402.11814},
  year={2024}
}

@misc{tann2023CTF,
      title={Using Large Language Models for Cybersecurity Capture-The-Flag Challenges and Certification Questions}, 
      author={Wesley Tann and Yuancheng Liu and Jun Heng Sim and Choon Meng Seah and Ee-Chien Chang},
      year={2023},
      eprint={2308.10443},
      archivePrefix={arXiv},
      primaryClass={cs.AI},
      url={https://arxiv.org/abs/2308.10443}, 
}

@inproceedings{tihanyi2024cybermetric,
  title={CyberMetric: A Benchmark Dataset based on Retrieval-Augmented Generation for Evaluating {LLM}s in Cybersecurity Knowledge},
  author={Tihanyi, Norbert and Ferrag, Mohamed Amine and Jain, Ridhi and Bisztray, Tamas and Debbah, Merouane},
  booktitle={2024 IEEE International Conference on Cyber Security and Resilience (CSR)},
  pages={296--302},
  year={2024},
  organization={IEEE}
}

@misc{vulnhuntr,
  title={{Vulnhuntr: Autonomous AI Finds First 0-day Vulnerabilities in Wild}},
  howpublished = {\url{http://protectai.com/threat-research/vulnhuntr-first-0-day-vulnerabilities}},
  year = {2024}
}

@article{wan2024cyberseceval,
  title={CYBERSECEVAL 3: Advancing the Evaluation of Cybersecurity Risks and Capabilities in Large Language Models},
  author={Wan, Shengye and Nikolaidis, Cyrus and Song, Daniel and Molnar, David and Crnkovich, James and Grace, Jayson and Bhatt, Manish and Chennabasappa, Sahana and Whitman, Spencer and Ding, Stephanie and others},
  journal={arXiv preprint arXiv:2408.01605},
  year={2024}
}

@article{xu2024autoattacker,
  title={Autoattacker: A large language model guided system to implement automatic cyber-attacks},
  author={Xu, Jiacen and Stokes, Jack W and McDonald, Geoff and Bai, Xuesong and Marshall, David and Wang, Siyue and Swaminathan, Adith and Li, Zhou},
  journal={arXiv preprint arXiv:2403.01038},
  year={2024}
}

@inproceedings{yang2023language,
  title={Language agents as hackers: Evaluating cybersecurity skills with capture the flag},
  author={Yang, John and Prabhakar, Akshara and Yao, Shunyu and Pei, Kexin and Narasimhan, Karthik R}

@article{yang2024swe,
  title={Swe-agent: Agent-computer interfaces enable automated software engineering},
  author={Yang, John and Jimenez, Carlos E and Wettig, Alexander and Lieret, Kilian and Yao, Shunyu and Narasimhan, Karthik and Press, Ofir},
  journal={arXiv preprint arXiv:2405.15793},
  year={2024}
}

@article{zhang2024cybench,
  title={Cybench: A Framework for Evaluating Cybersecurity Capabilities and Risk of Language Models},
  author={Zhang, Andy K and Perry, Neil and Dulepet, Riya and Jones, Eliot and Lin, Justin W and Ji, Joey and Menders, Celeste and Hussein, Gashon and Liu, Samantha and Jasper, Donovan and others},
  journal={arXiv preprint arXiv:2408.08926},
  year={2024}
}

@misc{zhang2024cybenchframeworkevaluatingcybersecurity,
      title={Cybench: A Framework for Evaluating Cybersecurity Capabilities and Risk of Language Models}, 
      author={Andy K. Zhang and Neil Perry and Riya Dulepet and Eliot Jones and Justin W. Lin and Joey Ji and Celeste Menders and Gashon Hussein and Samantha Liu and Donovan Jasper and Pura Peetathawatchai and Ari Glenn and Vikram Sivashankar and Daniel Zamoshchin and Leo Glikbarg and Derek Askaryar and Mike Yang and Teddy Zhang and Rishi Alluri and Nathan Tran and Rinnara Sangpisit and Polycarpos Yiorkadjis and Kenny Osele and Gautham Raghupathi and Dan Boneh and Daniel E. Ho and Percy Liang},
      year={2024},
      eprint={2408.08926},
      archivePrefix={arXiv},
      primaryClass={cs.CR},
      url={https://arxiv.org/abs/2408.08926}, 
}

