@article{bhatt2023purple,
  title={Purple llama cyberseceval: A secure coding benchmark for language models},
  author={Bhatt, Manish and Chennabasappa, Sahana and Nikolaidis, Cyrus and Wan, Shengye and Evtimov, Ivan and Gabi, Dominik and Song, Daniel and Ahmad, Faizan and Aschermann, Cornelius and Fontana, Lorenzo and others},
  journal={arXiv preprint arXiv:2312.04724},
  year={2023}
}

@article{Dullien2020Weird,
  author={Dullien, Thomas},
  journal={IEEE Transactions on Emerging Topics in Computing}, 
  title={Weird Machines, Exploitability, and Provable Unexploitability}, 
  year={2020},
  volume={8},
  number={2},
  pages={391-403},
  keywords={Software;Programming;Complexity theory;Transducers;Concrete;Cryptography;Computer security;computer hacking;computation theory;information security;language-theoretic security},
  doi={10.1109/TETC.2017.2785299}}


@article{bhatt2024cyberseceval,
  title={Cyberseceval 2: A wide-ranging cybersecurity evaluation suite for large language models},
  author={Bhatt, Manish and Chennabasappa, Sahana and Li, Yue and Nikolaidis, Cyrus and Song, Daniel and Wan, Shengye and Ahmad, Faizan and Aschermann, Cornelius and Chen, Yaohui and Kapil, Dhaval and others},
  journal={arXiv preprint arXiv:2404.13161},
  year={2024}
}

@article{wan2024cyberseceval,
  title={CYBERSECEVAL 3: Advancing the Evaluation of Cybersecurity Risks and Capabilities in Large Language Models},
  author={Wan, Shengye and Nikolaidis, Cyrus and Song, Daniel and Molnar, David and Crnkovich, James and Grace, Jayson and Bhatt, Manish and Chennabasappa, Sahana and Whitman, Spencer and Ding, Stephanie and others},
  journal={arXiv preprint arXiv:2408.01605},
  year={2024}
}

@article{phuong2024evaluating,
  title={Evaluating frontier models for dangerous capabilities},
  author={Phuong, Mary and Aitchison, Matthew and Catt, Elliot and Cogan, Sarah and Kaskasoli, Alexandre and Krakovna, Victoria and Lindner, David and Rahtz, Matthew and Assael, Yannis and Hodkinson, Sarah and others},
  journal={arXiv preprint arXiv:2403.13793},
  year={2024}
}

@article{glazunov2024project,
  title={Project Naptime: Evaluating Offensive Security Capabilities of Large Language Models. 2024},
  author={Glazunov, Sergei and Brand, Mark},
  journal={URl: https://googleprojectzero. blogspot. com/2024/06/project-naptime. html}
}

@article{deng2023pentestgpt,
  title={Pentestgpt: An llm-empowered automatic penetration testing tool},
  author={Deng, Gelei and Liu, Yi and Mayoral-Vilches, V{\'\i}ctor and Liu, Peng and Li, Yuekang and Xu, Yuan and Zhang, Tianwei and Liu, Yang and Pinzger, Martin and Rass, Stefan},
  journal={arXiv preprint arXiv:2308.06782},
  year={2023}
}

@misc{tann2023CTF,
      title={Using Large Language Models for Cybersecurity Capture-The-Flag Challenges and Certification Questions}, 
      author={Wesley Tann and Yuancheng Liu and Jun Heng Sim and Choon Meng Seah and Ee-Chien Chang},
      year={2023},
      eprint={2308.10443},
      archivePrefix={arXiv},
      primaryClass={cs.AI},
      url={https://arxiv.org/abs/2308.10443}, 
}

@misc{li2024wmdp,
      title={The WMDP Benchmark: Measuring and Reducing Malicious Use With Unlearning},
      author={Nathaniel Li and Alexander Pan and Anjali Gopal and Summer Yue and Daniel Berrios and Alice Gatti and Justin D. Li and Ann-Kathrin Dombrowski and Shashwat Goel and Long Phan and Gabriel Mukobi and Nathan Helm-Burger and Rassin Lababidi and Lennart Justen and Andrew B. Liu and Michael Chen and Isabelle Barrass and Oliver Zhang and Xiaoyuan Zhu and Rishub Tamirisa and Bhrugu Bharathi and Adam Khoja and Zhenqi Zhao and Ariel Herbert-Voss and Cort B. Breuer and Andy Zou and Mantas Mazeika and Zifan Wang and Palash Oswal and Weiran Liu and Adam A. Hunt and Justin Tienken-Harder and Kevin Y. Shih and Kemper Talley and John Guan and Russell Kaplan and Ian Steneker and David Campbell and Brad Jokubaitis and Alex Levinson and Jean Wang and William Qian and Kallol Krishna Karmakar and Steven Basart and Stephen Fitz and Mindy Levine and Ponnurangam Kumaraguru and Uday Tupakula and Vijay Varadharajan and Yan Shoshitaishvili and Jimmy Ba and Kevin M. Esvelt and Alexandr Wang and Dan Hendrycks},
      year={2024},
      eprint={2403.03218},
      archivePrefix={arXiv},
      primaryClass={cs.LG}
}

@misc{alam2024ctibench,
      title={CTIBench: A Benchmark for Evaluating {LLM}s in Cyber Threat Intelligence}, 
      author={Md Tanvirul Alam and Dipkamal Bhusal and Le Nguyen and Nidhi Rastogi},
      year={2024},
      eprint={2406.07599},
      archivePrefix={arXiv},
      primaryClass={cs.CR},
      url={https://arxiv.org/abs/2406.07599}, 
}

 @article{zhang2024cybench,
  title={Cybench: A Framework for Evaluating Cybersecurity Capabilities and Risk of Language Models},
  author={Zhang, Andy K and Perry, Neil and Dulepet, Riya and Jones, Eliot and Lin, Justin W and Ji, Joey and Menders, Celeste and Hussein, Gashon and Liu, Samantha and Jasper, Donovan and others},
  journal={arXiv preprint arXiv:2408.08926},
  year={2024}
}

@misc{compound-ai-blog,
  title={The Shift from Models to Compound AI Systems},
  author={Matei Zaharia and Omar Khattab and Lingjiao Chen and Jared Quincy Davis
          and Heather Miller and Chris Potts and James Zou and Michael Carbin
          and Jonathan Frankle and Naveen Rao and Ali Ghodsi},
  howpublished={\url{https://bair.berkeley.edu/blog/2024/02/18/compound-ai-systems/}},
  year={2024}
}

@software{MITRE_Corporation_MITRE_Caldera_A_2024,
    author = {MITRE},
    month = feb,
    title = {{MITRE Caldera: A Scalable, Automated Adversary Emulation Platform}},
    url = {https://github.com/mitre/caldera},
    version = {5.0.0},
    year = {2024}
}

@article{chollet2019measure,
  title={On the measure of intelligence},
  author={Chollet, Fran{\c{c}}ois},
  journal={arXiv preprint arXiv:1911.01547},
  year={2019}
}

@misc{fang2024llm,
      title={LLM Agents can Autonomously Hack Websites}, 
      author={Richard Fang and Rohan Bindu and Akul Gupta and Qiusi Zhan and Daniel Kang},
      year={2024},
      eprint={2402.06664},
      archivePrefix={arXiv},
      primaryClass={cs.CR},
      url={https://arxiv.org/abs/2402.06664}, 
}

@misc{fang2024llm_od,
      title={LLM Agents can Autonomously Exploit One-day Vulnerabilities}, 
      author={Richard Fang and Rohan Bindu and Akul Gupta and Daniel Kang},
      year={2024},
      eprint={2404.08144},
      archivePrefix={arXiv},
      primaryClass={cs.CR},
      url={https://arxiv.org/abs/2404.08144}, 
}

@article{xu2024autoattacker,
  title={Autoattacker: A large language model guided system to implement automatic cyber-attacks},
  author={Xu, Jiacen and Stokes, Jack W and McDonald, Geoff and Bai, Xuesong and Marshall, David and Wang, Siyue and Swaminathan, Adith and Li, Zhou},
  journal={arXiv preprint arXiv:2403.01038},
  year={2024}
}

@article{thompson1984reflections,
  title={Reflections on trusting trust},
  author={Thompson, Ken},
  journal={Communications of the ACM},
  volume={27},
  number={8},
  pages={761--763},
  year={1984},
  publisher={ACM New York, NY, USA}
}

@misc{zhang2024cybenchframeworkevaluatingcybersecurity,
      title={Cybench: A Framework for Evaluating Cybersecurity Capabilities and Risk of Language Models}, 
      author={Andy K. Zhang and Neil Perry and Riya Dulepet and Eliot Jones and Justin W. Lin and Joey Ji and Celeste Menders and Gashon Hussein and Samantha Liu and Donovan Jasper and Pura Peetathawatchai and Ari Glenn and Vikram Sivashankar and Daniel Zamoshchin and Leo Glikbarg and Derek Askaryar and Mike Yang and Teddy Zhang and Rishi Alluri and Nathan Tran and Rinnara Sangpisit and Polycarpos Yiorkadjis and Kenny Osele and Gautham Raghupathi and Dan Boneh and Daniel E. Ho and Percy Liang},
      year={2024},
      eprint={2408.08926},
      archivePrefix={arXiv},
      primaryClass={cs.CR},
      url={https://arxiv.org/abs/2408.08926}, 
}

@article{khattab2023dspy,
  title={DSPy: Compiling Declarative Language Model Calls into Self-Improving Pipelines},
  author={Khattab, Omar and Singhvi, Arnav and Maheshwari, Paridhi and Zhang, Zhiyuan and Santhanam, Keshav and Vardhamanan, Sri and Haq, Saiful and Sharma, Ashutosh and Joshi, Thomas T. and Moazam, Hanna and Miller, Heather and Zaharia, Matei and Potts, Christopher},
  journal={arXiv preprint arXiv:2310.03714},
  year={2023}
}

@software{UK_AI_Safety_Institute_Inspect_AI_Framework_2024,
    author={{UK AI Safety Institute}},
    license={MIT},
    month=may,
    title={{Inspect AI: Framework for Large Language Model Evaluations}},
    url={https://github.com/UKGovernmentBEIS/inspect_ai},
    year={2024}
}

@software{OpenAIPython,
    author={{OpenAI}},
    license={Apache-2.0},
    title={{OpenAI Python API library}},
    url={https://github.com/openai/openai-python},
    year={2024},
}

@software{Faraglia_Faker,
    author = {Faraglia, Daniele and {Other Contributors}},
    license = {MIT},
    title = {{Faker}},
    url = {https://github.com/joke2k/faker}
}

@incollection{strom2018mitre,
  title={Mitre att\&ck: Design and philosophy},
  author={Strom, Blake E and Applebaum, Andy and Miller, Doug P and Nickels, Kathryn C and Pennington, Adam G and Thomas, Cody B},
  booktitle={Technical report},
  year={2018},
  publisher={The MITRE Corporation}
}

@misc{lockeedCKC,
  title={{The Cyber Kill Chain}},
  howpublished = {\url{https://www.lockheedmartin.com/en-us/capabilities/cyber/cyber-kill-chain.html}},
  year = {2011}
}

@misc{bloodhound,
  title={{SpecterOps - BloodHound CE}},
  howpublished = {\url{https://github.com/SpecterOps/BloodHound}},
  year = {2024}
}

@misc{neo4j,
  title={{Neo4j}},
  howpublished = {\url{https://neo4j.com/}},
  year = {2024}
}

@misc{bloodhound.py,
  title={{bloodhound.py}},
  howpublished = {\url{https://github.com/dirkjanm/BloodHound.py}},
  year = {2024}
}

@misc{sharphound,
  title={{SharpHound}},
  howpublished = {\url{https://github.com/BloodHoundAD/SharpHound}},
  year = {2024}
}

@misc{tgi,
  title={{HuggingFace: Text Generation Inference}},
  howpublished = {\url{https://github.com/huggingface/text-generation-inference}},
  year = {2024}
}

@article{wei2022chain,
  title={Chain-of-thought prompting elicits reasoning in large language models},
  author={Wei, Jason and Wang, Xuezhi and Schuurmans, Dale and Bosma, Maarten and Xia, Fei and Chi, Ed and Le, Quoc V and Zhou, Denny and others},
  journal={Advances in neural information processing systems},
  volume={35},
  pages={24824--24837},
  year={2022}
}

@article{kouremetis2024mirage,
  title={Mirage: cyber deception against autonomous cyber attacks in emulation and simulation},
  author={Kouremetis, Michael and Lawrence, Dean and Alford, Ron and Cheuvront, Zoe and Davila, David and Geyer, Benjamin and Haigh, Trevor and Michalak, Ethan and Murphy, Rachel and Russo, Gianpaolo},
  journal={Annals of Telecommunications},
  pages={1--15},
  year={2024},
  publisher={Springer}
}


@book{russell2016artificial,
  title={Artificial intelligence: a modern approach},
  author={Russell, Stuart J and Norvig, Peter},
  year={2016},
  publisher={Pearson}
}

@article{silver2017mastering,
  title={Mastering the game of go without human knowledge},
  author={Silver, David and Schrittwieser, Julian and Simonyan, Karen and Antonoglou, Ioannis and Huang, Aja and Guez, Arthur and Hubert, Thomas and Baker, Lucas and Lai, Matthew and Bolton, Adrian and others},
  journal={nature},
  volume={550},
  number={7676},
  pages={354--359},
  year={2017},
  publisher={Nature Publishing Group}
}

@article{chauvin2024eyeballvul,
  title={eyeballvul: a future-proof benchmark for vulnerability detection in the wild},
  author={Chauvin, Timothee},
  journal={arXiv preprint arXiv:2407.08708},
  year={2024}
}

@article{happe2024got,
  title={Got Root? A Linux Priv-Esc Benchmark},
  author={Happe, Andreas and Cito, J{\"u}rgen},
  journal={arXiv preprint arXiv:2405.02106},
  year={2024}
}

@article{happe2024llms,
  title={{LLM}s as hackers: Autonomous linux privilege escalation attacks},
  author={Happe, A and Kaplan, A and Cito, J},
  journal={arXiv preprint},
  year={2024}
}


@article{huang2024penheal,
  title={PenHeal: A Two-Stage LLM Framework for Automated Pentesting and Optimal Remediation},
  author={Huang, Junjie and Zhu, Quanyan},
  journal={arXiv preprint arXiv:2407.17788},
  year={2024}
}

@article{abramovich2024enigma,
  title={EnIGMA: Enhanced Interactive Generative Model Agent for CTF Challenges},
  author={Abramovich, Talor and Udeshi, Meet and Shao, Minghao and Lieret, Kilian and Xi, Haoran and Milner, Kimberly and Jancheska, Sofija and Yang, John and Jimenez, Carlos E and Khorrami, Farshad and others},
  journal={arXiv preprint arXiv:2409.16165},
  year={2024}
}

@inproceedings{tihanyi2024cybermetric,
  title={CyberMetric: A Benchmark Dataset based on Retrieval-Augmented Generation for Evaluating {LLM}s in Cybersecurity Knowledge},
  author={Tihanyi, Norbert and Ferrag, Mohamed Amine and Jain, Ridhi and Bisztray, Tamas and Debbah, Merouane},
  booktitle={2024 IEEE International Conference on Cyber Security and Resilience (CSR)},
  pages={296--302},
  year={2024},
  organization={IEEE}
}


@misc{vulnhuntr,
  title={{Vulnhuntr: Autonomous AI Finds First 0-day Vulnerabilities in Wild}},
  howpublished = {\url{http://protectai.com/threat-research/vulnhuntr-first-0-day-vulnerabilities}},
  year = {2024}
}

@inproceedings{yang2023language,
  title={Language agents as hackers: Evaluating cybersecurity skills with capture the flag},
  author={Yang, John and Prabhakar, Akshara and Yao, Shunyu and Pei, Kexin and Narasimhan, Karthik R},
  booktitle={Multi-Agent Security Workshop@ NeurIPS'23},
  year={2023}
}

@misc{li2023comprehensive,
  title={A comprehensive benchmark for evaluating cybersecurity knowledge of foundation models},
  author={Li, Guancheng and Li, Yifeng and Guannan, Wang and Yang, Haoyu and Seceval, Yang Yu},
  year={2023}
}

@article{liu2023secqa,
  title={Secqa: A concise question-answering dataset for evaluating large language models in computer security},
  author={Liu, Zefang},
  journal={arXiv preprint arXiv:2312.15838},
  year={2023}
}

@article{shao2024empirical,
  title={An empirical evaluation of {LLM}s for solving offensive security challenges},
  author={Shao, Minghao and Chen, Boyuan and Jancheska, Sofija and Dolan-Gavitt, Brendan and Garg, Siddharth and Karri, Ramesh and Shafique, Muhammad},
  journal={arXiv preprint arXiv:2402.11814},
  year={2024}
}

@article{chang2024survey,
  title={A survey on evaluation of large language models},
  author={Chang, Yupeng and Wang, Xu and Wang, Jindong and Wu, Yuan and Yang, Linyi and Zhu, Kaijie and Chen, Hao and Yi, Xiaoyuan and Wang, Cunxiang and Wang, Yidong and others},
  journal={ACM Transactions on Intelligent Systems and Technology},
  volume={15},
  number={3},
  pages={1--45},
  year={2024},
  publisher={ACM New York, NY}
}


@online{aixcc,
  title={{DARPA} Artificial Intelligence Cyber Challenge ({AIxCC})},
  year={2023},
  url={https://aicyberchallenge.com/about/},
}

@article{yang2024swe,
  title={Swe-agent: Agent-computer interfaces enable automated software engineering},
  author={Yang, John and Jimenez, Carlos E and Wettig, Alexander and Lieret, Kilian and Yao, Shunyu and Narasimhan, Karthik and Press, Ofir},
  journal={arXiv preprint arXiv:2405.15793},
  year={2024}
}


@article{kambhampati2024llms,
  title={{LLM}s can't plan, but can help planning in LLM-modulo frameworks},
  author={Kambhampati, Subbarao and Valmeekam, Karthik and Guan, Lin and Verma, Mudit and Stechly, Kaya and Bhambri, Siddhant and Saldyt, Lucas and Murthy, Anil},
  journal={arXiv preprint arXiv:2402.01817},
  year={2024}
}

@article{xie2024memorization,
  title={On Memorization of Large Language Models in Logical Reasoning},
  author={Xie, Chulin and Huang, Yangsibo and Zhang, Chiyuan and Yu, Da and Chen, Xinyun and Lin, Bill Yuchen and Li, Bo and Ghazi, Badih and Kumar, Ravi},
  journal={arXiv preprint arXiv:2410.23123},
  year={2024}
}

@misc{spod_ann,
  title={MITRE to Establish New AI Experimentation and Prototyping Capability for U.S. Government Agencies},
  year={2024},
  url={https://www.mitre.org/news-insights/news-release/mitre-establish-new-ai-experimentation-and-prototyping-capability-us}, 
}

@misc{1606.01540,
  Author = {Greg Brockman and Vicki Cheung and Ludwig Pettersson and Jonas Schneider and John Schulman and Jie Tang and Wojciech Zaremba},
  Title = {OpenAI Gym},
  Year = {2016},
  Eprint = {arXiv:1606.01540},
}

@misc{mkatz,
  Author = {Benjamin Delpy},
  Title = {mimikatz},
  Year = {2024},
  url = {https://github.com/ParrotSec/mimikatz},
}

@misc{hface,
  Title = {HuggingFace: Open LLM Leaderboard},
  Year = {2024},
  url = {https://huggingface.co/spaces/open-llm-leaderboard/open_llm_leaderboard},
}

@misc{li2024wmdpbenchmarkmeasuringreducing,
      title={The WMDP Benchmark: Measuring and Reducing Malicious Use With Unlearning}, 
      author={Nathaniel Li and Alexander Pan and Anjali Gopal and Summer Yue and Daniel Berrios and Alice Gatti and Justin D. Li and Ann-Kathrin Dombrowski and Shashwat Goel and Long Phan and Gabriel Mukobi and Nathan Helm-Burger and Rassin Lababidi and Lennart Justen and Andrew B. Liu and Michael Chen and Isabelle Barrass and Oliver Zhang and Xiaoyuan Zhu and Rishub Tamirisa and Bhrugu Bharathi and Adam Khoja and Zhenqi Zhao and Ariel Herbert-Voss and Cort B. Breuer and Samuel Marks and Oam Patel and Andy Zou and Mantas Mazeika and Zifan Wang and Palash Oswal and Weiran Lin and Adam A. Hunt and Justin Tienken-Harder and Kevin Y. Shih and Kemper Talley and John Guan and Russell Kaplan and Ian Steneker and David Campbell and Brad Jokubaitis and Alex Levinson and Jean Wang and William Qian and Kallol Krishna Karmakar and Steven Basart and Stephen Fitz and Mindy Levine and Ponnurangam Kumaraguru and Uday Tupakula and Vijay Varadharajan and Ruoyu Wang and Yan Shoshitaishvili and Jimmy Ba and Kevin M. Esvelt and Alexandr Wang and Dan Hendrycks},
      year={2024},
      eprint={2403.03218},
      archivePrefix={arXiv},
      primaryClass={cs.LG},
      url={https://arxiv.org/abs/2403.03218}, 
}

@article{roberts2020much,
  title={How much knowledge can you pack into the parameters of a language model?},
  author={Roberts, Adam and Raffel, Colin and Shazeer, Noam},
  journal={arXiv preprint arXiv:2002.08910},
  year={2020}
}

@misc{incalmo,
      title={On the Feasibility of Using {LLM}s to Execute Multistage Network Attacks}, 
      author={Brian Singer and Keane Lucas and Lakshmi Adiga and Meghna Jain and Lujo Bauer and Vyas Sekar},
      year={2025},
      eprint={2501.16466},
      archivePrefix={arXiv},
      primaryClass={cs.CR},
      url={https://arxiv.org/abs/2501.16466}, 
}

@article{anurin2024catastrophic,
  title={Catastrophic Cyber Capabilities Benchmark (3CB): Robustly Evaluating LLM Agent Cyber Offense Capabilities},
  author={Anurin, Andrey and Ng, Jonathan and Schaffer, Kibo and Schreiber, Jason and Kran, Esben},
  journal={arXiv preprint arXiv:2410.09114},
  year={2024}
}