@article{Bailey_2023, 
    title={Deep Batch Active Learning for Drug Discovery}, 
    url={http://dx.doi.org/10.1101/2023.07.26.550653}, 
    DOI={10.1101/2023.07.26.550653}, 
    publisher={Cold Spring Harbor Laboratory}, 
    author={Bailey, Michael and Moayedpour, Saeed and Li, Ruijiang and Corrochano-Navarro, Alejandro and KÃ¶tter, Alexander and Kogler-Anele, Lorenzo and Riahi, Saleh and Grebner, Christoph and Hessler, Gerhard and Matter, Hans and Bianciotto, Marc and Mas, Pablo and Bar-Joseph, Ziv and Jager, Sven}, 
    year={2023}, 
    month=jul
}

@article{alon2007network,
  title={Network motifs: theory and experimental approaches},
  author={Alon, Uri},
  journal={Nature Reviews Genetics},
  volume={8},
  number={6},
  pages={450--461},
  year={2007},
  publisher={Nature Publishing Group UK London}
}

@article{babu2004structure,
  title={Structure and evolution of transcriptional regulatory networks},
  author={Babu, M Madan and Luscombe, Nicholas M and Aravind, L and Gerstein, Mark and Teichmann, Sarah A},
  journal={Current opinion in structural biology},
  volume={14},
  number={3},
  pages={283--291},
  year={2004},
  publisher={Elsevier}
}

@article{bai2024attentionpert,
  title={AttentionPert: accurately modeling multiplexed genetic perturbations with multi-scale effects},
  author={Bai, Ding and Ellington, Caleb N and Mo, Shentong and Song, Le and Xing, Eric P},
  journal={Bioinformatics},
  volume={40},
  number={Supplement\_1},
  pages={i453--i461},
  year={2024},
  publisher={Oxford University Press}
}

@article{cui2022gene,
  title={Gene--gene interaction detection with deep learning},
  author={Cui, Tianyu and El Mekkaoui, Khaoula and Reinvall, Jaakko and Havulinna, Aki S and Marttinen, Pekka and Kaski, Samuel},
  journal={Communications Biology},
  volume={5},
  number={1},
  pages={1238},
  year={2022},
  publisher={Nature Publishing Group UK London}
}

@article{gordon2020quantitative,
  title={A quantitative genetic interaction map of HIV infection},
  author={Gordon, David E and Watson, Ariane and Roguev, Assen and Zheng, Simin and Jang, Gwendolyn M and Kane, Joshua and Xu, Jiewei and Guo, Jeffrey Z and Stevenson, Erica and Swaney, Danielle L and others},
  journal={Molecular cell},
  volume={78},
  number={2},
  pages={197--209},
  year={2020},
  publisher={Elsevier}
}

@article{gracca2024distributed,
  title={Distributed transformer for high order epistasis detection in large-scale datasets},
  author={Gra{\c{c}}a, Miguel and Nobre, Ricardo and Sousa, Leonel and Ilic, Aleksandar},
  journal={Scientific Reports},
  volume={14},
  number={1},
  pages={14579},
  year={2024},
  publisher={Nature Publishing Group UK London}
}

@article{hetzel2022predicting,
  title={Predicting cellular responses to novel drug perturbations at a single-cell resolution},
  author={Hetzel, Leon and Boehm, Simon and Kilbertus, Niki and G{\"u}nnemann, Stephan and Theis, Fabian and others},
  journal={Advances in Neural Information Processing Systems},
  volume={35},
  pages={26711--26722},
  year={2022}
}

@article{huang2024crispr,
  title={Crispr-GPT: An LLM agent for automated design of gene-editing experiments},
  author={Huang, Kaixuan and Qu, Yuanhao and Cousins, Henry and Johnson, William A and Yin, Di and Shah, Mihir and Zhou, Denny and Altman, Russ and Wang, Mengdi and Cong, Le},
  journal={arXiv preprint arXiv:2404.18021},
  year={2024}
}

@inproceedings{huang2024sequential,
  title={Sequential Optimal Experimental Design of Perturbation Screens Guided by Multi-modal Priors},
  author={Huang, Kexin and Lopez, Romain and H{\"u}tter, Jan-Christian and Kudo, Takamasa and Rios, Antonio and Regev, Aviv},
  booktitle={International Conference on Research in Computational Molecular Biology},
  pages={17--37},
  year={2024},
  organization={Springer}
}

@inproceedings{karimi2012exploiting,
  title={Exploiting the characteristics of matrix factorization for active learning in recommender systems},
  author={Karimi, Rasoul and Freudenthaler, Christoph and Nanopoulos, Alexandros and Schmidt-Thieme, Lars},
  booktitle={Proceedings of the sixth ACM conference on Recommender systems},
  pages={317--320},
  year={2012}
}

@article{levine2005gene,
  title={Gene regulatory networks for development},
  author={Levine, Michael and Davidson, Eric H},
  journal={Proceedings of the National Academy of Sciences},
  volume={102},
  number={14},
  pages={4936--4942},
  year={2005},
  publisher={National Acad Sciences}
}

@article{lotfollahi2019scgen,
  title={scGen predicts single-cell perturbation responses},
  author={Lotfollahi, Mohammad and Wolf, F Alexander and Theis, Fabian J},
  journal={Nature methods},
  volume={16},
  number={8},
  pages={715--721},
  year={2019},
  publisher={Nature Publishing Group US New York}
}

@article{norman2019exploring,
  title={Exploring genetic interaction manifolds constructed from rich single-cell phenotypes},
  author={Norman, Thomas M and Horlbeck, Max A and Replogle, Joseph M and Ge, Alex Y and Xu, Albert and Jost, Marco and Gilbert, Luke A and Weissman, Jonathan S},
  journal={Science},
  volume={365},
  number={6455},
  pages={786--793},
  year={2019},
  publisher={American Association for the Advancement of Science}
}

@inproceedings{ostapuk2019activelink,
  title={Activelink: deep active learning for link prediction in knowledge graphs},
  author={Ostapuk, Natalia and Yang, Jie and Cudr{\'e}-Mauroux, Philippe},
  booktitle={The world wide web conference},
  pages={1398--1408},
  year={2019}
}

@article{pham2021deep,
  title={A deep learning framework for high-throughput mechanism-driven phenotype compound screening and its application to COVID-19 drug repurposing},
  author={Pham, Thai-Hoang and Qiu, Yue and Zeng, Jucheng and Xie, Lei and Zhang, Ping},
  journal={Nature machine intelligence},
  volume={3},
  number={3},
  pages={247--257},
  year={2021},
  publisher={Nature Publishing Group UK London}
}

@inproceedings{ranganathan2017deep,
  title={Deep active learning for image classification},
  author={Ranganathan, Hiranmayi and Venkateswara, Hemanth and Chakraborty, Shayok and Panchanathan, Sethuraman},
  booktitle={2017 IEEE International Conference on Image Processing (ICIP)},
  pages={3934--3938},
  year={2017},
  organization={IEEE}
}

@article{ren2021survey,
  title={A survey of deep active learning},
  author={Ren, Pengzhen and Xiao, Yun and Chang, Xiaojun and Huang, Po-Yao and Li, Zhihui and Gupta, Brij B and Chen, Xiaojiang and Wang, Xin},
  journal={ACM computing surveys (CSUR)},
  volume={54},
  number={9},
  pages={1--40},
  year={2021},
  publisher={ACM New York, NY}
}

@article{roohani2024biodiscoveryagent,
  title={Biodiscoveryagent: An ai agent for designing genetic perturbation experiments},
  author={Roohani, Yusuf and Lee, Andrew and Huang, Qian and Vora, Jian and Steinhart, Zachary and Huang, Kexin and Marson, Alexander and Liang, Percy and Leskovec, Jure},
  journal={arXiv preprint arXiv:2405.17631},
  year={2024}
}

@article{roohani2024predicting,
  title={Predicting transcriptional outcomes of novel multigene perturbations with GEARS},
  author={Roohani, Yusuf and Huang, Kexin and Leskovec, Jure},
  journal={Nature Biotechnology},
  volume={42},
  number={6},
  pages={927--935},
  year={2024},
  publisher={Nature Publishing Group US New York}
}

@article{segal2003module,
  title={Module networks: identifying regulatory modules and their condition-specific regulators from gene expression data},
  author={Segal, Eran and Shapira, Michael and Regev, Aviv and Pe'er, Dana and Botstein, David and Koller, Daphne and Friedman, Nir},
  journal={Nature genetics},
  volume={34},
  number={2},
  pages={166--176},
  year={2003},
  publisher={Nature Publishing Group US New York}
}

@inproceedings{smailagic2018medal,
  title={Medal: Accurate and robust deep active learning for medical image analysis},
  author={Smailagic, Asim and Costa, Pedro and Noh, Hae Young and Walawalkar, Devesh and Khandelwal, Kartik and Galdran, Adrian and Mirshekari, Mostafa and Fagert, Jonathon and Xu, Susu and Zhang, Pei and others},
  booktitle={2018 17th IEEE international conference on machine learning and applications (ICMLA)},
  pages={481--488},
  year={2018},
  organization={IEEE}
}

@article{sverchkov2017review,
  title={A review of active learning approaches to experimental design for uncovering biological networks},
  author={Sverchkov, Yuriy and Craven, Mark},
  journal={PLoS computational biology},
  volume={13},
  number={6},
  pages={e1005466},
  year={2017},
  publisher={Public Library of Science San Francisco, CA USA}
}

@article{ud2016optimal,
  title={Optimal design of gene knockout experiments for gene regulatory network inference},
  author={Ud-Dean, SM Minhaz and Gunawan, Rudiyanto},
  journal={Bioinformatics},
  volume={32},
  number={6},
  pages={875--883},
  year={2016},
  publisher={Oxford University Press}
}

@article{vzitnik2015data,
  title={Data imputation in epistatic MAPs by network-guided matrix completion},
  author={{\v{Z}}itnik, Marinka and Zupan, Bla{\v{z}}},
  journal={Journal of Computational Biology},
  volume={22},
  number={6},
  pages={595--608},
  year={2015},
  publisher={Mary Ann Liebert, Inc. 140 Huguenot Street, 3rd Floor New Rochelle, NY 10801 USA}
}

@article{zhu2021prediction,
  title={Prediction of drug efficacy from transcriptional profiles with deep learning},
  author={Zhu, Jie and Wang, Jingxiang and Wang, Xin and Gao, Mingjing and Guo, Bingbing and Gao, Miaomiao and Liu, Jiarui and Yu, Yanqiu and Wang, Liang and Kong, Weikaixin and others},
  journal={Nature biotechnology},
  volume={39},
  number={11},
  pages={1444--1452},
  year={2021},
  publisher={Nature Publishing Group US New York}
}

