% Applied Statistics 

% robust loss functions
@incollection{huber1992robust,
  title={Robust estimation of a location parameter},
  author={Huber, Peter J},
  booktitle={Breakthroughs in statistics: Methodology and distribution},
  pages={492--518},
  year={1992},
  publisher={Springer}
}

% Neural collapase
@article{papyan2020prevalence,
	title        = {Prevalence of neural collapse during the terminal phase of deep learning training},
	author       = {Papyan, Vardan and Han, XY and Donoho, David L},
	year         = 2020,
	journal      = {Proceedings of the National Academy of Sciences},
	publisher    = {National Acad Sciences},
	volume       = 117,
	number       = 40,
	pages        = {24652--24663}
}
@article{zhu2021geometric,
	title        = {A Geometric Analysis of Neural Collapse with Unconstrained Features},
	author       = {Zhu, Zhihui and Ding, Tianyu and Zhou, Jinxin and Li, Xiao and You, Chong and Sulam, Jeremias and Qu, Qing},
	year         = 2021,
	journal      = {arXiv preprint arXiv:2105.02375}
}

%% standard Deep Learning references
@article{srivastava2014dropout,
  title={Dropout: a simple way to prevent neural networks from overfitting},
  author={Srivastava, Nitish and Hinton, Geoffrey and Krizhevsky, Alex and Sutskever, Ilya and Salakhutdinov, Ruslan},
  journal={The journal of machine learning research},
  volume={15},
  number={1},
  pages={1929--1958},
  year={2014},
  publisher={JMLR. org}
}

% Graph Convolution Neural Networks (GNNs)
@inproceedings{schlichtkrull2018modeling,
  title={Modeling relational data with graph convolutional networks},
  author={Schlichtkrull, Michael and Kipf, Thomas N and Bloem, Peter and Van Den Berg, Rianne and Titov, Ivan and Welling, Max},
  booktitle={The semantic web: 15th international conference, ESWC 2018, Heraklion, Crete, Greece, June 3--7, 2018, proceedings 15},
  pages={593--607},
  year={2018},
  organization={Springer}
}

@article{yang2014embedding,
  title={Embedding entities and relations for learning and inference in knowledge bases},
  author={Yang, Bishan and Yih, Wen-tau and He, Xiaodong and Gao, Jianfeng and Deng, Li},
  journal={arXiv preprint arXiv:1412.6575},
  year={2014}
}

@inproceedings{trouillon2016complex,
  title={Complex embeddings for simple link prediction},
  author={Trouillon, Th{\'e}o and Welbl, Johannes and Riedel, Sebastian and Gaussier, {\'E}ric and Bouchard, Guillaume},
  booktitle={International conference on machine learning},
  pages={2071--2080},
  year={2016},
  organization={PMLR}
}

% Optimal Experiment Design
@book{pukelsheim2006optimal,
  title={Optimal design of experiments},
  author={Pukelsheim, Friedrich},
  year={2006},
  publisher={SIAM}
}

% bilinear bandits
@inproceedings{jun2019bilinear,
  title={Bilinear bandits with low-rank structure},
  author={Jun, Kwang-Sung and Willett, Rebecca and Wright, Stephen and Nowak, Robert},
  booktitle={International Conference on Machine Learning},
  pages={3163--3172},
  year={2019},
  organization={PMLR}
}

@inproceedings{rizk2021best,
  title={Best arm identification in graphical bilinear bandits},
  author={Rizk, Geovani and Thomas, Albert and Colin, Igor and Laraki, Rida and Chevaleyre, Yann},
  booktitle={International Conference on Machine Learning},
  pages={9010--9019},
  year={2021},
  organization={PMLR}
}

%LLM references
@article{xu2024hallucination,
  title={Hallucination is inevitable: An innate limitation of large language models},
  author={Xu, Ziwei and Jain, Sanjay and Kankanhalli, Mohan},
  journal={arXiv preprint arXiv:2401.11817},
  year={2024}
}


% biology references 
@article{morris2023scalable,
  title={The scalable precision medicine open knowledge engine (SPOKE): a massive knowledge graph of biomedical information},
  author={Morris, John H and Soman, Karthik and Akbas, Rabia E and Zhou, Xiaoyuan and Smith, Brett and Meng, Elaine C and Huang, Conrad C and Cerono, Gabriel and Schenk, Gundolf and Rizk-Jackson, Angela and others},
  journal={Bioinformatics},
  volume={39},
  number={2},
  pages={btad080},
  year={2023},
  publisher={Oxford University Press}
}

@article{reeder2015hiv,
  title={HIV Tat controls RNA Polymerase II and the epigenetic landscape to transcriptionally reprogram target immune cells},
  author={Reeder, Jonathan E and Kwak, Youn-Tae and McNamara, Ryan P and Forst, Christian V and D'Orso, Iv{\'a}n},
  journal={Elife},
  volume={4},
  pages={e08955},
  year={2015},
  publisher={eLife Sciences Publications, Ltd}
}


@article{alon2007network,
  title={Network motifs: theory and experimental approaches},
  author={Alon, Uri},
  journal={Nature Reviews Genetics},
  volume={8},
  number={6},
  pages={450--461},
  year={2007},
  publisher={Nature Publishing Group UK London}
}

@article{levine2005gene,
  title={Gene regulatory networks for development},
  author={Levine, Michael and Davidson, Eric H},
  journal={Proceedings of the National Academy of Sciences},
  volume={102},
  number={14},
  pages={4936--4942},
  year={2005},
  publisher={National Acad Sciences}
}

@article{babu2004structure,
  title={Structure and evolution of transcriptional regulatory networks},
  author={Babu, M Madan and Luscombe, Nicholas M and Aravind, L and Gerstein, Mark and Teichmann, Sarah A},
  journal={Current opinion in structural biology},
  volume={14},
  number={3},
  pages={283--291},
  year={2004},
  publisher={Elsevier}
}

@article{segal2003module,
  title={Module networks: identifying regulatory modules and their condition-specific regulators from gene expression data},
  author={Segal, Eran and Shapira, Michael and Regev, Aviv and Pe'er, Dana and Botstein, David and Koller, Daphne and Friedman, Nir},
  journal={Nature genetics},
  volume={34},
  number={2},
  pages={166--176},
  year={2003},
  publisher={Nature Publishing Group US New York}
}

%% Genetic Perturbation
@article{norman2019exploring,
  title={Exploring genetic interaction manifolds constructed from rich single-cell phenotypes},
  author={Norman, Thomas M and Horlbeck, Max A and Replogle, Joseph M and Ge, Alex Y and Xu, Albert and Jost, Marco and Gilbert, Luke A and Weissman, Jonathan S},
  journal={Science},
  volume={365},
  number={6455},
  pages={786--793},
  year={2019},
  publisher={American Association for the Advancement of Science}
}

@article{replogle2022mapping,
  title={Mapping information-rich genotype-phenotype landscapes with genome-scale Perturb-seq},
  author={Replogle, Joseph M and Saunders, Reuben A and Pogson, Angela N and Hussmann, Jeffrey A and Lenail, Alexander and Guna, Alina and Mascibroda, Lauren and Wagner, Eric J and Adelman, Karen and Lithwick-Yanai, Gila and others},
  journal={Cell},
  volume={185},
  number={14},
  pages={2559--2575},
  year={2022},
  publisher={Elsevier}
}





% dataset 
@article{tang2012hiv,
  title={HIV-1 antiretroviral resistance: scientific principles and clinical applications},
  author={Tang, Michele W and Shafer, Robert W},
  journal={Drugs},
  volume={72},
  pages={e1--e25},
  year={2012},
  publisher={Springer}
}

@incollection{richman2016antiviral,
  title={Antiviral therapy},
  author={Richman, Douglas D and Nathanson, Neal},
  booktitle={Viral pathogenesis},
  pages={271--287},
  year={2016},
  publisher={Elsevier}
}

@article{puschnik2017crispr,
  title={A CRISPR toolbox to study virus--host interactions},
  author={Puschnik, Andreas S and Majzoub, Karim and Ooi, Yaw Shin and Carette, Jan E},
  journal={Nature Reviews Microbiology},
  volume={15},
  number={6},
  pages={351--364},
  year={2017},
  publisher={Nature Publishing Group UK London}
}


@article{gordon2020quantitative,
  title={A quantitative genetic interaction map of HIV infection},
  author={Gordon, David E and Watson, Ariane and Roguev, Assen and Zheng, Simin and Jang, Gwendolyn M and Kane, Joshua and Xu, Jiewei and Guo, Jeffrey Z and Stevenson, Erica and Swaney, Danielle L and others},
  journal={Molecular cell},
  volume={78},
  number={2},
  pages={197--209},
  year={2020},
  publisher={Elsevier}
}

% related work
%% drug discovery 
@article{zhu2021prediction,
  title={Prediction of drug efficacy from transcriptional profiles with deep learning},
  author={Zhu, Jie and Wang, Jingxiang and Wang, Xin and Gao, Mingjing and Guo, Bingbing and Gao, Miaomiao and Liu, Jiarui and Yu, Yanqiu and Wang, Liang and Kong, Weikaixin and others},
  journal={Nature biotechnology},
  volume={39},
  number={11},
  pages={1444--1452},
  year={2021},
  publisher={Nature Publishing Group US New York}
}

@article{pham2021deep,
  title={A deep learning framework for high-throughput mechanism-driven phenotype compound screening and its application to COVID-19 drug repurposing},
  author={Pham, Thai-Hoang and Qiu, Yue and Zeng, Jucheng and Xie, Lei and Zhang, Ping},
  journal={Nature machine intelligence},
  volume={3},
  number={3},
  pages={247--257},
  year={2021},
  publisher={Nature Publishing Group UK London}
}

@article{lotfollahi2019scgen,
  title={scGen predicts single-cell perturbation responses},
  author={Lotfollahi, Mohammad and Wolf, F Alexander and Theis, Fabian J},
  journal={Nature methods},
  volume={16},
  number={8},
  pages={715--721},
  year={2019},
  publisher={Nature Publishing Group US New York}
}

@article{hetzel2022predicting,
  title={Predicting cellular responses to novel drug perturbations at a single-cell resolution},
  author={Hetzel, Leon and Boehm, Simon and Kilbertus, Niki and G{\"u}nnemann, Stephan and Theis, Fabian and others},
  journal={Advances in Neural Information Processing Systems},
  volume={35},
  pages={26711--26722},
  year={2022}
}

%%  Review and Benchmark
@article{mehrjou2021genedisco,
  title={Genedisco: A benchmark for experimental design in drug discovery},
  author={Mehrjou, Arash and Soleymani, Ashkan and Jesson, Andrew and Notin, Pascal and Gal, Yarin and Bauer, Stefan and Schwab, Patrick},
  journal={arXiv preprint arXiv:2110.11875},
  year={2021}
}


%% Active Matrix Completion/Matrix Factorization/bandit
@inproceedings{chakraborty2013active,
  title={Active matrix completion},
  author={Chakraborty, Shayok and Zhou, Jiayu and Balasubramanian, Vineeth and Panchanathan, Sethuraman and Davidson, Ian and Ye, Jieping},
  booktitle={2013 IEEE 13th international conference on data mining},
  pages={81--90},
  year={2013},
  organization={IEEE}
}
@article{xu2022adaptive,
  title={Adaptive sampling for discovery},
  author={Xu, Ziping and Shim, Eunjae and Tewari, Ambuj and Zimmerman, Paul},
  journal={Advances in Neural Information Processing Systems},
  volume={35},
  pages={1114--1126},
  year={2022}
}

@inproceedings{karimi2012exploiting,
  title={Exploiting the characteristics of matrix factorization for active learning in recommender systems},
  author={Karimi, Rasoul and Freudenthaler, Christoph and Nanopoulos, Alexandros and Schmidt-Thieme, Lars},
  booktitle={Proceedings of the sixth ACM conference on Recommender systems},
  pages={317--320},
  year={2012}
}
@article{vzitnik2015data,
  title={Data imputation in epistatic MAPs by network-guided matrix completion},
  author={{\v{Z}}itnik, Marinka and Zupan, Bla{\v{z}}},
  journal={Journal of Computational Biology},
  volume={22},
  number={6},
  pages={595--608},
  year={2015},
  publisher={Mary Ann Liebert, Inc. 140 Huguenot Street, 3rd Floor New Rochelle, NY 10801 USA}
}


%% Sequentail Experimetnal Design for knockdown experiments

%%% single knockdown setting 
@inproceedings{lyle2023discobax,
  title={Discobax discovery of optimal intervention sets in genomic experiment design},
  author={Lyle, Clare and Mehrjou, Arash and Notin, Pascal and Jesson, Andrew and Bauer, Stefan and Gal, Yarin and Schwab, Patrick},
  booktitle={International Conference on Machine Learning},
  pages={23170--23189},
  year={2023},
  organization={PMLR}
}
@inproceedings{pacchianoneural,
  title={Neural Design for Genetic Perturbation Experiments},
  author={Pacchiano, Aldo and Wulsin, Drausin and Barton, Robert A and Voloch, Luis},
  booktitle={The Eleventh International Conference on Learning Representations}
}




%%% paired setting 
@article{cui2022gene,
  title={Gene--gene interaction detection with deep learning},
  author={Cui, Tianyu and El Mekkaoui, Khaoula and Reinvall, Jaakko and Havulinna, Aki S and Marttinen, Pekka and Kaski, Samuel},
  journal={Communications Biology},
  volume={5},
  number={1},
  pages={1238},
  year={2022},
  publisher={Nature Publishing Group UK London}
}

@inproceedings{jain2024active,
  title={Active learning to discover pairwise genetic interactions via representation learning},
  author={Jain, Moksh and Denton, Alisandra Kaye and Whitfield, Shawn T and Didolkar, Aniket Rajiv and Earnshaw, Berton and Hartford, Jason},
  booktitle={ICLR 2024 Workshop on Machine Learning for Genomics Explorations}
}


@article{jain2024automated,
  title={Automated Discovery of Pairwise Interactions from Unstructured Data},
  author={Jain, Moksh and Denton, Ali and Whitfield, Shawn and Didolkar, Aniket and Earnshaw, Berton and Hartford, Jason and others},
  journal={arXiv preprint arXiv:2409.07594},
  year={2024}
}


@inproceedings{huang2024sequential,
  title={Sequential Optimal Experimental Design of Perturbation Screens Guided by Multi-modal Priors},
  author={Huang, Kexin and Lopez, Romain and H{\"u}tter, Jan-Christian and Kudo, Takamasa and Rios, Antonio and Regev, Aviv},
  booktitle={International Conference on Research in Computational Molecular Biology},
  pages={17--37},
  year={2024},
  organization={Springer}
}


%% gene-gene interaction predictive models
@article{gracca2024distributed,
  title={Distributed transformer for high order epistasis detection in large-scale datasets},
  author={Gra{\c{c}}a, Miguel and Nobre, Ricardo and Sousa, Leonel and Ilic, Aleksandar},
  journal={Scientific Reports},
  volume={14},
  number={1},
  pages={14579},
  year={2024},
  publisher={Nature Publishing Group UK London}
}

@article{bai2024attentionpert,
  title={AttentionPert: accurately modeling multiplexed genetic perturbations with multi-scale effects},
  author={Bai, Ding and Ellington, Caleb N and Mo, Shentong and Song, Le and Xing, Eric P},
  journal={Bioinformatics},
  volume={40},
  number={Supplement\_1},
  pages={i453--i461},
  year={2024},
  publisher={Oxford University Press}
}

@article{roohani2024predicting,
  title={Predicting transcriptional outcomes of novel multigene perturbations with GEARS},
  author={Roohani, Yusuf and Huang, Kexin and Leskovec, Jure},
  journal={Nature Biotechnology},
  volume={42},
  number={6},
  pages={927--935},
  year={2024},
  publisher={Nature Publishing Group US New York}
}

@article{gonzalez2024combinatorial,
  title={Combinatorial prediction of therapeutic perturbations using causally-inspired neural networks},
  author={Gonzalez, Guadalupe and Herath, Isuru and Veselkov, Kirill and Bronstein, Michael and Zitnik, Marinka},
  journal={bioRxiv},
  year={2024},
  publisher={Cold Spring Harbor Laboratory Preprints}
}

@article{huang2024crispr,
  title={Crispr-GPT: An LLM agent for automated design of gene-editing experiments},
  author={Huang, Kaixuan and Qu, Yuanhao and Cousins, Henry and Johnson, William A and Yin, Di and Shah, Mihir and Zhou, Denny and Altman, Russ and Wang, Mengdi and Cong, Le},
  journal={arXiv preprint arXiv:2404.18021},
  year={2024}
}


@article{roohani2024biodiscoveryagent,
  title={Biodiscoveryagent: An ai agent for designing genetic perturbation experiments},
  author={Roohani, Yusuf and Lee, Andrew and Huang, Qian and Vora, Jian and Steinhart, Zachary and Huang, Kexin and Marson, Alexander and Liang, Percy and Leskovec, Jure},
  journal={arXiv preprint arXiv:2405.17631},
  year={2024}
}

%% Gene Regulatory Network Inference
@article{sverchkov2017review,
  title={A review of active learning approaches to experimental design for uncovering biological networks},
  author={Sverchkov, Yuriy and Craven, Mark},
  journal={PLoS computational biology},
  volume={13},
  number={6},
  pages={e1005466},
  year={2017},
  publisher={Public Library of Science San Francisco, CA USA}
}

@article{ud2016optimal,
  title={Optimal design of gene knockout experiments for gene regulatory network inference},
  author={Ud-Dean, SM Minhaz and Gunawan, Rudiyanto},
  journal={Bioinformatics},
  volume={32},
  number={6},
  pages={875--883},
  year={2016},
  publisher={Oxford University Press}
}


% Additional GNN references
@inproceedings{perozzi2014deepwalk,
  title={Deepwalk: Online learning of social representations},
  author={Perozzi, Bryan and Al-Rfou, Rami and Skiena, Steven},
  booktitle={Proceedings of the 20th ACM SIGKDD international conference on Knowledge discovery and data mining},
  pages={701--710},
  year={2014}
}

@article{rusch2023survey,
  title={A survey on oversmoothing in graph neural networks},
  author={Rusch, T Konstantin and Bronstein, Michael M and Mishra, Siddhartha},
  journal={arXiv preprint arXiv:2303.10993},
  year={2023}
}

@article{zhou2020towards,
  title={Towards deeper graph neural networks with differentiable group normalization},
  author={Zhou, Kaixiong and Huang, Xiao and Li, Yuening and Zha, Daochen and Chen, Rui and Hu, Xia},
  journal={Advances in neural information processing systems},
  volume={33},
  pages={4917--4928},
  year={2020}
}




% Incremental Learning 
@article{van2022three,
  title={Three types of incremental learning},
  author={van de Ven, Gido M and Tuytelaars, Tinne and Tolias, Andreas S},
  journal={Nature Machine Intelligence},
  volume={4},
  number={12},
  pages={1185--1197},
  year={2022},
  publisher={Nature Publishing Group UK London}
}

% Deep Active Learning 
@article{ash2019deep,
  title={Deep batch active learning by diverse, uncertain gradient lower bounds},
  author={Ash, Jordan T and Zhang, Chicheng and Krishnamurthy, Akshay and Langford, John and Agarwal, Alekh},
  journal={arXiv preprint arXiv:1906.03671},
  year={2019}
}

@article{ren2021survey,
  title={A survey of deep active learning},
  author={Ren, Pengzhen and Xiao, Yun and Chang, Xiaojun and Huang, Po-Yao and Li, Zhihui and Gupta, Brij B and Chen, Xiaojiang and Wang, Xin},
  journal={ACM computing surveys (CSUR)},
  volume={54},
  number={9},
  pages={1--40},
  year={2021},
  publisher={ACM New York, NY}
}

 @article{Bailey_2023, 
    title={Deep Batch Active Learning for Drug Discovery}, 
    url={http://dx.doi.org/10.1101/2023.07.26.550653}, 
    DOI={10.1101/2023.07.26.550653}, 
    publisher={Cold Spring Harbor Laboratory}, 
    author={Bailey, Michael and Moayedpour, Saeed and Li, Ruijiang and Corrochano-Navarro, Alejandro and Kötter, Alexander and Kogler-Anele, Lorenzo and Riahi, Saleh and Grebner, Christoph and Hessler, Gerhard and Matter, Hans and Bianciotto, Marc and Mas, Pablo and Bar-Joseph, Ziv and Jager, Sven}, 
    year={2023}, 
    month=jul
}

@article{holzmuller2023framework,
  title={A framework and benchmark for deep batch active learning for regression},
  author={Holzm{\"u}ller, David and Zaverkin, Viktor and K{\"a}stner, Johannes and Steinwart, Ingo},
  journal={Journal of Machine Learning Research},
  volume={24},
  number={164},
  pages={1--81},
  year={2023}
}

@inproceedings{ostapuk2019activelink,
  title={Activelink: deep active learning for link prediction in knowledge graphs},
  author={Ostapuk, Natalia and Yang, Jie and Cudr{\'e}-Mauroux, Philippe},
  booktitle={The world wide web conference},
  pages={1398--1408},
  year={2019}
}

% Castastrophic Forgetting 

%% EWC
@article{kirkpatrick2017overcoming,
  title={Overcoming catastrophic forgetting in neural networks},
  author={Kirkpatrick, James and Pascanu, Razvan and Rabinowitz, Neil and Veness, Joel and Desjardins, Guillaume and Rusu, Andrei A and Milan, Kieran and Quan, John and Ramalho, Tiago and Grabska-Barwinska, Agnieszka and others},
  journal={Proceedings of the national academy of sciences},
  volume={114},
  number={13},
  pages={3521--3526},
  year={2017},
  publisher={National Acad Sciences}
}

%% resetting neural network
@article{frati2023reset,
  title={Reset it and forget it: Relearning last-layer weights improves continual and transfer learning},
  author={Frati, Lapo and Traft, Neil and Clune, Jeff and Cheney, Nick},
  journal={arXiv preprint arXiv:2310.07996},
  year={2023}
}

%%  asymmetric training
@article{javed2019meta,
  title={Meta-learning representations for continual learning},
  author={Javed, Khurram and White, Martha},
  journal={Advances in neural information processing systems},
  volume={32},
  year={2019}
}

@incollection{beaulieu2020learning,
  title={Learning to continually learn},
  author={Beaulieu, Shawn and Frati, Lapo and Miconi, Thomas and Lehman, Joel and Stanley, Kenneth O and Clune, Jeff and Cheney, Nick},
  booktitle={ECAI 2020},
  pages={992--1001},
  year={2020},
  publisher={IOS Press}
}

%% second order 
@inproceedings{finn2017model,
  title={Model-agnostic meta-learning for fast adaptation of deep networks},
  author={Finn, Chelsea and Abbeel, Pieter and Levine, Sergey},
  booktitle={International conference on machine learning},
  pages={1126--1135},
  year={2017},
  organization={PMLR}
}

%% Architecture related
@inproceedings{zheng2015improving,
  title={Improving deep neural networks using softplus units},
  author={Zheng, Hao and Yang, Zhanlei and Liu, Wenju and Liang, Jizhong and Li, Yanpeng},
  booktitle={2015 International joint conference on neural networks (IJCNN)},
  pages={1--4},
  year={2015},
  organization={IEEE}
}

@inproceedings{nair2010rectified,
  title={Rectified linear units improve restricted boltzmann machines},
  author={Nair, Vinod and Hinton, Geoffrey E},
  booktitle={Proceedings of the 27th international conference on machine learning (ICML-10)},
  pages={807--814},
  year={2010}
}


% Uncertainity Quantification for Neural Networks 
@inproceedings{gal2016dropout,
  title={Dropout as a bayesian approximation: Representing model uncertainty in deep learning},
  author={Gal, Yarin and Ghahramani, Zoubin},
  booktitle={international conference on machine learning},
  pages={1050--1059},
  year={2016},
  organization={PMLR}
}

@article{lakshminarayanan2017simple,
  title={Simple and scalable predictive uncertainty estimation using deep ensembles},
  author={Lakshminarayanan, Balaji and Pritzel, Alexander and Blundell, Charles},
  journal={Advances in neural information processing systems},
  volume={30},
  year={2017}
}


@article{abdar2021review,
  title={A review of uncertainty quantification in deep learning: Techniques, applications and challenges},
  author={Abdar, Moloud and Pourpanah, Farhad and Hussain, Sadiq and Rezazadegan, Dana and Liu, Li and Ghavamzadeh, Mohammad and Fieguth, Paul and Cao, Xiaochun and Khosravi, Abbas and Acharya, U Rajendra and others},
  journal={Information fusion},
  volume={76},
  pages={243--297},
  year={2021},
  publisher={Elsevier}
}


% Applications
@article{alshehri2022machine,
  title={Machine learning for multiscale modeling in computational molecular design},
  author={Alshehri, Abdulelah S and You, Fengqi},
  journal={Current Opinion in Chemical Engineering},
  volume={36},
  pages={100752},
  year={2022},
  publisher={Elsevier}
}

@inproceedings{ranganathan2017deep,
  title={Deep active learning for image classification},
  author={Ranganathan, Hiranmayi and Venkateswara, Hemanth and Chakraborty, Shayok and Panchanathan, Sethuraman},
  booktitle={2017 IEEE International Conference on Image Processing (ICIP)},
  pages={3934--3938},
  year={2017},
  organization={IEEE}
}

@inproceedings{smailagic2018medal,
  title={Medal: Accurate and robust deep active learning for medical image analysis},
  author={Smailagic, Asim and Costa, Pedro and Noh, Hae Young and Walawalkar, Devesh and Khandelwal, Kartik and Galdran, Adrian and Mirshekari, Mostafa and Fagert, Jonathon and Xu, Susu and Zhang, Pei and others},
  booktitle={2018 17th IEEE international conference on machine learning and applications (ICMLA)},
  pages={481--488},
  year={2018},
  organization={IEEE}
}



@article{patel2020machine,
    author = {Patel, L. and Shukla, T. and Huang, X. and Ussery, D. W. and Wang, S.},
    title = {Machine Learning Methods in Drug Discovery},
    journal = {Molecules},
    year = {2020},
    volume = {25},
    number = {22},
    pages = {5277},
    publisher = {Basel, Switzerland},
    doi = {10.3390/molecules25225277},
    url = {https://doi.org/10.3390/molecules25225277}
}

@article{liu2023graph,
    author = {Liu, H. and Zhang, W. and Nie, L. and Ding, X. and Luo, J. and Zou, L.},
    title = {Predicting effective drug combinations using gradient tree boosting based on features extracted from drug-protein heterogeneous network},
    journal = {BMC Bioinformatics},
    year = {2019},
    month = {December},
    volume = {20},
    number = {1},
    pages = {645},
    doi = {10.1186/s12859-019-3288-1},
    pmid = {31818267}
}


@article{tang2024leveraging,
  author = {Tang, A. S. and Rankin, K. P. and Cerono, G. and et al.},
  title = {Leveraging electronic health records and knowledge networks for Alzheimer’s disease prediction and sex-specific biological insights},
  journal = {Nature Aging},
  year = {2024},
  volume = {4},
  pages = {379--395},
  doi = {10.1038/s43587-024-00573-8},
  url = {https://doi.org/10.1038/s43587-024-00573-8}
}


% ablation terminology
@article{fang2021layer,
  title={Layer-peeled model: Toward understanding well-trained deep neural networks},
  author={Fang, Cong and He, Hangfeng and Long, Qi and Su, Weijie J},
  journal={arXiv preprint arXiv:2101.12699},
  volume={4},
  year={2021}
}

@article{mixon2022neural,
  title={Neural collapse with unconstrained features},
  author={Mixon, Dustin G and Parshall, Hans and Pi, Jianzong},
  journal={Sampling Theory, Signal Processing, and Data Analysis},
  volume={20},
  number={2},
  pages={11},
  year={2022},
  publisher={Springer}
}

@article{fang2021exploring,
  title={Exploring deep neural networks via layer-peeled model: Minority collapse in imbalanced training},
  author={Fang, Cong and He, Hangfeng and Long, Qi and Su, Weijie J},
  journal={Proceedings of the National Academy of Sciences},
  volume={118},
  number={43},
  pages={e2103091118},
  year={2021},
  publisher={National Acad Sciences}
}

@article{klopfenstein2018goatools,
    title={GOATOOLS: A Python library for Gene Ontology analyses},
    author={Klopfenstein, Drew V and Zhang, Luke and Pedersen, Brent S and others},
    journal={Scientific Reports},
    volume={8},
    number={1},
    pages={10872},
    year={2018},
    publisher={Nature Publishing Group},
    doi={10.1038/s41598-018-28948-z}
}
