@article{zhang2025lessons,
  title={The lessons of developing process reward models in mathematical reasoning},
  author={Zhang, Zhenru and Zheng, Chujie and Wu, Yangzhen and Zhang, Beichen and Lin, Runji and Yu, Bowen and Liu, Dayiheng and Zhou, Jingren and Lin, Junyang},
  journal={arXiv preprint arXiv:2501.07301},
  year={2025}
}

@article{cobbe2021ORM,
  title={Training verifiers to solve math word problems},
  author={Cobbe, Karl and Kosaraju, Vineet and Bavarian, Mohammad and Chen, Mark and Jun, Heewoo and Kaiser, Lukasz and Plappert, Matthias and Tworek, Jerry and Hilton, Jacob and Nakano, Reiichiro and others},
  journal={arXiv preprint arXiv:2110.14168},
  year={2021}
}
@article{yang2024qwen2.5math,
  title={Qwen2. 5-math technical report: Toward mathematical expert model via self-improvement},
  author={Yang, An and Zhang, Beichen and Hui, Binyuan and Gao, Bofei and Yu, Bowen and Li, Chengpeng and Liu, Dayiheng and Tu, Jianhong and Zhou, Jingren and Lin, Junyang and others},
  journal={arXiv preprint arXiv:2409.12122},
  year={2024}
}
@article{lightman2023lets_verify,
  title={Let's verify step by step},
  author={Lightman, Hunter and Kosaraju, Vineet and Burda, Yura and Edwards, Harri and Baker, Bowen and Lee, Teddy and Leike, Jan and Schulman, John and Sutskever, Ilya and Cobbe, Karl},
  journal={arXiv preprint arXiv:2305.20050},
  year={2023}
}


@article{zheng2023judging,
  title={Judging llm-as-a-judge with mt-bench and chatbot arena},
  author={Zheng, Lianmin and Chiang, Wei-Lin and Sheng, Ying and Zhuang, Siyuan and Wu, Zhanghao and Zhuang, Yonghao and Lin, Zi and Li, Zhuohan and Li, Dacheng and Xing, Eric and others},
  journal={Advances in Neural Information Processing Systems},
  volume={36},
  pages={46595--46623},
  year={2023}
}
@article{zheng2024processbench,
  title={Processbench: Identifying process errors in mathematical reasoning},
  author={Zheng, Chujie and Zhang, Zhenru and Zhang, Beichen and Lin, Runji and Lu, Keming and Yu, Bowen and Liu, Dayiheng and Zhou, Jingren and Lin, Junyang},
  journal={arXiv preprint arXiv:2412.06559},
  year={2024}
}
@misc{zhang2024generativeverifiersrewardmodeling,
      title={Generative Verifiers: Reward Modeling as Next-Token Prediction}, 
      author={Lunjun Zhang and Arian Hosseini and Hritik Bansal and Mehran Kazemi and Aviral Kumar and Rishabh Agarwal},
      year={2024},
      eprint={2408.15240},
      archivePrefix={arXiv},
      primaryClass={cs.LG},
      url={https://arxiv.org/abs/2408.15240}, 
}
@article{wei2022cot,
  title={Chain-of-thought prompting elicits reasoning in large language models},
  author={Wei, Jason and Wang, Xuezhi and Schuurmans, Dale and Bosma, Maarten and Xia, Fei and Chi, Ed and Le, Quoc V and Zhou, Denny and others},
  journal={Advances in neural information processing systems},
  volume={35},
  pages={24824--24837},
  year={2022}
}
@article{jaech2024openaio1,
  title={Openai o1 system card},
  author={Jaech, Aaron and Kalai, Adam and Lerer, Adam and Richardson, Adam and El-Kishky, Ahmed and Low, Aiden and Helyar, Alec and Madry, Aleksander and Beutel, Alex and Carney, Alex and others},
  journal={arXiv preprint arXiv:2412.16720},
  year={2024}
}
@article{guo2025deepseekr1,
  title={Deepseek-r1: Incentivizing reasoning capability in llms via reinforcement learning},
  author={Guo, Daya and Yang, Dejian and Zhang, Haowei and Song, Junxiao and Zhang, Ruoyu and Xu, Runxin and Zhu, Qihao and Ma, Shirong and Wang, Peiyi and Bi, Xiao and others},
  journal={arXiv preprint arXiv:2501.12948},
  year={2025}
}

@article{team2025kimik1.5,
  title={Kimi k1. 5: Scaling Reinforcement Learning with LLMs},
  author={Team, Kimi and Du, Angang and Gao, Bofei and Xing, Bowei and Jiang, Changjiu and Chen, Cheng and Li, Cheng and Xiao, Chenjun and Du, Chenzhuang and Liao, Chonghua and others},
  journal={arXiv preprint arXiv:2501.12599},
  year={2025}
}

@inproceedings{wang2024mathshepherd,
  title={Math-shepherd: Verify and reinforce llms step-by-step without human annotations},
  author={Wang, Peiyi and Li, Lei and Shao, Zhihong and Xu, Runxin and Dai, Damai and Li, Yifei and Chen, Deli and Wu, Yu and Sui, Zhifang},
  booktitle={Proceedings of the 62nd Annual Meeting of the Association for Computational Linguistics (Volume 1: Long Papers)},
  pages={9426--9439},
  year={2024}
}

@article{chen2024step,
  title={Step-level Value Preference Optimization for Mathematical Reasoning},
  author={Chen, Guoxin and Liao, Minpeng and Li, Chengxi and Fan, Kai},
  journal={arXiv preprint arXiv:2406.10858},
  year={2024}
}
@article{luo2024improve_omegaprm,
  title={Improve Mathematical Reasoning in Language Models by Automated Process Supervision},
  author={Luo, Liangchen and Liu, Yinxiao and Liu, Rosanne and Phatale, Samrat and Lara, Harsh and Li, Yunxuan and Shu, Lei and Zhu, Yun and Meng, Lei and Sun, Jiao and others},
  journal={arXiv preprint arXiv:2406.06592},
  year={2024}
}

@article{zhang2024restmcts,
  title={Rest-mcts*: Llm self-training via process reward guided tree search},
  author={Zhang, Dan and Zhoubian, Sining and Hu, Ziniu and Yue, Yisong and Dong, Yuxiao and Tang, Jie},
  journal={arXiv preprint arXiv:2406.03816},
  year={2024}
}
@article{guan2025rstar,
  title={rStar-Math: Small LLMs Can Master Math Reasoning with Self-Evolved Deep Thinking},
  author={Guan, Xinyu and Zhang, Li Lyna and Liu, Yifei and Shang, Ning and Sun, Youran and Zhu, Yi and Yang, Fan and Yang, Mao},
  journal={arXiv preprint arXiv:2501.04519},
  year={2025}
}
@article{browne2012mcts_survey,
  title={A survey of monte carlo tree search methods},
  author={Browne, Cameron B and Powley, Edward and Whitehouse, Daniel and Lucas, Simon M and Cowling, Peter I and Rohlfshagen, Philipp and Tavener, Stephen and Perez, Diego and Samothrakis, Spyridon and Colton, Simon},
  journal={IEEE Transactions on Computational Intelligence and AI in games},
  volume={4},
  number={1},
  pages={1--43},
  year={2012},
  publisher={IEEE}
}
@article{rafailov2024dpo,
  title={Direct preference optimization: Your language model is secretly a reward model},
  author={Rafailov, Rafael and Sharma, Archit and Mitchell, Eric and Manning, Christopher D and Ermon, Stefano and Finn, Chelsea},
  journal={Advances in Neural Information Processing Systems},
  volume={36},
  year={2024}
}
@article{yao2024treeofthought,
  title={Tree of thoughts: Deliberate problem solving with large language models},
  author={Yao, Shunyu and Yu, Dian and Zhao, Jeffrey and Shafran, Izhak and Griffiths, Tom and Cao, Yuan and Narasimhan, Karthik},
  journal={Advances in Neural Information Processing Systems},
  volume={36},
  year={2024}
}
@misc{arrieta2025earlyexternalsafetytestingO3,
      title={Early External Safety Testing of OpenAI's o3-mini: Insights from the Pre-Deployment Evaluation}, 
      author={Aitor Arrieta and Miriam Ugarte and Pablo Valle and Jos√© Antonio Parejo and Sergio Segura},
      year={2025},
      eprint={2501.17749},
      archivePrefix={arXiv},
      primaryClass={cs.SE},
      url={https://arxiv.org/abs/2501.17749}, 
}
@misc{setlur2024rewardingprogressscalingautomated,
      title={Rewarding Progress: Scaling Automated Process Verifiers for LLM Reasoning}, 
      author={Amrith Setlur and Chirag Nagpal and Adam Fisch and Xinyang Geng and Jacob Eisenstein and Rishabh Agarwal and Alekh Agarwal and Jonathan Berant and Aviral Kumar},
      year={2024},
      eprint={2410.08146},
      archivePrefix={arXiv},
      primaryClass={cs.LG},
      url={https://arxiv.org/abs/2410.08146}, 
}
@inproceedings{
snell2025scaling,
title={Scaling Test-Time Compute Optimally Can be More Effective than Scaling {LLM} Parameters},
author={Charlie Victor Snell and Jaehoon Lee and Kelvin Xu and Aviral Kumar},
booktitle={The Thirteenth International Conference on Learning Representations},
year={2025},
url={https://openreview.net/forum?id=4FWAwZtd2n}
}

@article{Lightman2023LetsVS800k,
  title={Let's Verify Step by Step},
  author={Hunter Lightman and Vineet Kosaraju and Yura Burda and Harrison Edwards and Bowen Baker and Teddy Lee and Jan Leike and John Schulman and Ilya Sutskever and Karl Cobbe},
  journal={ArXiv},
  year={2023},
  volume={abs/2305.20050},
  url={https://api.semanticscholar.org/CorpusID:258987659}
}

@inproceedings{WangLSXDLCWS24MathShephard,
  author={Peiyi Wang and Lei Li and Zhihong Shao and Runxin Xu and Damai Dai and Yifei Li and Deli Chen and Yu Wu and Zhifang Sui},
  title={Math-Shepherd: Verify and Reinforce LLMs Step-by-step without Human Annotations},
  year={2024},
  cdate={1704067200000},
  pages={9426-9439},
  url={https://doi.org/10.18653/v1/2024.acl-long.510},
  booktitle={ACL (1)},
  crossref={conf/acl/2024-1}
}

@misc{chen2025overthinkingo1like,
      title={Do NOT Think That Much for 2+3=? On the Overthinking of o1-Like LLMs}, 
      author={Xingyu Chen and Jiahao Xu and Tian Liang and Zhiwei He and Jianhui Pang and Dian Yu and Linfeng Song and Qiuzhi Liu and Mengfei Zhou and Zhuosheng Zhang and Rui Wang and Zhaopeng Tu and Haitao Mi and Dong Yu},
      year={2025},
      eprint={2412.21187},
      archivePrefix={arXiv},
      primaryClass={cs.CL},
      url={https://arxiv.org/abs/2412.21187}, 
}

@book{kahneman_thinking_2012,
	address = {London},
	title = {Thinking, fast and slow},
	isbn = {9780141033570  0141033576},
	abstract = {Psychologist Daniel Kahneman reveals the truth about our intuitions and rationality to teach us how to better our lives. He explores the fascinating flaws and marvels of human behaviour and reveals to us the common errors in people's beliefs.},
	language = {English},
	publisher = {Penguin},
	author = {Kahneman, Daniel},
	year = {2012},
}

@article{Gu2024ASOJudge,
  title={A Survey on LLM-as-a-Judge},
  author={Jiawei Gu and Xuhui Jiang and Zhichao Shi and Hexiang Tan and Xuehao Zhai and Chengjin Xu and Wei Li and Yinghan Shen and Shengjie Ma and Honghao Liu and Yuanzhuo Wang and Jian Guo},
  journal={ArXiv},
  year={2024},
  volume={abs/2411.15594},
  url={https://api.semanticscholar.org/CorpusID:274234014}
}

@article{cobbe2021gsm8k,
  title={Training Verifiers to Solve Math Word Problems},
  author={Cobbe, Karl and Kosaraju, Vineet and Bavarian, Mohammad and Chen, Mark and Jun, Heewoo and Kaiser, Lukasz and Plappert, Matthias and Tworek, Jerry and Hilton, Jacob and Nakano, Reiichiro and Hesse, Christopher and Schulman, John},
  journal={arXiv preprint arXiv:2110.14168},
  year={2021}
}

@article{Hendrycks2021MeasuringMP,
  title={Measuring Mathematical Problem Solving With the MATH Dataset},
  author={Dan Hendrycks and Collin Burns and Saurav Kadavath and Akul Arora and Steven Basart and Eric Tang and Dawn Xiaodong Song and Jacob Steinhardt},
  journal={ArXiv},
  year={2021},
  volume={abs/2103.03874},
  url={https://api.semanticscholar.org/CorpusID:232134851}
}

@article{yue2024WebInstructFull2,
  title={MAmmoTH2: Scaling Instructions from the Web},
  author={Yue, Xiang and Zheng, Tuney and Zhang, Ge and Chen, Wenhu},
  journal={Advances in Neural Information Processing Systems},
  year={2024}
}

@article{yue2023mammoth,
  title={MAmmoTH: Building Math Generalist Models through Hybrid Instruction Tuning},
  author={Xiang Yue and Xingwei Qu and Ge Zhang and Yao Fu and Wenhao Huang and Huan Sun and Yu Su and Wenhu Chen},
  journal={arXiv preprint arXiv:2309.05653},
  year={2023}
}

@article{Robinson2022LeveragingLL,
  title={Leveraging Large Language Models for Multiple Choice Question Answering},
  author={Joshua Robinson and Christopher Rytting and David Wingate},
  journal={ArXiv},
  year={2022},
  volume={abs/2210.12353},
  url={https://api.semanticscholar.org/CorpusID:253098700}
}

@misc{zhang2024inifinitymath,
      title={InfinityMATH: A Scalable Instruction Tuning Dataset in Programmatic Mathematical Reasoning}, 
      author={Bo-Wen Zhang and Yan Yan and Lin Li and Guang Liu},
      year={2024},
      eprint={2408.07089},
      archivePrefix={arXiv},
      primaryClass={cs.LG},
      url={https://arxiv.org/abs/2408.07089}, 
}

@misc{stackmathqa2024,
      title={StackMathQA: A Curated Collection of 2 Million Mathematical Questions and Answers Sourced from Stack Exchange}, 
      author={Zhang, Yifan},
      year={2024},
      publisher = {HuggingFace},
      url = {https://huggingface.co/datasets/math-ai/StackMathQA}
}

@misc{MeJustBear2023Homework,
  author       = {MeJustBear},
  title        = {Homework Dataset},
  year         = {2023},
  publisher    = {Hugging Face},
  howpublished = {\url{https://huggingface.co/datasets/MeJustBear/homework_dataset}},
  note         = {Accessed: 2023-10-04}
}

@article{Hendrycks2021MATH,
  title={Measuring Mathematical Problem Solving With the MATH Dataset},
  author={Dan Hendrycks and Collin Burns and Saurav Kadavath and Akul Arora and Steven Basart and Eric Tang and Dawn Xiaodong Song and Jacob Steinhardt},
  journal={ArXiv},
  year={2021},
  volume={abs/2103.03874},
  url={https://api.semanticscholar.org/CorpusID:232134851}
}

@misc{he2024olympiadbench,
      title={OlympiadBench: A Challenging Benchmark for Promoting AGI with Olympiad-Level Bilingual Multimodal Scientific Problems}, 
      author={Chaoqun He and Renjie Luo and Yuzhuo Bai and Shengding Hu and Zhen Leng Thai and Junhao Shen and Jinyi Hu and Xu Han and Yujie Huang and Yuxiang Zhang and Jie Liu and Lei Qi and Zhiyuan Liu and Maosong Sun},
      year={2024},
      eprint={2402.14008},
      archivePrefix={arXiv},
      primaryClass={cs.CL}
}

@article{Gao2024OmniMATHAU,
  title={Omni-MATH: A Universal Olympiad Level Mathematic Benchmark For Large Language Models},
  author={Bofei Gao and Feifan Song and Zhe Yang and Zefan Cai and Yibo Miao and Qingxiu Dong and Lei Li and Chenghao Ma and Liang Chen and Runxin Xu and Zhengyang Tang and Benyou Wang and Daoguang Zan and Shanghaoran Quan and Ge Zhang and Lei Sha and Yichang Zhang and Xuancheng Ren and Tianyu Liu and Baobao Chang},
  journal={ArXiv},
  year={2024},
  volume={abs/2410.07985},
  url={https://api.semanticscholar.org/CorpusID:273233571}
}

@article{yang2024qwen2,
  title={Qwen2 technical report},
  author={Yang, An and Yang, Baosong and Hui, Binyuan and Zheng, Bo and Yu, Bowen and Zhou, Chang and Li, Chengpeng and Li, Chengyuan and Liu, Dayiheng and Huang, Fei and others},
  journal={arXiv preprint arXiv:2407.10671},
  year={2024}
}