@INPROCEEDINGS{10825121,
  author={Acharya, Kamal and Lad, Mehul and Sun, Liang and Song, Houbing},
  booktitle={2024 IEEE International Conference on Big Data (BigData)}, 
  title={Demand Modeling for Advanced Air Mobility}, 
  year={2024},
  volume={},
  number={},
  pages={2855-2863},
  keywords={Costs;Atmospheric modeling;Urban areas;FAA;Predictive models;Strategic planning;Data models;Active appearance model;Traffic congestion;Software development management;advanced air mobility;cost modeling;demand modeling;generalised cost of travel;risk modeling;time modeling},
  doi={10.1109/BigData62323.2024.10825121}}

@article{acharya2024improving,
  title={Improving Air Mobility for Pre-Disaster Planning with Neural Network Accelerated Genetic Algorithm},
  author={Acharya, Kamal and Velasquez, Alvaro and Liu, Yongxin and Liu, Dahai and Sun, Liang and Song, Houbing},
  journal={arXiv preprint arXiv:2408.00790},
  year={2024}
}

@inproceedings{acharya2025regional,
  title={Regional Air Mobility Flight Demand Modeling in Tennessee State},
  author={Acharya, Kamal and Lad, Mehul and Song, Houbing and Sun, Liang},
  booktitle={AIAA SCITECH 2025 Forum},
  pages={2783},
  year={2025}
}

@article{arrieta2020explainable,
  title={Explainable Artificial Intelligence (XAI): Concepts, taxonomies, opportunities and challenges toward responsible AI},
  author={Arrieta, Alejandro Barredo and D{\'\i}az-Rodr{\'\i}guez, Natalia and Del Ser, Javier and Bennetot, Adrien and Tabik, Siham and Barbado, Alberto and Garc{\'\i}a, Salvador and Gil-L{\'o}pez, Sergio and Molina, Daniel and Benjamins, Richard and others},
  journal={Information fusion},
  volume={58},
  pages={82--115},
  year={2020},
  publisher={Elsevier}
}

@article{chen2015xgboost,
  title={Xgboost: extreme gradient boosting},
  author={Chen, T},
  journal={R package version 0.4-2},
  volume={1},
  number={4},
  year={2015}
}

@incollection{danesh2022interpretability,
  title={Interpretability of neural networks predictions using Accumulated Local Effects as a model-agnostic method},
  author={Danesh, Tina and Ouaret, Rachid and Floquet, Pascal and Negny, St{\'e}phane},
  booktitle={Computer aided chemical engineering},
  volume={51},
  pages={1501--1506},
  year={2022},
  publisher={Elsevier}
}

@article{garcez2023neurosymbolic,
  title={Neurosymbolic AI: The 3 rd wave},
  author={Garcez, Artur dâ€™Avila and Lamb, Luis C},
  journal={Artificial Intelligence Review},
  volume={56},
  number={11},
  pages={12387--12406},
  year={2023},
  publisher={Springer}
}

@article{golshani2018modeling,
  title={Modeling travel mode and timing decisions: Comparison of artificial neural networks and copula-based joint model},
  author={Golshani, Nima and Shabanpour, Ramin and Mahmoudifard, Seyed Mehdi and Derrible, Sybil and Mohammadian, Abolfazl},
  journal={Travel Behaviour and Society},
  volume={10},
  pages={21--32},
  year={2018},
  publisher={Elsevier}
}

@article{guo2020residual,
  title={A residual spatio-temporal architecture for travel demand forecasting},
  author={Guo, Ge and Zhang, Tianqi},
  journal={Transportation Research Part C: Emerging Technologies},
  volume={115},
  pages={102639},
  year={2020},
  publisher={Elsevier}
}

@article{hu2023examining,
  title={Examining nonlinearity in population inflow estimation using big data: An empirical comparison of explainable machine learning models},
  author={Hu, Songhua and Xiong, Chenfeng and Chen, Peng and Schonfeld, Paul},
  journal={Transportation Research Part A: Policy and Practice},
  volume={174},
  pages={103743},
  year={2023},
  publisher={Elsevier}
}

@article{jung2008gravity,
  title={Gravity model in the Korean highway},
  author={Jung, Woo-Sung and Wang, Fengzhong and Stanley, H Eugene},
  journal={Europhysics Letters},
  volume={81},
  number={4},
  pages={48005},
  year={2008},
  publisher={IOP Publishing}
}

@article{kashifi2022predicting,
  title={Predicting the travel mode choice with interpretable machine learning techniques: A comparative study},
  author={Kashifi, Mohammad Tamim and Jamal, Arshad and Kashefi, Mohammad Samim and Almoshaogeh, Meshal and Rahman, Syed Masiur},
  journal={Travel Behaviour and Society},
  volume={29},
  pages={279--296},
  year={2022},
  publisher={Elsevier}
}

@article{kim2020stepwise,
  title={A stepwise interpretable machine learning framework using linear regression (LR) and long short-term memory (LSTM): City-wide demand-side prediction of yellow taxi and for-hire vehicle (FHV) service},
  author={Kim, Taehooie and Sharda, Shivam and Zhou, Xuesong and Pendyala, Ram M},
  journal={Transportation Research Part C: Emerging Technologies},
  volume={120},
  pages={102786},
  year={2020},
  publisher={Elsevier}
}

@article{kim2021analysis,
  title={Analysis of travel mode choice in Seoul using an interpretable machine learning approach},
  author={Kim, Eui-Jin},
  journal={Journal of Advanced Transportation},
  volume={2021},
  number={1},
  pages={6685004},
  year={2021},
  publisher={Wiley Online Library}
}

@article{lundberg2017unified,
  title={A unified approach to interpreting model predictions},
  author={Lundberg, Scott},
  journal={arXiv preprint arXiv:1705.07874},
  year={2017}
}

@article{rajendran2021predicting,
  title={Predicting demand for air taxi urban aviation services using machine learning algorithms},
  author={Rajendran, Suchithra and Srinivas, Sharan and Grimshaw, Trenton},
  journal={Journal of Air Transport Management},
  volume={92},
  pages={102043},
  year={2021},
  publisher={Elsevier}
}

@article{wei2015logistic,
  title={A logistic regression model with a hierarchical random error term for analyzing the utilization of public transport},
  author={Wei, Chong and Lu, Tingting and Yan, Xuedong},
  journal={Mathematical Problems in Engineering},
  volume={2015},
  number={1},
  pages={430926},
  year={2015},
  publisher={Wiley Online Library}
}

