@article{hasnine2021effects,
  title={Effects of built environment and weather on demands for transportation network company trips},
  author={Hasnine, Md Sami and Hawkins, Jason and Habib, Khandker Nurul},
  journal={Transportation Research Part A: Policy and Practice},
  volume={150},
  pages={171--185},
  year={2021},
  publisher={Elsevier}
}

@article{anderson2011gravity,
  title={The gravity model},
  author={Anderson, James E},
  journal={Annu. Rev. Econ.},
  volume={3},
  number={1},
  pages={133--160},
  year={2011},
  publisher={Annual Reviews}
}

@article{sanayei2022model,
  title={A model development on GIS-driven data to predict temporal daily collision through integrating Discrete Wavelet Transform (DWT) and Artificial Neural Network (ANN) algorithms; case study: Tehran-Qazvin freeway},
  author={Sanayei, Reza and Vafaeinejad, Alireza and Karami, Jalal and Aghamohammadi Zanjirabad, Hossein},
  journal={Geocarto International},
  volume={37},
  number={14},
  pages={4141--4157},
  year={2022},
  publisher={Taylor \& Francis}
}

@article{WILSON1967253,
title = {A statistical theory of spatial distribution models},
journal = {Transportation Research},
volume = {1},
number = {3},
pages = {253-269},
year = {1967},
issn = {0041-1647},
doi = {https://doi.org/10.1016/0041-1647(67)90035-4},
url = {https://www.sciencedirect.com/science/article/pii/0041164767900354},
author = {A.G. Wilson}
}

@book{fotheringham1989spatial,
  title={Spatial interaction models: formulations and applications},
  author={Fotheringham, A Stewart and O'Kelly, Morton E},
  volume={1},
  year={1989},
  publisher={Kluwer Academic Publishers Dordrecht}
}

@article{buliung2006gis,
  title={A GIS toolkit for exploring geographies of household activity/travel behavior},
  author={Buliung, Ronald N and Kanaroglou, Pavlos S},
  journal={Journal of Transport Geography},
  volume={14},
  number={1},
  pages={35--51},
  year={2006},
  publisher={Elsevier}
}

@article{xie2020urban,
  title={Urban flow prediction from spatiotemporal data using machine learning: A survey},
  author={Xie, Peng and Li, Tianrui and Liu, Jia and Du, Shengdong and Yang, Xin and Zhang, Junbo},
  journal={Information Fusion},
  volume={59},
  pages={1--12},
  year={2020},
  publisher={Elsevier}
}

@article{liyanage2022ai,
  title={AI-based neural network models for bus passenger demand forecasting using smart card data},
  author={Liyanage, Sohani and Abduljabbar, Rusul and Dia, Hussein and Tsai, Pei-Wei},
  journal={Journal of Urban Management},
  volume={11},
  number={3},
  pages={365--380},
  year={2022},
  publisher={Elsevier}
}

@article{zhao2021mdlf,
  title={MDLF: A multi-view-based deep learning framework for individual trip destination prediction in public transportation systems},
  author={Zhao, Juanjuan and Zhang, Liutao and Ye, Jiexia and Xu, Chengzhong},
  journal={IEEE Transactions on Intelligent Transportation Systems},
  volume={23},
  number={8},
  pages={13316--13329},
  year={2021},
  publisher={IEEE}
}

@article{yan2020using,
  title={Using machine learning for direct demand modeling of ridesourcing services in Chicago},
  author={Yan, Xiang and Liu, Xinyu and Zhao, Xilei},
  journal={Journal of Transport Geography},
  volume={83},
  pages={102661},
  year={2020},
  publisher={Elsevier}
}

@article{kang2020multiscale,
  title     = {Multiscale Dynamic Human Mobility Flow Dataset in the U.S. during the COVID-19 Epidemic},
  author    = {Kang, Yuhao and Gao, Song and Liang, Yunlei and Li, Mingxiao and Kruse, Jake},
  journal   = {Scientific Data},
  volumn    = {7},
  issue     = {390},
  pages     = {1--13},
  year = {2020}
}

@inproceedings{luxen-vetter-2011,
 author = {Luxen, Dennis and Vetter, Christian},
 title = {Real-time routing with OpenStreetMap data},
 booktitle = {Proceedings of the 19th ACM SIGSPATIAL International Conference on Advances in Geographic Information Systems},
 series = {GIS '11},
 year = {2011},
 isbn = {978-1-4503-1031-4},
 location = {Chicago, Illinois},
 pages = {513--516},
 numpages = {4},
 url = {http://doi.acm.org/10.1145/2093973.2094062},
 doi = {10.1145/2093973.2094062},
 acmid = {2094062},
 publisher = {ACM},
 address = {New York, NY, USA},
}

@article{tayarani2021assessment,
  title={The Assessment of the Change in the Share of Public Transportation by Applying Transportation Demand Management Policies},
  author={Tayarani Yousefabadi, Amir and Mahpour, Alireza and Farzin, Iman and Mohammadian Amiri, Amir},
  journal={AUT Journal of Civil Engineering},
  volume={5},
  number={2},
  pages={199--212},
  year={2021},
  publisher={Amirkabir University of Technology}
}

@article{mahpour2023expanding,
  title={Expanding the VBN theory on succeeding the transportation demand management policies},
  author={Mahpour, Alireza and Farzin, Iman and Izadi, Arash Rasa and Ashouri, Sina},
  journal={Transportation Research Interdisciplinary Perspectives},
  volume={21},
  pages={100903},
  year={2023},
  publisher={Elsevier}
}

@article{yu2019exploring,
  title={Exploring the spatial variation of ridesourcing demand and its relationship to built environment and socioeconomic factors with the geographically weighted Poisson regression},
  author={Yu, Haitao and Peng, Zhong-Ren},
  journal={Journal of Transport Geography},
  volume={75},
  pages={147--163},
  year={2019},
  publisher={Elsevier}
}

@article{godde2023user,
  title={User characteristics and spatial correlates of ride-pooling demand--Evidence from Berlin and Munich},
  author={G{\"o}dde, Jan and Ruhrort, Lisa and Allert, Viktoria and Scheiner, Joachim},
  journal={Journal of Transport Geography},
  volume={109},
  pages={103596},
  year={2023},
  publisher={Elsevier}
}

@article{chen2021examining,
  title={Examining the spatial-temporal relationship between urban built environment and taxi ridership: Results of a semi-parametric GWPR model},
  author={Chen, Chao and Feng, Tao and Ding, Chuan and Yu, Bin and Yao, Baozhen},
  journal={Journal of Transport Geography},
  volume={96},
  pages={103172},
  year={2021},
  publisher={Elsevier}
}

@inproceedings{deb2019travel,
  title={Travel time prediction using machine learning and weather impact on traffic conditions},
  author={Deb, Bilash and Khan, Salehin Rahman and Hasan, Khandker Tanvir and Khan, Ashikul Haque and Alam, Md Ashraful},
  booktitle={2019 IEEE 5th International Conference for Convergence in Technology (I2CT)},
  pages={1--8},
  year={2019},
  organization={IEEE}
}

@article{jin2023built,
  title={Do built environment factors have different effects on ridesourcing usage before and after the COVID-19 pandemic?},
  author={Jin, Tanhua and Cheng, Long and Wang, Sicheng and Cao, Jun and Schwanen, Tim and Witlox, Frank},
  journal={Cities},
  volume={141},
  pages={104520},
  year={2023},
  publisher={Elsevier}
}

@article{wu2023error,
  title={Error-distribution-free kernel extreme learning machine for traffic flow forecasting},
  author={Wu, Keer and Xu, Changhong and Yan, Jingwen and Wang, Fei and Lin, Zhizhe and Zhou, Teng},
  journal={Engineering Applications of Artificial Intelligence},
  volume={123},
  pages={106411},
  year={2023},
  publisher={Elsevier}
}

@article{zhao2023inferring,
  title={Inferring nonwork travel semantics and revealing the nonlinear relationships with the community built environment},
  author={Zhao, Bingbing and Deng, Min and Shi, Yan},
  journal={Sustainable Cities and Society},
  volume={99},
  pages={104889},
  year={2023},
  publisher={Elsevier}
}

@article{simini2021deep,
  title={A deep gravity model for mobility flows generation},
  author={Simini, Filippo and Barlacchi, Gianni and Luca, Massimilano and Pappalardo, Luca},
  journal={Nature communications},
  volume={12},
  number={1},
  pages={6576},
  year={2021},
  publisher={Nature Publishing Group UK London}
}

@misc{TennesseeStateDataCenter,
    author = {{Tennessee State Data Center}},
    title = {Population Estimates},
    year = {2024},
    url = {https://tnsdc.utk.edu/estimates-and-projections/population-estimates/},
    note = {Accessed: 2024-10-24}
}

@misc{tennessee_economic_2021,
  title = {Tennessee Economic and Fiscal Indicators: March 2020 - July 2021},
  author = {{Boyd Center}},
  year = {2021},
  url = {https://haslam.utk.edu/boyd-center/tennessee-economic-and-fiscal-indicators/},
  note = {Accessed: 2024-10-01}
}

@misc{county_profiles_child_2021,
  title = {County Profiles of Child Well-Being in Tennessee},
  author = {{TCCY}},
  year = {2021},
  url = {https://www.tn.gov/tccy/data-and-research/county-profiles1.html},
  note = {Accessed: 2024-10-01}
}

@article{banerjee2020passenger,
  title={Passenger demand forecasting in scheduled transportation},
  author={Banerjee, Nilabhra and Morton, Alec and Akartunal{\i}, Kerem},
  journal={European Journal of Operational Research},
  volume={286},
  number={3},
  pages={797--810},
  year={2020},
  publisher={Elsevier}
}

@INPROCEEDINGS{8489530,
  author={Wang, Dongjie and Yang, Yan and Ning, Shangming},
  booktitle={2018 International Joint Conference on Neural Networks (IJCNN)}, 
  title={DeepSTCL: A Deep Spatio-temporal ConvLSTM for Travel Demand Prediction}, 
  year={2018},
  volume={},
  number={},
  pages={1-8},
  keywords={Machine learning;Predictive models;Market research;Public transportation;Neural networks;Forecasting;Travel demand forecasting;Data analysis;Deep Learning;Convolutional Long Short-Term Memory (ConvLSTM);Spatio-Temporal dependence},
  doi={10.1109/IJCNN.2018.8489530}}

@article{adrian_tantau__2020,
        title={ Particular Methods of Simultaneous Collection of Personal Mobility Research Data from Several Points },
        author={ Adrian Tantau and Ileana Gavrilescu and Laurentiu Fratila },
        journal={ Energies },
        year={ 2020 },
        publisher={ Multidisciplinary Digital Publishing Institute },
        volume={ 13 },
        pages={ 6053- },
        number={ 22 },
        
        
        doi={ 10.3390/EN13226053 },  
      }


@article{cheng2020integrating,
  title={Integrating household travel survey and social media data to improve the quality of od matrix: A comparative case study},
  author={Cheng, Zesheng and Jian, Sisi and Rashidi, Taha Hossein and Maghrebi, Mojtaba and Waller, Steven Travis},
  journal={IEEE Transactions on Intelligent Transportation Systems},
  volume={21},
  number={6},
  pages={2628--2636},
  year={2020},
  publisher={IEEE}
}

@article{saadallah2018bright,
  title={BRIGHT—Drift-aware demand predictions for taxi networks},
  author={Saadallah, Amal and Moreira-Matias, Luis and Sousa, Ricardo and Khiari, Jihed and Jenelius, Erik and Gama, Joao},
  journal={IEEE Transactions on Knowledge and Data Engineering},
  volume={32},
  number={2},
  pages={234--245},
  year={2018},
  publisher={IEEE}
}

@article{jung2008gravity,
  title={Gravity model in the Korean highway},
  author={Jung, Woo-Sung and Wang, Fengzhong and Stanley, H Eugene},
  journal={Europhysics Letters},
  volume={81},
  number={4},
  pages={48005},
  year={2008},
  publisher={IOP Publishing}
}

@article{rajendran2021predicting,
  title={Predicting demand for air taxi urban aviation services using machine learning algorithms},
  author={Rajendran, Suchithra and Srinivas, Sharan and Grimshaw, Trenton},
  journal={Journal of Air Transport Management},
  volume={92},
  pages={102043},
  year={2021},
  publisher={Elsevier}
}

@article{wei2015logistic,
  title={A logistic regression model with a hierarchical random error term for analyzing the utilization of public transport},
  author={Wei, Chong and Lu, Tingting and Yan, Xuedong},
  journal={Mathematical Problems in Engineering},
  volume={2015},
  number={1},
  pages={430926},
  year={2015},
  publisher={Wiley Online Library}
}

@article{guo2020residual,
  title={A residual spatio-temporal architecture for travel demand forecasting},
  author={Guo, Ge and Zhang, Tianqi},
  journal={Transportation Research Part C: Emerging Technologies},
  volume={115},
  pages={102639},
  year={2020},
  publisher={Elsevier}
}

@article{golshani2018modeling,
  title={Modeling travel mode and timing decisions: Comparison of artificial neural networks and copula-based joint model},
  author={Golshani, Nima and Shabanpour, Ramin and Mahmoudifard, Seyed Mehdi and Derrible, Sybil and Mohammadian, Abolfazl},
  journal={Travel Behaviour and Society},
  volume={10},
  pages={21--32},
  year={2018},
  publisher={Elsevier}
}

@article{garcez2023neurosymbolic,
  title={Neurosymbolic AI: The 3 rd wave},
  author={Garcez, Artur d’Avila and Lamb, Luis C},
  journal={Artificial Intelligence Review},
  volume={56},
  number={11},
  pages={12387--12406},
  year={2023},
  publisher={Springer}
}

@article{hu2023examining,
  title={Examining nonlinearity in population inflow estimation using big data: An empirical comparison of explainable machine learning models},
  author={Hu, Songhua and Xiong, Chenfeng and Chen, Peng and Schonfeld, Paul},
  journal={Transportation Research Part A: Policy and Practice},
  volume={174},
  pages={103743},
  year={2023},
  publisher={Elsevier}
}

@article{kim2020stepwise,
  title={A stepwise interpretable machine learning framework using linear regression (LR) and long short-term memory (LSTM): City-wide demand-side prediction of yellow taxi and for-hire vehicle (FHV) service},
  author={Kim, Taehooie and Sharda, Shivam and Zhou, Xuesong and Pendyala, Ram M},
  journal={Transportation Research Part C: Emerging Technologies},
  volume={120},
  pages={102786},
  year={2020},
  publisher={Elsevier}
}

@article{kim2021analysis,
  title={Analysis of travel mode choice in Seoul using an interpretable machine learning approach},
  author={Kim, Eui-Jin},
  journal={Journal of Advanced Transportation},
  volume={2021},
  number={1},
  pages={6685004},
  year={2021},
  publisher={Wiley Online Library}
}

@article{kashifi2022predicting,
  title={Predicting the travel mode choice with interpretable machine learning techniques: A comparative study},
  author={Kashifi, Mohammad Tamim and Jamal, Arshad and Kashefi, Mohammad Samim and Almoshaogeh, Meshal and Rahman, Syed Masiur},
  journal={Travel Behaviour and Society},
  volume={29},
  pages={279--296},
  year={2022},
  publisher={Elsevier}
}

@article{arrieta2020explainable,
  title={Explainable Artificial Intelligence (XAI): Concepts, taxonomies, opportunities and challenges toward responsible AI},
  author={Arrieta, Alejandro Barredo and D{\'\i}az-Rodr{\'\i}guez, Natalia and Del Ser, Javier and Bennetot, Adrien and Tabik, Siham and Barbado, Alberto and Garc{\'\i}a, Salvador and Gil-L{\'o}pez, Sergio and Molina, Daniel and Benjamins, Richard and others},
  journal={Information fusion},
  volume={58},
  pages={82--115},
  year={2020},
  publisher={Elsevier}
}

@article{chen2015xgboost,
  title={Xgboost: extreme gradient boosting},
  author={Chen, T},
  journal={R package version 0.4-2},
  volume={1},
  number={4},
  year={2015}
}

@incollection{danesh2022interpretability,
  title={Interpretability of neural networks predictions using Accumulated Local Effects as a model-agnostic method},
  author={Danesh, Tina and Ouaret, Rachid and Floquet, Pascal and Negny, St{\'e}phane},
  booktitle={Computer aided chemical engineering},
  volume={51},
  pages={1501--1506},
  year={2022},
  publisher={Elsevier}
}

@article{lundberg2017unified,
  title={A unified approach to interpreting model predictions},
  author={Lundberg, Scott},
  journal={arXiv preprint arXiv:1705.07874},
  year={2017}
}

@inproceedings{acharya2025regional,
  title={Regional Air Mobility Flight Demand Modeling in Tennessee State},
  author={Acharya, Kamal and Lad, Mehul and Song, Houbing and Sun, Liang},
  booktitle={AIAA SCITECH 2025 Forum},
  pages={2783},
  year={2025}
}

@INPROCEEDINGS{10825121,
  author={Acharya, Kamal and Lad, Mehul and Sun, Liang and Song, Houbing},
  booktitle={2024 IEEE International Conference on Big Data (BigData)}, 
  title={Demand Modeling for Advanced Air Mobility}, 
  year={2024},
  volume={},
  number={},
  pages={2855-2863},
  keywords={Costs;Atmospheric modeling;Urban areas;FAA;Predictive models;Strategic planning;Data models;Active appearance model;Traffic congestion;Software development management;advanced air mobility;cost modeling;demand modeling;generalised cost of travel;risk modeling;time modeling},
  doi={10.1109/BigData62323.2024.10825121}}

@article{acharya2024improving,
  title={Improving Air Mobility for Pre-Disaster Planning with Neural Network Accelerated Genetic Algorithm},
  author={Acharya, Kamal and Velasquez, Alvaro and Liu, Yongxin and Liu, Dahai and Sun, Liang and Song, Houbing},
  journal={arXiv preprint arXiv:2408.00790},
  year={2024}
}