@ARTICLE{10036355,
  author={Li, Shuying and Peng, Baidong and Fang, Long and Zhang, Qiang and Cheng, Lei and Li, Qiang},
  journal={IEEE Transactions on Geoscience and Remote Sensing}, 
  title={Hyperspectral Band Selection via Difference Between Intergroups}, 
  year={2023},
  volume={61},
  number={},
  pages={1-10},
  keywords={Termination of employment;Feature extraction;Clustering methods;Redundancy;Information entropy;Hyperspectral imaging;Euclidean distance;Band selection;difference between intergroups (DIG);hyperspectral image (HSI);optimal number of bands},
  doi={10.1109/TGRS.2023.3242239}}

@ARTICLE{9153939,
  author={Wang, Qi and Li, Qiang and Li, Xuelong},
  journal={IEEE Transactions on Geoscience and Remote Sensing}, 
  title={A Fast Neighborhood Grouping Method for Hyperspectral Band Selection}, 
  year={2021},
  volume={59},
  number={6},
  pages={5028-5039},
  keywords={Hyperspectral imaging;Clustering algorithms;Partitioning algorithms;Information entropy;Complexity theory;Task analysis;Band selection;context information;determinantal point process (DPP);hyperspectral image;neighborhood grouping},
  doi={10.1109/TGRS.2020.3011002}
}

@article{ayna2023learning,
  title={Learning-Based Optimization of Hyperspectral Band Selection for Classification},
  author={Ayna, Cemre Omer and Mdrafi, Robiulhossain and Du, Qian and Gurbuz, Ali Cafer},
  journal={Remote Sensing},
  volume={15},
  number={18},
  pages={4460},
  year={2023},
  publisher={MDPI}
}

@article{bhardwaj2018unsupervised,
  title={An unsupervised technique for optimal feature selection in attribute profiles for spectral-spatial classification of hyperspectral images},
  author={Bhardwaj, Kaushal and Patra, Swarnajyoti},
  journal={ISPRS journal of photogrammetry and remote sensing},
  volume={138},
  pages={139--150},
  year={2018},
  publisher={Elsevier}
}

@article{chang1999joint,
  title={A joint band prioritization and band-decorrelation approach to band selection for hyperspectral image classification},
  author={Chang, Chein-I and Du, Qian and Sun, Tzu-Lung and Althouse, Mark LG},
  journal={IEEE transactions on geoscience and remote sensing},
  volume={37},
  number={6},
  pages={2631--2641},
  year={1999},
  publisher={IEEE}
}

@article{datta2015combination,
  title={Combination of clustering and ranking techniques for unsupervised band selection of hyperspectral images},
  author={Datta, Aloke and Ghosh, Susmita and Ghosh, Ashish},
  journal={IEEE Journal of Selected Topics in Applied Earth Observations and Remote Sensing},
  volume={8},
  number={6},
  pages={2814--2823},
  year={2015},
  publisher={IEEE}
}

@article{guo2014improving,
  title={Improving hyperspectral band selection by constructing an estimated reference map},
  author={Guo, Baofeng and Damper, Robert I and Gunn, Steve R and B. Nelson, James D},
  journal={Journal of Applied Remote Sensing},
  volume={8},
  number={1},
  pages={083692--083692},
  year={2014},
  publisher={Society of Photo-Optical Instrumentation Engineers}
}

@article{jia2012unsupervised,
  title={Unsupervised band selection for hyperspectral imagery classification without manual band removal},
  author={Jia, Sen and Ji, Zhen and Qian, Yuntao and Shen, Linlin},
  journal={IEEE Journal of Selected Topics in Applied Earth Observations and Remote Sensing},
  volume={5},
  number={2},
  pages={531--543},
  year={2012},
  publisher={IEEE}
}

@article{jia2015novel,
  title={A novel ranking-based clustering approach for hyperspectral band selection},
  author={Jia, Sen and Tang, Guihua and Zhu, Jiasong and Li, Qingquan},
  journal={IEEE Transactions on Geoscience and Remote Sensing},
  volume={54},
  number={1},
  pages={88--102},
  year={2015},
  publisher={IEEE}
}

@article{keshava2004distance,
  title={Distance metrics and band selection in hyperspectral processing with applications to material identification and spectral libraries},
  author={Keshava, Nirmal},
  journal={IEEE Transactions on Geoscience and remote sensing},
  volume={42},
  number={7},
  pages={1552--1565},
  year={2004},
  publisher={IEEE}
}

@inproceedings{manolakis2008spectral,
  title={On the spectral correlation structure of hyperspectral imaging data},
  author={Manolakis, Dimitris and Lockwood, R and Cooley, T},
  booktitle={IGARSS 2008-2008 IEEE International Geoscience and Remote Sensing Symposium},
  volume={2},
  pages={II--581},
  year={2008},
  organization={IEEE}
}

@article{sawant2020survey,
  title={A survey of band selection techniques for hyperspectral image classification},
  author={Sawant, Shrutika S and Prabukumar, Manoharan},
  journal={Journal of Spectral Imaging},
  volume={9},
  year={2020},
  publisher={IM Publications Open}
}

@article{sawant2020unsupervised,
  title={Unsupervised band selection based on weighted information entropy and 3D discrete cosine transform for hyperspectral image classification},
  author={Sawant, Shrutika S and Manoharan, Prabukumar},
  journal={International Journal of Remote Sensing},
  volume={41},
  number={10},
  pages={3948--3969},
  year={2020},
  publisher={Taylor \& Francis}
}

@article{tschannerl2019mimr,
  title={MIMR-DGSA: Unsupervised hyperspectral band selection based on information theory and a modified discrete gravitational search algorithm},
  author={Tschannerl, Julius and Ren, Jinchang and Yuen, Peter and Sun, Genyun and Zhao, Huimin and Yang, Zhijing and Wang, Zheng and Marshall, Stephen},
  journal={Information Fusion},
  volume={51},
  pages={189--200},
  year={2019},
  publisher={Elsevier}
}

@article{wang2022group,
  title={Group shuffle and spectral-spatial fusion for hyperspectral image super-resolution},
  author={Wang, Xinya and Cheng, Yingsong and Mei, Xiaoguang and Jiang, Junjun and Ma, Jiayi},
  journal={IEEE Transactions on Computational Imaging},
  volume={8},
  pages={1223--1236},
  year={2022},
  publisher={IEEE}
}

@article{yang2010efficient,
  title={An efficient method for supervised hyperspectral band selection},
  author={Yang, He and Du, Qian and Su, Hongjun and Sheng, Yehua},
  journal={IEEE Geoscience and Remote Sensing Letters},
  volume={8},
  number={1},
  pages={138--142},
  year={2010},
  publisher={IEEE}
}

@article{zhang2018fast,
  title={A fast hyperspectral feature selection method based on band correlation analysis},
  author={Zhang, Wenqiang and Li, Xiaorun and Zhao, Liaoying},
  journal={IEEE Geoscience and Remote Sensing Letters},
  volume={15},
  number={11},
  pages={1750--1754},
  year={2018},
  publisher={IEEE}
}

