@incollection{Bengio+chapter2007,
author = {Bengio, Yoshua and LeCun, Yann},
booktitle = {Large Scale Kernel Machines},
publisher = {MIT Press},
title = {Scaling Learning Algorithms Towards {AI}},
year = {2007}
}

@article{Hinton06,
author = {Hinton, Geoffrey E. and Osindero, Simon and Teh, Yee Whye},
journal = {Neural Computation},
pages = {1527--1554},
title = {A Fast Learning Algorithm for Deep Belief Nets},
volume = {18},
year = {2006}
}

@book{goodfellow2016deep,
title={Deep learning},
author={Goodfellow, Ian and Bengio, Yoshua and Courville, Aaron and Bengio, Yoshua},
volume={1},
year={2016},
publisher={MIT Press}
}
%%%%%%%%%%%%%%%%%%%%%%%%%%%%%%%%%%%%%%%%%%%%%%%%%%%%%%%%%%%%%%
@inproceedings{xuejun2012spectral,
  title={Spectral characteristics research of the hyperspectral image based on the correlation matrix},
  author={Xuejun, Zhao and Xu, Qiao},
  booktitle={2012 Fourth International Symposium on Information Science and Engineering},
  pages={372--374},
  year={2012},
  organization={IEEE}
}

@article{aymanbands,
  title={Bands Regrouping of Hyperspectral Data Based on Spectral Correlation Matrix Analysis (July 2012)},
  author={Ayman, M and Sharkawy, M El and Elramly, S}
}
@inproceedings{manolakis2008spectral,
  title={On the spectral correlation structure of hyperspectral imaging data},
  author={Manolakis, Dimitris and Lockwood, R and Cooley, T},
  booktitle={IGARSS 2008-2008 IEEE International Geoscience and Remote Sensing Symposium},
  volume={2},
  pages={II--581},
  year={2008},
  organization={IEEE}
}
@article{wang2022group,
  title={Group shuffle and spectral-spatial fusion for hyperspectral image super-resolution},
  author={Wang, Xinya and Cheng, Yingsong and Mei, Xiaoguang and Jiang, Junjun and Ma, Jiayi},
  journal={IEEE Transactions on Computational Imaging},
  volume={8},
  pages={1223--1236},
  year={2022},
  publisher={IEEE}
}
@article{bioucas2008hyperspectral,
  title={Hyperspectral subspace identification},
  author={Bioucas-Dias, Jos{\'e} M and Nascimento, Jos{\'e} MP},
  journal={IEEE Transactions on Geoscience and Remote Sensing},
  volume={46},
  number={8},
  pages={2435--2445},
  year={2008},
  publisher={IEEE}
}
@article{wang2019hyperspectral,
  title={Hyperspectral band selection via adaptive subspace partition strategy},
  author={Wang, Qi and Li, Qiang and Li, Xuelong},
  journal={IEEE Journal of Selected Topics in Applied Earth Observations and Remote Sensing},
  volume={12},
  number={12},
  pages={4940--4950},
  year={2019},
  publisher={IEEE}
}
@article{guyon2003introduction,
  title={An introduction to variable and feature selection},
  author={Guyon, Isabelle and Elisseeff, Andr{\'e}},
  journal={Journal of machine learning research},
  volume={3},
  number={Mar},
  pages={1157--1182},
  year={2003}
}
@article{li2019efficient,
  title={An efficient clustering method for hyperspectral optimal band selection via shared nearest neighbor},
  author={Li, Qiang and Wang, Qi and Li, Xuelong},
  journal={Remote Sensing},
  volume={11},
  number={3},
  pages={350},
  year={2019},
  publisher={MDPI}
}
@article{rodarmel2002principal,
  title={Principal component analysis for hyperspectral image classification},
  author={Rodarmel, Craig and Shan, Jie},
  journal={Surveying and Land Information Science},
  volume={62},
  number={2},
  pages={115--122},
  year={2002},
  publisher={American Congress on Surveying and Mapping}
}
@article{uddin2021pca,
  title={PCA-based feature reduction for hyperspectral remote sensing image classification},
  author={Uddin, Md Palash and Mamun, Md Al and Hossain, Md Ali},
  journal={IETE Technical Review},
  volume={38},
  number={4},
  pages={377--396},
  year={2021},
  publisher={Taylor \& Francis}
}
@article{greenacre2022principal,
  title={Principal component analysis},
  author={Greenacre, Michael and Groenen, Patrick JF and Hastie, Trevor and dâ€™Enza, Alfonso Iodice and Markos, Angelos and Tuzhilina, Elena},
  journal={Nature Reviews Methods Primers},
  volume={2},
  number={1},
  pages={100},
  year={2022},
  publisher={Nature Publishing Group UK London}
}
@article{jia2015novel,
  title={A novel ranking-based clustering approach for hyperspectral band selection},
  author={Jia, Sen and Tang, Guihua and Zhu, Jiasong and Li, Qingquan},
  journal={IEEE Transactions on Geoscience and Remote Sensing},
  volume={54},
  number={1},
  pages={88--102},
  year={2015},
  publisher={IEEE}
}
@article{martinez2007clustering,
  title={Clustering-based hyperspectral band selection using information measures},
  author={Mart{\'I}nez-Us{\'O}Martinez-Uso, Adolfo and Pla, Filiberto and Sotoca, Jos{\'e} Mart{\'\i}nez and Garc{\'\i}a-Sevilla, Pedro},
  journal={IEEE Transactions on Geoscience and Remote Sensing},
  volume={45},
  number={12},
  pages={4158--4171},
  year={2007},
  publisher={IEEE}
}
@article{yuan2015dual,
  title={Dual-clustering-based hyperspectral band selection by contextual analysis},
  author={Yuan, Yuan and Lin, Jianzhe and Wang, Qi},
  journal={IEEE Transactions on Geoscience and Remote Sensing},
  volume={54},
  number={3},
  pages={1431--1445},
  year={2015},
  publisher={IEEE}
}
@article{datta2015combination,
  title={Combination of clustering and ranking techniques for unsupervised band selection of hyperspectral images},
  author={Datta, Aloke and Ghosh, Susmita and Ghosh, Ashish},
  journal={IEEE Journal of Selected Topics in Applied Earth Observations and Remote Sensing},
  volume={8},
  number={6},
  pages={2814--2823},
  year={2015},
  publisher={IEEE}
}
@article{wang2016salient,
  title={Salient band selection for hyperspectral image classification via manifold ranking},
  author={Wang, Qi and Lin, Jianzhe and Yuan, Yuan},
  journal={IEEE transactions on neural networks and learning systems},
  volume={27},
  number={6},
  pages={1279--1289},
  year={2016},
  publisher={IEEE}
}
@inproceedings{martinez2006clustering,
  title={Clustering-based multispectral band selection using mutual information},
  author={Martinez-Uso, Adolfo and Pla, Filiberto and Sotoca, Jos{\'e} Mart{\'\i}nez and Garcia-Sevilla, Pedro},
  booktitle={18th international conference on pattern recognition (ICPR'06)},
  volume={2},
  pages={760--763},
  year={2006},
  organization={IEEE}
}
@inproceedings{shi2016real,
  title={Real-time single image and video super-resolution using an efficient sub-pixel convolutional neural network},
  author={Shi, Wenzhe and Caballero, Jose and Husz{\'a}r, Ferenc and Totz, Johannes and Aitken, Andrew P and Bishop, Rob and Rueckert, Daniel and Wang, Zehan},
  booktitle={Proceedings of the IEEE conference on computer vision and pattern recognition},
  pages={1874--1883},
  year={2016}
}
@article{hussain2023extending,
  title={Extending function mixture network for improved spectral super-resolution},
  author={Hussain, Sadia and Lall, Brejesh},
  journal={Computer Vision and Image Understanding},
  volume={237},
  pages={103834},
  year={2023},
  publisher={Elsevier}
}
@article{liu2021spectral,
  title={A spectral grouping and attention-driven residual dense network for hyperspectral image super-resolution},
  author={Liu, Denghong and Li, Jie and Yuan, Qiangqiang},
  journal={IEEE Transactions on Geoscience and Remote Sensing},
  volume={59},
  number={9},
  pages={7711--7725},
  year={2021},
  publisher={IEEE}
}
@article{zhou2016deep,
  title={Deep learning with grouped features for spatial spectral classification of hyperspectral images},
  author={Zhou, Xichuan and Li, Shengli and Tang, Fang and Qin, Kai and Hu, Shengdong and Liu, Shujun},
  journal={IEEE Geoscience and Remote Sensing Letters},
  volume={14},
  number={1},
  pages={97--101},
  year={2016},
  publisher={IEEE}
}
@article{khan2015joint,
  title={Joint group sparse PCA for compressed hyperspectral imaging},
  author={Khan, Zohaib and Shafait, Faisal and Mian, Ajmal},
  journal={IEEE Transactions on Image Processing},
  volume={24},
  number={12},
  pages={4934--4942},
  year={2015},
  publisher={IEEE}
}
@article{sawant2020survey,
  title={A survey of band selection techniques for hyperspectral image classification},
  author={Sawant, Shrutika S and Prabukumar, Manoharan},
  journal={Journal of Spectral Imaging},
  volume={9},
  year={2020},
  publisher={IM Publications Open}
}
@article{chang1999joint,
  title={A joint band prioritization and band-decorrelation approach to band selection for hyperspectral image classification},
  author={Chang, Chein-I and Du, Qian and Sun, Tzu-Lung and Althouse, Mark LG},
  journal={IEEE transactions on geoscience and remote sensing},
  volume={37},
  number={6},
  pages={2631--2641},
  year={1999},
  publisher={IEEE}
}
@article{tschannerl2019mimr,
  title={MIMR-DGSA: Unsupervised hyperspectral band selection based on information theory and a modified discrete gravitational search algorithm},
  author={Tschannerl, Julius and Ren, Jinchang and Yuen, Peter and Sun, Genyun and Zhao, Huimin and Yang, Zhijing and Wang, Zheng and Marshall, Stephen},
  journal={Information Fusion},
  volume={51},
  pages={189--200},
  year={2019},
  publisher={Elsevier}
}
@article{bhardwaj2018unsupervised,
  title={An unsupervised technique for optimal feature selection in attribute profiles for spectral-spatial classification of hyperspectral images},
  author={Bhardwaj, Kaushal and Patra, Swarnajyoti},
  journal={ISPRS journal of photogrammetry and remote sensing},
  volume={138},
  pages={139--150},
  year={2018},
  publisher={Elsevier}
}
@article{keshava2004distance,
  title={Distance metrics and band selection in hyperspectral processing with applications to material identification and spectral libraries},
  author={Keshava, Nirmal},
  journal={IEEE Transactions on Geoscience and remote sensing},
  volume={42},
  number={7},
  pages={1552--1565},
  year={2004},
  publisher={IEEE}
}
@article{zhang2018fast,
  title={A fast hyperspectral feature selection method based on band correlation analysis},
  author={Zhang, Wenqiang and Li, Xiaorun and Zhao, Liaoying},
  journal={IEEE Geoscience and Remote Sensing Letters},
  volume={15},
  number={11},
  pages={1750--1754},
  year={2018},
  publisher={IEEE}
}
@article{guo2014improving,
  title={Improving hyperspectral band selection by constructing an estimated reference map},
  author={Guo, Baofeng and Damper, Robert I and Gunn, Steve R and B. Nelson, James D},
  journal={Journal of Applied Remote Sensing},
  volume={8},
  number={1},
  pages={083692--083692},
  year={2014},
  publisher={Society of Photo-Optical Instrumentation Engineers}
}
@article{yang2010efficient,
  title={An efficient method for supervised hyperspectral band selection},
  author={Yang, He and Du, Qian and Su, Hongjun and Sheng, Yehua},
  journal={IEEE Geoscience and Remote Sensing Letters},
  volume={8},
  number={1},
  pages={138--142},
  year={2010},
  publisher={IEEE}
}
@article{sawant2020unsupervised,
  title={Unsupervised band selection based on weighted information entropy and 3D discrete cosine transform for hyperspectral image classification},
  author={Sawant, Shrutika S and Manoharan, Prabukumar},
  journal={International Journal of Remote Sensing},
  volume={41},
  number={10},
  pages={3948--3969},
  year={2020},
  publisher={Taylor \& Francis}
}
@article{jia2012unsupervised,
  title={Unsupervised band selection for hyperspectral imagery classification without manual band removal},
  author={Jia, Sen and Ji, Zhen and Qian, Yuntao and Shen, Linlin},
  journal={IEEE Journal of Selected Topics in Applied Earth Observations and Remote Sensing},
  volume={5},
  number={2},
  pages={531--543},
  year={2012},
  publisher={IEEE}
}
@ARTICLE{9153939,
  author={Wang, Qi and Li, Qiang and Li, Xuelong},
  journal={IEEE Transactions on Geoscience and Remote Sensing}, 
  title={A Fast Neighborhood Grouping Method for Hyperspectral Band Selection}, 
  year={2021},
  volume={59},
  number={6},
  pages={5028-5039},
  keywords={Hyperspectral imaging;Clustering algorithms;Partitioning algorithms;Information entropy;Complexity theory;Task analysis;Band selection;context information;determinantal point process (DPP);hyperspectral image;neighborhood grouping},
  doi={10.1109/TGRS.2020.3011002}
}
@ARTICLE{10036355,
  author={Li, Shuying and Peng, Baidong and Fang, Long and Zhang, Qiang and Cheng, Lei and Li, Qiang},
  journal={IEEE Transactions on Geoscience and Remote Sensing}, 
  title={Hyperspectral Band Selection via Difference Between Intergroups}, 
  year={2023},
  volume={61},
  number={},
  pages={1-10},
  keywords={Termination of employment;Feature extraction;Clustering methods;Redundancy;Information entropy;Hyperspectral imaging;Euclidean distance;Band selection;difference between intergroups (DIG);hyperspectral image (HSI);optimal number of bands},
  doi={10.1109/TGRS.2023.3242239}}
@article{ayna2023learning,
  title={Learning-Based Optimization of Hyperspectral Band Selection for Classification},
  author={Ayna, Cemre Omer and Mdrafi, Robiulhossain and Du, Qian and Gurbuz, Ali Cafer},
  journal={Remote Sensing},
  volume={15},
  number={18},
  pages={4460},
  year={2023},
  publisher={MDPI}
}
@inproceedings{kulesza2011k,
  title={k-dpps: Fixed-size determinantal point processes},
  author={Kulesza, Alex and Taskar, Ben},
  booktitle={Proceedings of the 28th International Conference on Machine Learning (ICML-11)},
  pages={1193--1200},
  year={2011}
}
@article{kulesza2012determinantal,
  title={Determinantal point processes for machine learning},
  author={Kulesza, Alex and Taskar, Ben and others},
  journal={Foundations and Trends{\textregistered} in Machine Learning},
  volume={5},
  number={2--3},
  pages={123--286},
  year={2012},
  publisher={Now Publishers, Inc.}
}

