@article{Bai-2007,
  title={Skeleton pruning by contour partitioning with discrete curve evolution},
  author={Bai, Xiang and Latecki, Longin Jan and Liu, Wen-Yu},
  journal={IEEE transactions on pattern analysis and machine intelligence},
  volume={29},
  number={3},
  pages={449--462},
  year={2007},
  publisher={IEEE}
}

@inproceedings{Bauer-1996,
  title={A fuzzy algorithm for pixel classification based on the discrepancy norm},
  author={Bauer, Peter and Bodenhofer, Ulrich and Klement, Erich Peter},
  booktitle={Proceedings of IEEE 5th International Fuzzy Systems},
  volume={3},
  pages={2007--2012},
  year={1996},
  organization={IEEE}
}

@article{Hernandez-2011,
  title={How reliable are finite-size Lyapunov exponents for the assessment of ocean dynamics?},
  author={Hern{\'a}ndez-Carrasco, Ismael and L{\'o}pez, Crist{\'o}bal and Hern{\'a}ndez-Garc{\'\i}a, Emilio and Turiel, Antonio},
  journal={Ocean Modelling},
  volume={36},
  number={3-4},
  pages={208--218},
  year={2011},
  publisher={Elsevier}
}

@article{Mansoori-2006,
  title={Heuristic edge detection using fuzzy rule-based classifier},
  author={Mansoori, Eghbal G and Eghbali, Hassan J},
  journal={Journal of Intelligent \& Fuzzy Systems},
  volume={17},
  number={5},
  pages={457--469},
  year={2006},
  publisher={IOS Press}
}

@article{Ping-2014,
  title={A model of sea surface temperature front detection based on a threshold interval},
  author={Ping, Bo and Su, Fenzhen and Meng, Yunshan and Fang, Shenghui and Du, Yunyan},
  journal={Acta Oceanologica Sinica},
  volume={33},
  pages={65--71},
  year={2014},
  publisher={Springer}
}

@article{Vincent-1993,
  title={Morphological grayscale reconstruction in image analysis: applications and efficient algorithms},
  author={Vincent, Luc},
  journal={IEEE transactions on image processing},
  volume={2},
  number={2},
  pages={176--201},
  year={1993},
  publisher={IEEE}
}

