@article{Artal-2019,
  title={Detecting and characterizing upwelling filaments in a numerical ocean model},
  author={Artal, Osvaldo and Sep{\'u}lveda, H{\'e}ctor H and Mery, Domingo and Pieringer, Christian},
  journal={Computers \& Geosciences},
  volume={122},
  pages={25--34},
  year={2019},
  publisher={Elsevier}
}
@article{Bai-2007,
  title={Skeleton pruning by contour partitioning with discrete curve evolution},
  author={Bai, Xiang and Latecki, Longin Jan and Liu, Wen-Yu},
  journal={IEEE transactions on pattern analysis and machine intelligence},
  volume={29},
  number={3},
  pages={449--462},
  year={2007},
  publisher={IEEE}
}
@article{Belkin-2009,
  title={An algorithm for oceanic front detection in chlorophyll and SST satellite imagery},
  author={Belkin, Igor M and O'Reilly, John E},
  journal={Journal of Marine Systems},
  volume={78},
  number={3},
  pages={319--326},
  year={2009},
  publisher={Elsevier}
}
@article{Cayula-1992,
  title={Edge detection algorithm for SST images},
  author={Cayula, Jean-Francois and Cornillon, Peter},
  journal={Journal of atmospheric and oceanic technology},
  volume={9},
  number={1},
  pages={67--80},
  year={1992}
}
@article{Champon-2020,
  title={Defining Southern Ocean fronts and their influence on biological and physical processes in a changing climate},
  author={Chapman, Christopher C and Lea, Mary-Anne and Meyer, Amelie and Sall{\'e}e, Jean-Baptiste and Hindell, Mark},
  journal={Nature Climate Change},
  volume={10},
  number={3},
  pages={209--219},
  year={2020},
  publisher={Nature Publishing Group UK London}
}
@article{Mansoori-2006,
  title={Heuristic edge detection using fuzzy rule-based classifier},
  author={Mansoori, Eghbal G and Eghbali, Hassan J},
  journal={Journal of Intelligent \& Fuzzy Systems},
  volume={17},
  number={5},
  pages={457--469},
  year={2006},
  publisher={IOS Press}
}
@phdthesis{Felt-2022,
  title={Machine learning models for on-orbit detection of temperature and chlorophyll ocean fronts},
  author={Felt, Violet C},
  year={2022},
  school={Massachusetts Institute of Technology}
}
@article{Felt-2023,
  title={Fast ocean front detection using deep learning edge detection models},
  author={Felt, Violet and Kacker, Shreeyam and Kusters, Joe and Pendergrast, John and Cahoy, Kerri},
  journal={IEEE Transactions on Geoscience and Remote Sensing},
  volume={61},
  pages={1--12},
  year={2023},
  publisher={IEEE}
}
@article{Nieto-2012,
  title={Mesoscale frontal structures in the Canary Upwelling System: New front and filament detection algorithms applied to spatial and temporal patterns},
  author={Nieto, K and Demarcq, Herv{\'e} and McClatchie, S},
  journal={Remote Sensing of Environment},
  volume={123},
  pages={339--346},
  year={2012},
  publisher={Elsevier}
}
@article{Oram-2008,
  title={Gradient-based edge detection and feature classification of sea-surface images of the Southern California Bight},
  author={Oram, John J and McWilliams, James C and Stolzenbach, Keith D},
  journal={Remote Sensing of Environment},
  volume={112},
  number={5},
  pages={2397--2415},
  year={2008},
  publisher={Elsevier}
}
@article{Ping-2014,
  title={A model of sea surface temperature front detection based on a threshold interval},
  author={Ping, Bo and Su, Fenzhen and Meng, Yunshan and Fang, Shenghui and Du, Yunyan},
  journal={Acta Oceanologica Sinica},
  volume={33},
  pages={65--71},
  year={2014},
  publisher={Springer}
}
@article{Ren-2021,
  title={Detection of SST fronts from a high-resolution model and its preliminary results in the south China sea},
  author={Ren, Shihe and Zhu, Xueming and Drevillon, Marie and Wang, Hui and Zhang, Yunfei and Zu, Ziqing and Li, Ang},
  journal={Journal of Atmospheric and Oceanic Technology},
  volume={38},
  number={2},
  pages={387--403},
  year={2021}
}
@article{Sudre-2023,
  title={An ocean front dataset for the Mediterranean sea and southwest Indian ocean},
  author={Sudre, Floriane and Hern{\'a}ndez-Carrasco, Ismael and Mazoyer, Camille and Sudre, Joel and Dewitte, Boris and Gar{\c{c}}on, V{\'e}ronique and Rossi, Vincent},
  journal={Scientific Data},
  volume={10},
  number={1},
  pages={730},
  year={2023},
  publisher={Nature Publishing Group UK London}
}
@article{Thomas-2021,
  title={Defining Southern Ocean fronts using unsupervised classification},
  author={Thomas, Simon DA and Jones, Daniel C and Faul, Anita and Mackie, Erik and Pauthenet, Etienne},
  journal={Ocean Science},
  volume={17},
  number={6},
  pages={1545--1562},
  year={2021},
  publisher={Copernicus Publications G{\"o}ttingen, Germany}
}
@inproceedings{Bauer-1996,
  title={A fuzzy algorithm for pixel classification based on the discrepancy norm},
  author={Bauer, Peter and Bodenhofer, Ulrich and Klement, Erich Peter},
  booktitle={Proceedings of IEEE 5th International Fuzzy Systems},
  volume={3},
  pages={2007--2012},
  year={1996},
  organization={IEEE}
}
@article{Vincent-1993,
  title={Morphological grayscale reconstruction in image analysis: applications and efficient algorithms},
  author={Vincent, Luc},
  journal={IEEE transactions on image processing},
  volume={2},
  number={2},
  pages={176--201},
  year={1993},
  publisher={IEEE}
}
@article{Woodson-2015,
  title={Ocean fronts drive marine fishery production and biogeochemical cycling},
  author={Woodson, C Brock and Litvin, Steven Y},
  journal={Proceedings of the National Academy of Sciences},
  volume={112},
  number={6},
  pages={1710--1715},
  year={2015},
  publisher={National Acad Sciences}
}
@article{Xing-2023,
  title={An improved algorithm for detecting mesoscale ocean fronts from satellite observations: Detailed mapping of persistent fronts around the China Seas and their long-term trends},
  author={Xing, Qinwang and Yu, Haiqing and Wang, Hui and Ito, Shin-ichi},
  journal={Remote Sensing of Environment},
  volume={294},
  pages={113627},
  year={2023},
  publisher={Elsevier}
}
@article{Xing-2024,
  title={Global mapping and evolution of persistent fronts in Large Marine Ecosystems over the past 40 years},
  author={Xing, Qinwang and Yu, Haiqing and Wang, Hui},
  journal={Nature Communications},
  volume={15},
  number={1},
  pages={4090},
  year={2024},
  publisher={Nature Publishing Group UK London}
}
@article{Yang-2022,
  title={An efficient algorithm for ocean-front evolution trend recognition},
  author={Yang, Yuting and Lam, Kin-Man and Sun, Xin and Dong, Junyu and Lguensat, Redouane},
  journal={Remote Sensing},
  volume={14},
  number={2},
  pages={259},
  year={2022},
  publisher={MDPI}
}
@article{Yang-2024,
  title={Remote sensing insights into ocean fronts: a literature review},
  author={Yang, Yuting and Ju, Yakun and Gao, Ying and Zhang, Cong and Lam, Kin-Man},
  journal={Intelligent Marine Technology and Systems},
  volume={2},
  number={1},
  pages={10},
  year={2024},
  publisher={Springer}
}
@article{Canny-1986,
  title={A computational approach to edge detection},
  author={Canny, John},
  journal={IEEE Transactions on pattern analysis and machine intelligence},
  number={6},
  pages={679--698},
  year={1986},
  publisher={Ieee}
}
@article{Tamim-2015,
  title={Detection of Moroccan coastal upwelling fronts in SST images using the microcanonical multiscale formalism},
  author={Tamim, Ayoub and Yahia, Hussein and Daoudi, Khalid and Minaoui, Khalid and Atillah, Abderrahman and Aboutajdine, Driss and Smiej, Mohammed Faouzi},
  journal={Pattern Recognition Letters},
  volume={55},
  pages={28--33},
  year={2015},
  publisher={Elsevier}
}
@article{Prants-2022,
  title={Marine life at Lagrangian fronts},
  author={Prants, SV},
  journal={Progress in Oceanography},
  volume={204},
  pages={102790},
  year={2022},
  publisher={Elsevier}
}
@article{Hernandez-2011,
  title={How reliable are finite-size Lyapunov exponents for the assessment of ocean dynamics?},
  author={Hern{\'a}ndez-Carrasco, Ismael and L{\'o}pez, Crist{\'o}bal and Hern{\'a}ndez-Garc{\'\i}a, Emilio and Turiel, Antonio},
  journal={Ocean Modelling},
  volume={36},
  number={3-4},
  pages={208--218},
  year={2011},
  publisher={Elsevier}
}
@article{Yang-2016,
	title={Ocean front detection from instant remote sensing SST images},
	author={Yang, Yuting and Dong, Junyu and Sun, Xin and Lguensat, Redouane and Jian, Muwei and Wang, Xinhua},
	journal={IEEE Geoscience and Remote Sensing Letters},
	volume={13},
	number={12},
	pages={1960--1964},
	year={2016},
	publisher={IEEE}
}
@article{Ma-2024,
	title={EFGAN: An automatic GAN-based methodology for mining eddy-front coupling with fused remote sensing data},
	author={Ma, Ying and Liu, Wen and Huang, Baoxiang and Tian, Fenglin and Chen, Ge},
	journal={Information Fusion},
	volume={101},
	pages={101982},
	year={2024},
	publisher={Elsevier}
}
@article{Boffetta-2001,
	title={Detecting barriers to transport: a review of different techniques},
	author={Boffetta, Guido and Lacorata, G and Redaelli, G and Vulpiani, Angelo},
	journal={Physica D: Nonlinear Phenomena},
	volume={159},
	number={1-2},
	pages={58--70},
	year={2001},
	publisher={Elsevier}
}
@article{Prants-2014,
	title={Lagrangian fronts in the ocean},
	author={Prants, SV and Budyansky, MV and Uleysky, M Yu},
	journal={Izvestiya, Atmospheric and Oceanic Physics},
	volume={50},
	pages={284--291},
	year={2014},
	publisher={Springer}
}
@article{Prants-2011,
	title={Lagrangian study of transport and mixing in a mesoscale eddy street},
	author={Prants, SV and Budyansky, MV and Ponomarev, VI and Uleysky, M Yu},
	journal={Ocean modelling},
	volume={38},
	number={1-2},
	pages={114--125},
	year={2011},
	publisher={Elsevier}
}
@article{Aurell-1997,
	title={Predictability in the large: an extension of the concept of Lyapunov exponent},
	author={Aurell, E and Boffetta, Guido and Crisanti, Andrea and Paladin, G and Vulpiani, Angelo},
	journal={Journal of physics A: Mathematical and general},
	volume={30},
	number={1},
	pages={1},
	year={1997},
	publisher={IOP Publishing}
}