@ARTICLE{Paganini:20,
  author =       {L. Paganini and K. Gama},
  title =        {Engaging Women’s Participation in Hackathons: A Qualitative Study with Participants of a Female-focused Hackathon},
  journal =      {International Conference on Game Jams, Hackathons and Game Creation Events. (ICGJ20)},
  year =         {2020},
 volume =       {15},
  number =       {2}, 
  pages=       {111-120},
  doi=       {https://doi.org/10.5753/wit.2021.15847}, 
}

@ARTICLE{Santos:21,
  author =       {V. L. A. Santos and T. F. Carvalho and M. S. V. Barreto},
  title =        {Mulheres na Tecnologia da Informação: Histórico e Cenário Atual nos Cursos Superiores},
  journal =      {WOMEN IN INFORMATION TECHNOLOGY (WIT)},
  year =         {2021},
  pages=       {8-15},
  doi=       {https://doi.org/10.1145/3409456.3409458}, 
}

@article{maia_2016,  
title={Limites de gênero e presença feminina nos cursos superiores brasileiros do campo da computação},  
ISSN={0104-8333},  
url={https://doi.org/10.1590/18094449201600460223}, 
DOI={10.1590/18094449201600460223},  
number={46},  
journal={Cadernos Pagu},  publisher={Núcleo de Estudos de Gênero - Pagu}, 
author={Maia, Marcel Maggion}, 
year={2016},  
month={Jan},  
pages={223–244} 
}

