@Book{Gil:2019,
  author = 	 { A. C. Gil},
  title = 	 {Métodos e técnicas da pesquisa social},
  publisher =  {Atlas, SP},
  year = {2019},
  edition = {7ª edição}
}

@Book{LAKATOS:2018,
  author = 	 {E. M. Lakatos and M. A. Marconi},
  title = 	 {Fundamentos da Metodologia Científica},
  publisher =  {Ática, SP},
  year = {2018},
  edition = {20ª edição}
}

@Book{LAKATOS:2021,
  author = 	 {E. M. Lakatos and M. A. Marconi},
  title = 	 {Metodologia do Trabalho Científico},
  publisher =  {Ática, SP},
  year = {2021},
  edition = {9ª edição}
}
@ARTICLE{amaral:17,
  author =       {M. A. Amaral and et al.},
  title =        {Investigando questões de gênero em um curso da área de Computação},
  journal =      {Revista Estudos Feministas, v. 25},
  year =         {2017},
  volume =       {25},
  number =       {2}, 
}
@ARTICLE{Nash:17,
  author =       {A. Nash and K. Fraleigh},
  title =        {Investigando questões de gênero em um curso da área de Computação},
  journal =      {Revista Estudos Feministas, v. 25},
  year =         {2017},
  volume =       {25},
  number =       {2}, 
}

@ARTICLE{Paganini:20,
  author =       {L. Paganini and K. Gama},
  title =        {Engaging Women’s Participation in Hackathons: A Qualitative Study with Participants of a Female-focused Hackathon},
  journal =      {International Conference on Game Jams, Hackathons and Game Creation Events. (ICGJ20)},
  year =         {2020},
 volume =       {15},
  number =       {2}, 
  pages=       {111-120},
  doi=       {https://doi.org/10.5753/wit.2021.15847}, 
}

@ARTICLE{Santos:21,
  author =       {V. L. A. Santos and T. F. Carvalho and M. S. V. Barreto},
  title =        {Mulheres na Tecnologia da Informação: Histórico e Cenário Atual nos Cursos Superiores},
  journal =      {WOMEN IN INFORMATION TECHNOLOGY (WIT)},
  year =         {2021},
  pages=       {8-15},
  doi=       {https://doi.org/10.1145/3409456.3409458}, 
}

@ARTICLE{Sepulveda:22,
  author =       {C. Sepulveda and Y. M. M. Farias},
  title =        {A biologia e a construção de outros: história da ciência, crítica feminista e educação antiopressiva},
  journal =      {Revista Brasileira de História da Ciência, ISSN 2176-3275},
  year =         {2022},
volume =       {15},
  number =       {2}, 
  pages=       {491-515 },  
} 

@INCOLLECTION{ICPC:2023,
author = 	 {ICPC},
    TITLE = {International Collegiate Programming Contest}, 
    YEAR = {2023},       
      booktitle = {Regionals},
 keywords = {},
 issn = {},
 publisher = {ICPC},

 doi = {},
 address = {https://icpc.global/regionals/Regionals}    
    
}    
@INCOLLECTION{OBI:22,
 author = 	 {OBI},
    TITLE = {Olimpíada Brasileira de Informática}, 
 booktitle = {OBI},
    YEAR = {2022},
keywords = {},
 issn = {},
 publisher = {SBC},
 
 doi = {},
 address = {https://olimpiada.ic.unicamp.br/info/regulamento/}

    
}   
@INCOLLECTION{SBC:23,
  author = 	 {SBC},
    TITLE = {Maratona de Programação SBC},     
    YEAR = {2023},
    booktitle = {Maratona de Programação},
 keywords = {},
 issn = {},
 publisher = {SBC},
 doi = {},
  address = {https://maratona.sbc.org.br/}    
}
    
   
@INCOLLECTION{SBC2:23,
  author = 	 {SBC},
    TITLE = {SBC} ,     
    YEAR = {2023},
    booktitle = {Sociedade Brasileira de Computação},
 keywords = {},
 issn = {},
 publisher = {SBC},
 doi = {},
  address = {https://sbc.org.br/} ,
  url = {https://www.sbc.org.br/documentos-da-sbc/send/133-estatisticas/1420-educacao-superior-em-computacao-estatisticas-2020}
}


@InCollection{Dallagnol:21,
  author = 	 {E. Dallagnol},
  title = 	 {Resolução de problemas envolvendo a maratona de programação da sbc de 2013 e 2014},
  booktitle = 	 {Trabalho de Conclusão de curso},
  publisher =    {Universidade Federal da Fronteira Sul - UFFS},
  year = 	 {2021},
 ADDRESS = {https://rd.uffs.edu.br/bitstream/prefix/5758/1/DALLAGNOL.pdf},
}

@inproceedings{Cursino:21,
 author = {Ariana Cursino and Juliana Martinez},
 title = {Análise Estatística Descritiva e Regressão da Inserção das Mulheres nos Cursos de TI nos Anos de 2009 a 2018},
 booktitle = {Anais do XV Women in Information Technology},
 location = {Evento Online},
 year = {2021},
 keywords = {},
 issn = {2763-8626},
 pages = {21--30},
 publisher = {SBC},
 address = {Porto Alegre, RS, Brasil},
 doi = {10.5753/wit.2021.15838},
 url = {https://sol.sbc.org.br/index.php/wit/article/view/15838}
}

@article{maia_2016,  
title={Limites de gênero e presença feminina nos cursos superiores brasileiros do campo da computação},  
ISSN={0104-8333},  
url={https://doi.org/10.1590/18094449201600460223}, 
DOI={10.1590/18094449201600460223},  
number={46},  
journal={Cadernos Pagu},  publisher={Núcleo de Estudos de Gênero - Pagu}, 
author={Maia, Marcel Maggion}, 
year={2016},  
month={Jan},  
pages={223–244} 
}
