@article{Carlevaro2023,
author = "Alberto Carlevaro and Marta Lenatti and Alessia Paglialonga and Maurizio Mongelli",
title = "{Multi-Class Counterfactual Explanations using Support Vector Data Description}",
year = "2023",
month = "3",
doi = "10.36227/techrxiv.22221007.v1"
}

@article{DBLP:journals/corr/HeuselRUNKH17,
  author       = {Martin Heusel and
                  Hubert Ramsauer and
                  Thomas Unterthiner and
                  Bernhard Nessler and
                  G{\"{u}}nter Klambauer and
                  Sepp Hochreiter},
  title        = {GANs Trained by a Two Time-Scale Update Rule Converge to a Nash Equilibrium},
  journal      = {CoRR},
  volume       = {abs/1706.08500},
  year         = {2017},
  url          = {http://arxiv.org/abs/1706.08500},
  eprinttype    = {arXiv},
  eprint       = {1706.08500},
  timestamp    = {Sat, 23 Jan 2021 01:20:58 +0100},
  biburl       = {https://dblp.org/rec/journals/corr/HeuselRUNKH17.bib},
  bibsource    = {dblp computer science bibliography, https://dblp.org}
}

@article{DBLP:journals/corr/Sohl-DicksteinW15,
  author       = {Jascha Sohl{-}Dickstein and
                  Eric A. Weiss and
                  Niru Maheswaranathan and
                  Surya Ganguli},
  title        = {Deep Unsupervised Learning using Nonequilibrium Thermodynamics},
  journal      = {CoRR},
  volume       = {abs/1503.03585},
  year         = {2015},
  url          = {http://arxiv.org/abs/1503.03585},
  eprinttype    = {arXiv},
  eprint       = {1503.03585},
  timestamp    = {Mon, 13 Aug 2018 16:47:30 +0200},
  biburl       = {https://dblp.org/rec/journals/corr/Sohl-DicksteinW15.bib},
  bibsource    = {dblp computer science bibliography, https://dblp.org}
}

@article{DBLP:journals/corr/abs-1206-5538,
  author       = {Yoshua Bengio and
                  Aaron C. Courville and
                  Pascal Vincent},
  title        = {Unsupervised Feature Learning and Deep Learning: {A} Review and New
                  Perspectives},
  journal      = {CoRR},
  volume       = {abs/1206.5538},
  year         = {2012},
  url          = {http://arxiv.org/abs/1206.5538},
  eprinttype    = {arXiv},
  eprint       = {1206.5538},
  timestamp    = {Mon, 13 Aug 2018 16:47:42 +0200},
  biburl       = {https://dblp.org/rec/journals/corr/abs-1206-5538.bib},
  bibsource    = {dblp computer science bibliography, https://dblp.org}
}

@article{DBLP:journals/corr/abs-1811-12359,
  author       = {Francesco Locatello and
                  Stefan Bauer and
                  Mario Lucic and
                  Sylvain Gelly and
                  Bernhard Sch{\"{o}}lkopf and
                  Olivier Bachem},
  title        = {Challenging Common Assumptions in the Unsupervised Learning of Disentangled
                  Representations},
  journal      = {CoRR},
  volume       = {abs/1811.12359},
  year         = {2018},
  url          = {http://arxiv.org/abs/1811.12359},
  eprinttype    = {arXiv},
  eprint       = {1811.12359},
  timestamp    = {Fri, 30 Nov 2018 12:44:28 +0100},
  biburl       = {https://dblp.org/rec/journals/corr/abs-1811-12359.bib},
  bibsource    = {dblp computer science bibliography, https://dblp.org}
}

@article{DBLP:journals/corr/abs-1907-05600,
  author       = {Yang Song and
                  Stefano Ermon},
  title        = {Generative Modeling by Estimating Gradients of the Data Distribution},
  journal      = {CoRR},
  volume       = {abs/1907.05600},
  year         = {2019},
  url          = {http://arxiv.org/abs/1907.05600},
  eprinttype    = {arXiv},
  eprint       = {1907.05600},
  timestamp    = {Thu, 01 Oct 2020 17:52:46 +0200},
  biburl       = {https://dblp.org/rec/journals/corr/abs-1907-05600.bib},
  bibsource    = {dblp computer science bibliography, https://dblp.org}
}

@article{DBLP:journals/corr/abs-2006-11239,
  author       = {Jonathan Ho and
                  Ajay Jain and
                  Pieter Abbeel},
  title        = {Denoising Diffusion Probabilistic Models},
  journal      = {CoRR},
  volume       = {abs/2006.11239},
  year         = {2020},
  url          = {https://arxiv.org/abs/2006.11239},
  eprinttype    = {arXiv},
  eprint       = {2006.11239},
  timestamp    = {Tue, 23 Jun 2020 17:57:22 +0200},
  biburl       = {https://dblp.org/rec/journals/corr/abs-2006-11239.bib},
  bibsource    = {dblp computer science bibliography, https://dblp.org}
}

@article{DBLP:journals/corr/abs-2009-05199,
  author       = {Daniel Nemirovsky and
                  Nicolas Thiebaut and
                  Ye Xu and
                  Abhishek Gupta},
  title        = {CounteRGAN: Generating Realistic Counterfactuals with Residual Generative
                  Adversarial Nets},
  journal      = {CoRR},
  volume       = {abs/2009.05199},
  year         = {2020},
  url          = {https://arxiv.org/abs/2009.05199},
  eprinttype    = {arXiv},
  eprint       = {2009.05199},
  timestamp    = {Thu, 17 Sep 2020 12:49:52 +0200},
  biburl       = {https://dblp.org/rec/journals/corr/abs-2009-05199.bib},
  bibsource    = {dblp computer science bibliography, https://dblp.org}
}

@article{DBLP:journals/corr/abs-2011-13456,
  author       = {Yang Song and
                  Jascha Sohl{-}Dickstein and
                  Diederik P. Kingma and
                  Abhishek Kumar and
                  Stefano Ermon and
                  Ben Poole},
  title        = {Score-Based Generative Modeling through Stochastic Differential Equations},
  journal      = {CoRR},
  volume       = {abs/2011.13456},
  year         = {2020},
  url          = {https://arxiv.org/abs/2011.13456},
  eprinttype    = {arXiv},
  eprint       = {2011.13456},
  timestamp    = {Wed, 02 Dec 2020 10:10:16 +0100},
  biburl       = {https://dblp.org/rec/journals/corr/abs-2011-13456.bib},
  bibsource    = {dblp computer science bibliography, https://dblp.org}
}

@article{DBLP:journals/corr/abs-2105-05233,
  author       = {Prafulla Dhariwal and
                  Alex Nichol},
  title        = {Diffusion Models Beat GANs on Image Synthesis},
  journal      = {CoRR},
  volume       = {abs/2105.05233},
  year         = {2021},
  url          = {https://arxiv.org/abs/2105.05233},
  eprinttype    = {arXiv},
  eprint       = {2105.05233},
  timestamp    = {Fri, 14 May 2021 12:13:30 +0200},
  biburl       = {https://dblp.org/rec/journals/corr/abs-2105-05233.bib},
  bibsource    = {dblp computer science bibliography, https://dblp.org}
}

@article{DBLP:journals/corr/abs-2108-01073,
  author       = {Chenlin Meng and
                  Yang Song and
                  Jiaming Song and
                  Jiajun Wu and
                  Jun{-}Yan Zhu and
                  Stefano Ermon},
  title        = {SDEdit: Image Synthesis and Editing with Stochastic Differential Equations},
  journal      = {CoRR},
  volume       = {abs/2108.01073},
  year         = {2021},
  url          = {https://arxiv.org/abs/2108.01073},
  eprinttype    = {arXiv},
  eprint       = {2108.01073},
  timestamp    = {Thu, 12 Aug 2021 17:50:35 +0200},
  biburl       = {https://dblp.org/rec/journals/corr/abs-2108-01073.bib},
  bibsource    = {dblp computer science bibliography, https://dblp.org}
}

@article{DBLP:journals/corr/abs-2108-02938,
  author       = {Jooyoung Choi and
                  Sungwon Kim and
                  Yonghyun Jeong and
                  Youngjune Gwon and
                  Sungroh Yoon},
  title        = {{ILVR:} Conditioning Method for Denoising Diffusion Probabilistic
                  Models},
  journal      = {CoRR},
  volume       = {abs/2108.02938},
  year         = {2021},
  url          = {https://arxiv.org/abs/2108.02938},
  eprinttype    = {arXiv},
  eprint       = {2108.02938},
  timestamp    = {Mon, 24 Apr 2023 14:58:38 +0200},
  biburl       = {https://dblp.org/rec/journals/corr/abs-2108-02938.bib},
  bibsource    = {dblp computer science bibliography, https://dblp.org}
}

@article{DBLP:journals/corr/abs-2111-14818,
  author       = {Omri Avrahami and
                  Dani Lischinski and
                  Ohad Fried},
  title        = {Blended Diffusion for Text-driven Editing of Natural Images},
  journal      = {CoRR},
  volume       = {abs/2111.14818},
  year         = {2021},
  url          = {https://arxiv.org/abs/2111.14818},
  eprinttype    = {arXiv},
  eprint       = {2111.14818},
  timestamp    = {Wed, 01 Dec 2021 15:16:43 +0100},
  biburl       = {https://dblp.org/rec/journals/corr/abs-2111-14818.bib},
  bibsource    = {dblp computer science bibliography, https://dblp.org}
}

@article{DBLP:journals/corr/abs-2112-05744,
  author       = {Xihui Liu and
                  Dong Huk Park and
                  Samaneh Azadi and
                  Gong Zhang and
                  Arman Chopikyan and
                  Yuxiao Hu and
                  Humphrey Shi and
                  Anna Rohrbach and
                  Trevor Darrell},
  title        = {More Control for Free! Image Synthesis with Semantic Diffusion Guidance},
  journal      = {CoRR},
  volume       = {abs/2112.05744},
  year         = {2021},
  url          = {https://arxiv.org/abs/2112.05744},
  eprinttype    = {arXiv},
  eprint       = {2112.05744},
  timestamp    = {Tue, 14 Dec 2021 14:21:31 +0100},
  biburl       = {https://dblp.org/rec/journals/corr/abs-2112-05744.bib},
  bibsource    = {dblp computer science bibliography, https://dblp.org}
}

@article{DBLP:journals/corr/abs-2201-09865,
  author       = {Andreas Lugmayr and
                  Martin Danelljan and
                  Andr{\'{e}}s Romero and
                  Fisher Yu and
                  Radu Timofte and
                  Luc Van Gool},
  title        = {RePaint: Inpainting using Denoising Diffusion Probabilistic Models},
  journal      = {CoRR},
  volume       = {abs/2201.09865},
  year         = {2022},
  url          = {https://arxiv.org/abs/2201.09865},
  eprinttype    = {arXiv},
  eprint       = {2201.09865},
  timestamp    = {Mon, 18 Sep 2023 18:06:33 +0200},
  biburl       = {https://dblp.org/rec/journals/corr/abs-2201-09865.bib},
  bibsource    = {dblp computer science bibliography, https://dblp.org}
}

@misc{barberan2022neuroviewrnn,
      title={NeuroView-RNN: It's About Time}, 
      author={CJ Barberan and Sina Alemohammad and Naiming Liu and Randall Balestriero and Richard G. Baraniuk},
      year={2022},
      eprint={2202.11811},
      archivePrefix={arXiv},
      primaryClass={cs.LG}
}

@article{chen2018isolating,
  title={Isolating sources of disentanglement in variational autoencoders},
  author={Chen, Ricky TQ and Li, Xuechen and Grosse, Roger B and Duvenaud, David K},
  journal={Advances in neural information processing systems},
  volume={31},
  year={2018}
}

@inproceedings{higgins2016beta,
  title={beta-vae: Learning basic visual concepts with a constrained variational framework},
  author={Higgins, Irina and Matthey, Loic and Pal, Arka and Burgess, Christopher and Glorot, Xavier and Botvinick, Matthew and Mohamed, Shakir and Lerchner, Alexander},
  booktitle={International conference on learning representations},
  year={2016}
}

@misc{jeanneret2022diffusion,
      title={Diffusion Models for Counterfactual Explanations}, 
      author={Guillaume Jeanneret and Loïc Simon and Frédéric Jurie},
      year={2022},
      eprint={2203.15636},
      archivePrefix={arXiv},
      primaryClass={cs.CV}
}

@misc{kanehira2019multimodal,
      title={Multimodal Explanations by Predicting Counterfactuality in Videos}, 
      author={Atsushi Kanehira and Kentaro Takemoto and Sho Inayoshi and Tatsuya Harada},
      year={2019},
      eprint={1812.01263},
      archivePrefix={arXiv},
      primaryClass={cs.CV}
}

@inproceedings{kim2018disentangling,
  title={Disentangling by factorising},
  author={Kim, Hyunjik and Mnih, Andriy},
  booktitle={International Conference on Machine Learning},
  pages={2649--2658},
  year={2018},
  organization={PMLR}
}

@misc{kwon2023diffusion,
      title={Diffusion Models already have a Semantic Latent Space}, 
      author={Mingi Kwon and Jaeseok Jeong and Youngjung Uh},
      year={2023},
      eprint={2210.10960},
      archivePrefix={arXiv},
      primaryClass={cs.CV}
}

@misc{preechakul2022diffusion,
      title={Diffusion Autoencoders: Toward a Meaningful and Decodable Representation}, 
      author={Konpat Preechakul and Nattanat Chatthee and Suttisak Wizadwongsa and Supasorn Suwajanakorn},
      year={2022},
      eprint={2111.15640},
      archivePrefix={arXiv},
      primaryClass={cs.CV}
}

@misc{sun2023inherently,
      title={Inherently Interpretable Multi-Label Classification Using Class-Specific Counterfactuals}, 
      author={Susu Sun and Stefano Woerner and Andreas Maier and Lisa M. Koch and Christian F. Baumgartner},
      year={2023},
      eprint={2303.00500},
      archivePrefix={arXiv},
      primaryClass={cs.CV}
}

