@inproceedings{bender2021dangers,
  title={On the dangers of stochastic parrots: Can language models be too big?},
  author={Bender, Emily M and Gebru, Timnit and McMillan-Major, Angelina and Mitchell, Margaret},
  booktitle={Proceedings of the 2021 ACM Conference on Fairness, Accountability, and Transparency},
  pages={610--623},
  year={2021},
  organization={ACM}
}

@article{busoniu2008comprehensive,
  title={A comprehensive survey of multiagent reinforcement learning},
  author={Busoniu, Lucian and Babuska, Robert and De Schutter, Bart},
  journal={IEEE Transactions on Systems, Man, and Cybernetics, Part C (Applications and Reviews)},
  volume={38},
  number={2},
  pages={156--172},
  year={2008},
  publisher={IEEE}
}

@article{chat2vis,
  title={Chat2VIS: Generating Data Visualizations via Natural Language Using ChatGPT, Codex, and GPT-3 Large Language Models},
  author={Maddigan, Paula and Susnjak, Teo},
  journal={IEEE Access},
  year={2023},
  doi={10.1109/ACCESS.2023.3274199}
}

@article{devlin2018bert,
  title={BERT: Pre-training of deep bidirectional transformers for language understanding},
  author={Devlin, Jacob and Chang, Ming-Wei and Lee, Kenton and Toutanova, Kristina},
  journal={arXiv preprint arXiv:1810.04805},
  year={2018}
}

@book{dorigo2019ant,
  title={Ant colony optimization: Overview and recent advances},
  author={Dorigo, Marco and St{\"u}tzle, Thomas},
  year={2019},
  publisher={Springer}
}

@inproceedings{fatima2002multi,
  title={An analysis of feasible solutions for multi-agent negotiation with incomplete information},
  author={Fatima, Shaheen S and Wooldridge, Michael and Jennings, Nicholas R},
  booktitle={Game Theory and Decision Theory in Agent-Based Systems},
  pages={99--124},
  year={2002},
  publisher={Springer}
}

@article{ferrucci2010building,
  title={Building Watson: An overview of the DeepQA project},
  author={Ferrucci, David and Brown, Eric and Chu-Carroll, Jennifer and Fan, James and Gondek, David and Kalyanpur, Aditya and Lally, Adam and Murdock, James William and Nyberg, Eric and Prager, John and others},
  journal={AI Magazine},
  volume={31},
  number={3},
  pages={59-79},
  year={2010}
}

@inproceedings{kennedy1995particle,
  title={Particle swarm optimization},
  author={Kennedy, James and Eberhart, Russell},
  booktitle={Proceedings of ICNN'95-International Conference on Neural Networks},
  volume={4},
  pages={1942--1948},
  year={1995},
  organization={IEEE}
}

@article{konda2000actor,
  title={Actor-critic algorithms},
  author={Konda, Vijay R and Tsitsiklis, John N},
  journal={SIAM Journal on Control and Optimization},
  volume={42},
  number={4},
  pages={1143--1166},
  year={2000},
  publisher={SIAM}
}

@inproceedings{konevcny2016federated,
  title={Federated learning: Strategies for improving communication efficiency},
  author={Kone{\v{c}}n{\`y}, Jakub and McMahan, H Brendan and Yu, Felix X and Richt{\'a}rik, Peter and Suresh, Ananda Theertha and Bacon, Dave},
  booktitle={NIPS Workshop on Private Multi-Party Machine Learning},
  year={2016}
}

@article{kraus1997negotiation,
  title={Negotiation and cooperation in multi-agent environments},
  author={Kraus, Sarit},
  journal={Artificial intelligence},
  volume={94},
  number={1-2},
  pages={79--98},
  year={1997},
  publisher={Elsevier}
}

@inproceedings{mitchell2019model,
  title={Model cards for model reporting},
  author={Mitchell, Margaret and Wu, Simone and Zaldivar, Andrew and Barnes, Parker and Vasserman, Lucy and Hutchinson, Ben and Spitzer, Elena and Raji, Inioluwa Deborah and Gebru, Timnit},
  booktitle={Proceedings of the Conference on Fairness, Accountability, and Transparency},
  pages={220--229},
  year={2019}
}

@article{peters2018deep,
  title={Deep contextualized word representations},
  author={Peters, Matthew E and Neumann, Mark and Iyyer, Mohit and Gardner, Matt and Clark, Christopher and Lee, Kenton and Zettlemoyer, Luke},
  journal={arXiv preprint arXiv:1802.05365},
  year={2018}
}

@inproceedings{qu2019bert,
  title={BERT with history answer embedding for conversational question answering},
  author={Qu, Chen and Yang, Liu and Qiu, Minghui and Croft, W Bruce and Zhang, Yongfeng and Iyyer, Mohit},
  booktitle={Proceedings of the 42nd international ACM SIGIR conference on research and development in information retrieval},
  pages={1133--1136},
  year={2019}
}

@article{radford2019language,
  title={Language models are unsupervised multitask learners},
  author={Radford, Alec and Wu, Jeffrey and Child, Rewon and Luan, David and Amodei, Dario and Sutskever, Ilya},
  journal={OpenAI Blog},
  volume={1},
  number={8},
  pages={9},
  year={2019}
}

@article{raffel2019exploring,
  title={Exploring the limits of transfer learning with a unified text-to-text transformer},
  author={Raffel, Colin and Shazeer, Noam and Roberts, Adam and Lee, Katherine and Narang, Sharan and Matena, Michael and Zhou, Yanqi and Li, Wei and Liu, Peter J.},
  journal={arXiv preprint arXiv:1910.10683},
  year={2019}
}

@inproceedings{rahman2022bert,
  title={A bert-based deep learning approach for reputation analysis in social media},
  author={Rahman, Mohammad Wali Ur and Shao, Sicong and Satam, Pratik and Hariri, Salim and Padilla, Chris and Taylor, Zoe and Nevarez, Carlos},
  booktitle={2022 IEEE/ACS 19th International Conference on Computer Systems and Applications (AICCSA)},
  pages={1--8},
  year={2022},
  organization={IEEE}
}

@inproceedings{tenney2019bert,
  title={What do you learn from context? Probing for sentence structure in contextualized word representations},
  author={Tenney, Ian and Xia, Patrick and Chen, Berlin and Wang, Alex and Poliak, Adam and McCoy, R Thomas and Kim, Najoung and Van Durme, Benjamin and Bowman, Samuel R and Das, Dipanjan},
  booktitle={International Conference on Learning Representations},
  year={2019}
}

@article{vaswani2017attention,
  title={Attention is all you need},
  author={Vaswani, Ashish and Shazeer, Noam and Parmar, Niki and Uszkoreit, Jakob and Jones, Llion and Gomez, Aidan N and Kaiser, {\L}ukasz and Polosukhin, Illia},
  journal={Advances in neural information processing systems},
  volume={30},
  year={2017}
}

@article{weizenbaum1966eliza,
  title={ELIZAâ€”a computer program for the study of natural language communication between man and machine},
  author={Weizenbaum, Joseph},
  journal={Communications of the ACM},
  volume={9},
  number={1},
  pages={36-45},
  year={1966},
  publisher={ACM New York, NY, USA}
}

@book{winograd1971procedures,
  title={Procedures as a representation for data in a computer program for understanding natural language},
  author={Winograd, Terry},
  year={1971},
  publisher={MIT Press}
}

@article{woods1973progress,
  title={Progress in natural language understanding: An application to lunar geology},
  author={Woods, William A.},
  journal={Proceedings of the National Academy of Sciences},
  year={1973}
}

@article{wooldridge2009introduction,
  title={An introduction to multiagent systems},
  author={Wooldridge, Michael},
  year={2009},
  publisher={John Wiley \& Sons}
}

@inproceedings{yang2020joint,
  title={Jointly learning to extract entities and classify semantic roles},
  author={Yang, Yichao and Richardson, Mark and Surdeanu, Mihai and Riloff, Elizabeth},
  booktitle={Proceedings of the 58th Annual Meeting of the Association for Computational Linguistics},
  pages={6098--6109},
  year={2020}
}

