@article{brown2020language,
  title={Language models are few-shot learners},
  author={Brown, Tom B and Mann, Benjamin and Ryder, Nick and Subbiah, Melanie and Kaplan, Jared D and Dhariwal, Prafulla and Neelakantan, Arvind and Shyam, Pranav and Sastry, Girish and Askell, Amanda and others},
  journal={arXiv preprint arXiv:2005.14165},
  year={2020}
}

@article{radford2019language,
  title={Language models are unsupervised multitask learners},
  author={Radford, Alec and Wu, Jeffrey and Child, Rewon and Luan, David and Amodei, Dario and Sutskever, Ilya},
  journal={OpenAI Blog},
  volume={1},
  number={8},
  pages={9},
  year={2019}
}

@inproceedings{he2016deep,
  title={Deep residual learning for image recognition},
  author={He, Kaiming and Zhang, Xiangyu and Ren, Shaoqing and Sun, Jian},
  booktitle={Proceedings of the IEEE conference on computer vision and pattern recognition},
  pages={770--778},
  year={2016}
}

@article{hochreiter1997long,
  title={Long short-term memory},
  author={Hochreiter, Sepp and Schmidhuber, J{\"u}rgen},
  journal={Neural computation},
  volume={9},
  number={8},
  pages={1735--1780},
  year={1997},
  publisher={MIT Press}
}

@article{kingma2014adam,
  title={Adam: A method for stochastic optimization},
  author={Kingma, Diederik P and Ba, Jimmy},
  journal={arXiv preprint arXiv:1412.6980},
  year={2014}
}

@article{lecun2015deep,
  title={Deep learning},
  author={LeCun, Yann and Bengio, Yoshua and Hinton, Geoffrey},
  journal={Nature},
  volume={521},
  number={7553},
  pages={436--444},
  year={2015},
  publisher={Nature Publishing Group}
}

@article{silver2016mastering,
  title={Mastering the game of Go with deep neural networks and tree search},
  author={Silver, David and Huang, Aja and Maddison, Chris J and Guez, Arthur and Sifre, Laurent and Van Den Driessche, George and Schrittwieser, Julian and Antonoglou, Ioannis and Panneershelvam, Veda and Lanctot, Marc and others},
  journal={Nature},
  volume={529},
  number={7587},
  pages={484--489},
  year={2016},
  publisher={Nature Publishing Group}
}

@inproceedings{karras2019style,
  title={A style-based generator architecture for generative adversarial networks},
  author={Karras, Tero and Laine, Samuli and Aila, Timo},
  booktitle={Proceedings of the IEEE/CVF Conference on Computer Vision and Pattern Recognition},
  pages={4401--4410},
  year={2019}
}

@inproceedings{goodfellow2014generative,
  title={Generative adversarial nets},
  author={Goodfellow, Ian and Pouget-Abadie, Jean and Mirza, Mehdi and Xu, Bing and Warde-Farley, David and Ozair, Sherjil and Courville, Aaron and Bengio, Yoshua},
  booktitle={Advances in neural information processing systems},
  pages={2672--2680},
  year={2014}
}

@article{weizenbaum1966eliza,
  title={ELIZA—a computer program for the study of natural language communication between man and machine},
  author={Weizenbaum, Joseph},
  journal={Communications of the ACM},
  volume={9},
  number={1},
  pages={36-45},
  year={1966},
  publisher={ACM New York, NY, USA}
}

@book{winograd1971procedures,
  title={Procedures as a representation for data in a computer program for understanding natural language},
  author={Winograd, Terry},
  year={1971},
  publisher={MIT Press}
}

@article{woods1973progress,
  title={Progress in natural language understanding: An application to lunar geology},
  author={Woods, William A.},
  journal={Proceedings of the National Academy of Sciences},
  year={1973}
}

@article{ferrucci2010building,
  title={Building Watson: An overview of the DeepQA project},
  author={Ferrucci, David and Brown, Eric and Chu-Carroll, Jennifer and Fan, James and Gondek, David and Kalyanpur, Aditya and Lally, Adam and Murdock, James William and Nyberg, Eric and Prager, John and others},
  journal={AI Magazine},
  volume={31},
  number={3},
  pages={59-79},
  year={2010}
}

@article{devlin2018bert,
  title={BERT: Pre-training of deep bidirectional transformers for language understanding},
  author={Devlin, Jacob and Chang, Ming-Wei and Lee, Kenton and Toutanova, Kristina},
  journal={arXiv preprint arXiv:1810.04805},
  year={2018}
}


@article{peters2018deep,
  title={Deep contextualized word representations},
  author={Peters, Matthew E and Neumann, Mark and Iyyer, Mohit and Gardner, Matt and Clark, Christopher and Lee, Kenton and Zettlemoyer, Luke},
  journal={arXiv preprint arXiv:1802.05365},
  year={2018}
}

@article{raffel2019exploring,
  title={Exploring the limits of transfer learning with a unified text-to-text transformer},
  author={Raffel, Colin and Shazeer, Noam and Roberts, Adam and Lee, Katherine and Narang, Sharan and Matena, Michael and Zhou, Yanqi and Li, Wei and Liu, Peter J.},
  journal={arXiv preprint arXiv:1910.10683},
  year={2019}
}

@inproceedings{bender2021dangers,
  title={On the dangers of stochastic parrots: Can language models be too big?},
  author={Bender, Emily M and Gebru, Timnit and McMillan-Major, Angelina and Mitchell, Margaret},
  booktitle={Proceedings of the 2021 ACM Conference on Fairness, Accountability, and Transparency},
  pages={610--623},
  year={2021},
  organization={ACM}
}

@inproceedings{mitchell2019model,
  title={Model cards for model reporting},
  author={Mitchell, Margaret and Wu, Simone and Zaldivar, Andrew and Barnes, Parker and Vasserman, Lucy and Hutchinson, Ben and Spitzer, Elena and Raji, Inioluwa Deborah and Gebru, Timnit},
  booktitle={Proceedings of the Conference on Fairness, Accountability, and Transparency},
  pages={220--229},
  year={2019}
}

@inproceedings{tenney2019bert,
  title={What do you learn from context? Probing for sentence structure in contextualized word representations},
  author={Tenney, Ian and Xia, Patrick and Chen, Berlin and Wang, Alex and Poliak, Adam and McCoy, R Thomas and Kim, Najoung and Van Durme, Benjamin and Bowman, Samuel R and Das, Dipanjan},
  booktitle={International Conference on Learning Representations},
  year={2019}
}

@inproceedings{yang2020joint,
  title={Jointly learning to extract entities and classify semantic roles},
  author={Yang, Yichao and Richardson, Mark and Surdeanu, Mihai and Riloff, Elizabeth},
  booktitle={Proceedings of the 58th Annual Meeting of the Association for Computational Linguistics},
  pages={6098--6109},
  year={2020}
}

@article{chat2vis,
  title={Chat2VIS: Generating Data Visualizations via Natural Language Using ChatGPT, Codex, and GPT-3 Large Language Models},
  author={Maddigan, Paula and Susnjak, Teo},
  journal={IEEE Access},
  year={2023},
  doi={10.1109/ACCESS.2023.3274199}
}

@article{liu2019roberta,
  title={RoBERTa: A Robustly Optimized BERT Pretraining Approach},
  author={Liu, Yinhan and Ott, Myle and Goyal, Naman and Du, Jingfei and Joshi, Mandar and Chen, Danqi and Levy, Omer and Lewis, Mike and Zettlemoyer, Luke and Stoyanov, Veselin},
  journal={arXiv preprint arXiv:1907.11692},
  year={2019}
}

@misc{metallama,
  title={LLaMA: Open High-Performance Language Model by Meta},
  author={Meta AI},
  year={2023},
  url={https://ai.facebook.com/blog/llama-open-high-performance-language-model-by-meta}
}

@article{xu2023understanding,
  title={Understanding and detecting hallucinations in neural machine translation via model introspection},
  author={Xu, Weijia and Agrawal, Sweta and Briakou, Eleftheria and Martindale, Marianna J and Carpuat, Marine},
  journal={Transactions of the Association for Computational Linguistics},
  volume={11},
  pages={546--564},
  year={2023},
  publisher={MIT Press One Broadway, 12th Floor, Cambridge, Massachusetts 02142, USA~…}
}

@article{smit2023we,
  title={Are we going MAD? Benchmarking Multi-Agent Debate between Language Models for Medical Q\&A},
  author={Smit, Andries and Duckworth, Paul and Grinsztajn, Nathan and Tessera, Kale-ab and Barrett, Thomas D and Pretorius, Arnu},
  journal={arXiv preprint arXiv:2311.17371},
  year={2023}
}

@misc{claude2023,
  title={Introducing the next generation of Claude},
  author={Anthropic},
  year={2023},
  howpublished={\url{https://www.anthropic.com}},
  note={Accessed: 2023-09-30}
}

@article{liu2021pretrain,
  title={Pre-train, Prompt, and Predict: A Systematic Survey of Prompting Methods in Natural Language Processing},
  author={Liu, Pengfei and Yuan, Weizhe and Fu, Jinlan and Jiang, Zhengbao and Hayashi, Hiroaki and Neubig, Graham},
  journal={arXiv preprint arXiv:2107.13586},
  year={2021}
}

@inproceedings{gao2021making,
  title={Making Pre-trained Language Models Better Few-shot Learners},
  author={Gao, Tianyu and Fisch, Adam and Chen, Danqi},
  booktitle={Proceedings of the 59th Annual Meeting of the Association for Computational Linguistics (ACL-IJCNLP)},
  pages={3816--3830},
  year={2021}
}

@inproceedings{lester2021power,
  title={The Power of Scale for Parameter-Efficient Prompt Tuning},
  author={Lester, Brian and Al-Rfou, Rami and Constant, Noah},
  booktitle={Proceedings of the 2021 Conference on Empirical Methods in Natural Language Processing},
  pages={3045--3059},
  year={2021}
}

@article{bai2022constitutional,
  title={Constitutional ai: Harmlessness from ai feedback},
  author={Bai, Yuntao and Kadavath, Saurav and Kundu, Sandipan and Askell, Amanda and Kernion, Jackson and Jones, Andy and Chen, Anna and Goldie, Anna and Mirhoseini, Azalia and McKinnon, Cameron and others},
  journal={arXiv preprint arXiv:2212.08073},
  year={2022}
}

@misc{openai2024gpt4o,
  title={Hello GPT-4o},
  author={OpenAI},
  year={2024},
  url={https://openai.com/index/hello-gpt-4o/},
  note={Accessed: 2024-07-09}
}

@misc{anthropic2023claude35,
  title={Claude 3.5 Sonnet Model Card Addendum},
  author={Anthropic},
  year={2023},
  url={https://www-cdn.anthropic.com/fed9cc193a14b84131812372d8d5857f8f304c52/Model_Card_Claude_3_Addendum.pdf},
  note={Accessed: 2024-07-09}
}

@inproceedings{luo2021synthesizing,
  title={Synthesizing natural language to visualization (NL2VIS) benchmarks from NL2SQL benchmarks},
  author={Luo, Yuyu and Tang, Nan and Li, Guoliang and Chai, Chengliang and Li, Wenbo and Qin, Xuedi},
  booktitle={Proceedings of the 2021 International Conference on Management of Data},
  pages={1235--1247},
  year={2021}
}

@article{vaswani2017attention,
  title={Attention is all you need},
  author={Vaswani, Ashish and Shazeer, Noam and Parmar, Niki and Uszkoreit, Jakob and Jones, Llion and Gomez, Aidan N and Kaiser, {\L}ukasz and Polosukhin, Illia},
  journal={Advances in neural information processing systems},
  volume={30},
  year={2017}
}

@article{luo2021natural,
  title={Natural language to visualization by neural machine translation},
  author={Luo, Yuyu and Tang, Nan and Li, Guoliang and Tang, Jiawei and Chai, Chengliang and Qin, Xuedi},
  journal={IEEE Transactions on Visualization and Computer Graphics},
  volume={28},
  number={1},
  pages={217--226},
  year={2021},
  publisher={IEEE}
}

@inproceedings{song2022rgvisnet,
  title={Rgvisnet: A hybrid retrieval-generation neural framework towards automatic data visualization generation},
  author={Song, Yuanfeng and Zhao, Xuefang and Wong, Raymond Chi-Wing and Jiang, Di},
  booktitle={Proceedings of the 28th ACM SIGKDD Conference on Knowledge Discovery and Data Mining},
  pages={1646--1655},
  year={2022}
}

@article{li2024visualization,
  title={Visualization generation with large language models: An evaluation},
  author={Li, Guozheng and Wang, Xinyu and Aodeng, Gerile and Zheng, Shunyuan and Zhang, Yu and Ou, Chuangxin and Wang, Song and Liu, Chi Harold},
  journal={arXiv preprint arXiv:2401.11255},
  year={2024}
}

@article{podo2024vi,
  title={Vi (E) va LLM! A Conceptual Stack for Evaluating and Interpreting Generative AI-based Visualizations},
  author={Podo, Luca and Ishmal, Muhammad and Angelini, Marco},
  journal={arXiv preprint arXiv:2402.02167},
  year={2024}
}

@article{narechania2020nl4dv,
  title={NL4DV: A toolkit for generating analytic specifications for data visualization from natural language queries},
  author={Narechania, Arpit and Srinivasan, Arjun and Stasko, John},
  journal={IEEE Transactions on Visualization and Computer Graphics},
  volume={27},
  number={2},
  pages={369--379},
  year={2020},
  publisher={IEEE}
}

@article{luo2021nvbench,
  title={nvBench: A large-scale synthesized dataset for cross-domain natural language to visualization task},
  author={Luo, Yuyu and Tang, Jiawei and Li, Guoliang},
  journal={arXiv preprint arXiv:2112.12926},
  year={2021}
}

@inproceedings{rahman2022bert,
  title={A bert-based deep learning approach for reputation analysis in social media},
  author={Rahman, Mohammad Wali Ur and Shao, Sicong and Satam, Pratik and Hariri, Salim and Padilla, Chris and Taylor, Zoe and Nevarez, Carlos},
  booktitle={2022 IEEE/ACS 19th International Conference on Computer Systems and Applications (AICCSA)},
  pages={1--8},
  year={2022},
  organization={IEEE}
}

@inproceedings{qu2019bert,
  title={BERT with history answer embedding for conversational question answering},
  author={Qu, Chen and Yang, Liu and Qiu, Minghui and Croft, W Bruce and Zhang, Yongfeng and Iyyer, Mohit},
  booktitle={Proceedings of the 42nd international ACM SIGIR conference on research and development in information retrieval},
  pages={1133--1136},
  year={2019}
}

@article{wooldridge2009introduction,
  title={An introduction to multiagent systems},
  author={Wooldridge, Michael},
  year={2009},
  publisher={John Wiley \& Sons}
}

@inproceedings{konevcny2016federated,
  title={Federated learning: Strategies for improving communication efficiency},
  author={Kone{\v{c}}n{\`y}, Jakub and McMahan, H Brendan and Yu, Felix X and Richt{\'a}rik, Peter and Suresh, Ananda Theertha and Bacon, Dave},
  booktitle={NIPS Workshop on Private Multi-Party Machine Learning},
  year={2016}
}

@article{busoniu2008comprehensive,
  title={A comprehensive survey of multiagent reinforcement learning},
  author={Busoniu, Lucian and Babuska, Robert and De Schutter, Bart},
  journal={IEEE Transactions on Systems, Man, and Cybernetics, Part C (Applications and Reviews)},
  volume={38},
  number={2},
  pages={156--172},
  year={2008},
  publisher={IEEE}
}

@inproceedings{kennedy1995particle,
  title={Particle swarm optimization},
  author={Kennedy, James and Eberhart, Russell},
  booktitle={Proceedings of ICNN'95-International Conference on Neural Networks},
  volume={4},
  pages={1942--1948},
  year={1995},
  organization={IEEE}
}

@book{dorigo2019ant,
  title={Ant colony optimization: Overview and recent advances},
  author={Dorigo, Marco and St{\"u}tzle, Thomas},
  year={2019},
  publisher={Springer}
}

@article{kraus1997negotiation,
  title={Negotiation and cooperation in multi-agent environments},
  author={Kraus, Sarit},
  journal={Artificial intelligence},
  volume={94},
  number={1-2},
  pages={79--98},
  year={1997},
  publisher={Elsevier}
}

@inproceedings{fatima2002multi,
  title={An analysis of feasible solutions for multi-agent negotiation with incomplete information},
  author={Fatima, Shaheen S and Wooldridge, Michael and Jennings, Nicholas R},
  booktitle={Game Theory and Decision Theory in Agent-Based Systems},
  pages={99--124},
  year={2002},
  publisher={Springer}
}

@article{konda2000actor,
  title={Actor-critic algorithms},
  author={Konda, Vijay R and Tsitsiklis, John N},
  journal={SIAM Journal on Control and Optimization},
  volume={42},
  number={4},
  pages={1143--1166},
  year={2000},
  publisher={SIAM}
}
