@article{aydin2023boundary,
  title={Boundary-aware local density-based outlier detection},
  author={Ayd{\i}n, Fatih},
  journal={Information Sciences},
  volume={647},
  pages={119520},
  year={2023},
  publisher={Elsevier}
}

@article{blekas2007newtonian,
  title={Newtonian clustering: An approach based on molecular dynamics and global optimization},
  author={Blekas, Konstantinos and Lagaris, Isaac E},
  journal={Pattern Recognition},
  volume={40},
  number={6},
  pages={1734--1744},
  year={2007},
  publisher={Elsevier}
}

@inproceedings{breunig2000lof,
  title={LOF: identifying density-based local outliers},
  author={Breunig, Markus M and Kriegel, Hans-Peter and Ng, Raymond T and Sander, J{\"o}rg},
  booktitle={Proceedings of the 2000 ACM SIGMOD international conference on Management of data},
  pages={93--104},
  year={2000}
}

@article{chen2021block,
  title={BLOCK-DBSCAN: Fast clustering for large scale data},
  author={Chen, Yewang and Zhou, Lida and Bouguila, Nizar and Wang, Cheng and Chen, Yi and Du, Jixiang},
  journal={Pattern Recognition},
  volume={109},
  pages={107624},
  year={2021},
  publisher={Elsevier}
}

@article{chen2023parallel,
  title={Parallel gravitational clustering based on grid partitioning for large-scale data},
  author={Chen, Lei and Chen, Fadong and Liu, Zhaohua and Lv, Mingyang and He, Tingqin and Zhang, Shiwen},
  journal={Applied Intelligence},
  volume={53},
  number={3},
  pages={2506--2526},
  year={2023},
  publisher={Springer}
}

@inproceedings{goodge2022lunar,
  title={Lunar: Unifying local outlier detection methods via graph neural networks},
  author={Goodge, Adam and Hooi, Bryan and Ng, See-Kiong and Ng, Wee Siong},
  booktitle={Proceedings of the AAAI Conference on Artificial Intelligence},
  volume={36},
  number={6},
  pages={6737--6745},
  year={2022}
}

@article{hao2024hceg,
  title={HCEG: A heterogeneous clustering ensemble learning approach with gravity-based strategy for data assets intelligent pricing},
  author={Hao, Jun and Yuan, Jiaxin and Li, Jianping},
  journal={Information Sciences},
  pages={121082},
  year={2024},
  publisher={Elsevier}
}

@article{hojjati2024dasvdd,
  title={Dasvdd: Deep autoencoding support vector data descriptor for anomaly detection},
  author={Hojjati, Hadi and Armanfard, Narges},
  journal={IEEE Transactions on Knowledge and Data Engineering},
  year={2024},
  publisher={IEEE}
}

@article{huang2023novel,
  title={A novel outlier detecting algorithm based on the outlier turning points},
  author={Huang, Jinlong and Cheng, Dongdong and Zhang, Sulan},
  journal={Expert Systems with Applications},
  volume={231},
  pages={120799},
  year={2023},
  publisher={Elsevier}
}

@inproceedings{li2020copod,
  title={COPOD: copula-based outlier detection},
  author={Li, Zheng and Zhao, Yue and Botta, Nicola and Ionescu, Cezar and Hu, Xiyang},
  booktitle={2020 IEEE international conference on data mining (ICDM)},
  pages={1118--1123},
  year={2020},
  organization={IEEE}
}

@article{li2021hibog,
  title={HIBOG: improving the clustering accuracy by ameliorating dataset with gravitation},
  author={Li, Qi and Wang, Shuliang and Zhao, Chuanfeng and Zhao, Boxiang and Yue, Xin and Geng, Jing},
  journal={Information Sciences},
  volume={550},
  pages={41--56},
  year={2021},
  publisher={Elsevier}
}

@article{li2023ecod,
  title={Ecod: Unsupervised outlier detection using empirical cumulative distribution functions},
  author={Li, Zheng and Zhao, Yue and Hu, Xiyang and Botta, Nicola and Ionescu, Cezar and Chen, George H},
  journal={IEEE Transactions on Knowledge and Data Engineering},
  volume={35},
  number={12},
  pages={12181--12193},
  year={2023},
  publisher={IEEE}
}

@article{li2023improve,
  title={How to improve the accuracy of clustering algorithms},
  author={Li, Qi and Wang, Shuliang and Zeng, Xianjun and Zhao, Boxiang and Dang, Yingxu},
  journal={Information Sciences},
  volume={627},
  pages={52--70},
  year={2023},
  publisher={Elsevier}
}

@article{li2024detecting,
  title={Detecting outliers by clustering algorithms},
  author={Li, Qi and Wang, Shuliang},
  journal={arXiv preprint arXiv:2412.05669},
  year={2024}
}

@inproceedings{liu2021rca,
  title={Rca: A deep collaborative autoencoder approach for anomaly detection},
  author={Liu, Boyang and Wang, Ding and Lin, Kaixiang and Tan, Pang-Ning and Zhou, Jiayu},
  booktitle={IJCAI: proceedings of the conference},
  volume={2021},
  pages={1505},
  year={2021},
  organization={NIH Public Access}
}

@article{pu2024adaptive,
  title={An adaptive highly improving the accuracy of clustering algorithm based on kernel density estimation},
  author={Pu, Yue and Yao, Wenbin and Li, Xiaoyong and Alhudhaif, Adi},
  journal={Information Sciences},
  volume={663},
  pages={120187},
  year={2024},
  publisher={Elsevier}
}

@article{rodriguez2014clustering,
  title={Clustering by fast search and find of density peaks},
  author={Rodriguez, Alex and Laio, Alessandro},
  journal={science},
  volume={344},
  number={6191},
  pages={1492--1496},
  year={2014},
  publisher={American Association for the Advancement of Science}
}

@article{rousseeuw2011robust,
  title={Robust statistics for outlier detection},
  author={Rousseeuw, Peter J and Hubert, Mia},
  journal={Wiley interdisciplinary reviews: Data mining and knowledge discovery},
  volume={1},
  number={1},
  pages={73--79},
  year={2011},
  publisher={Wiley Online Library}
}

@article{wong2014herd,
  title={Herd clustering: A synergistic data clustering approach using collective intelligence},
  author={Wong, Ka-Chun and Peng, Chengbin and Li, Yue and Chan, Tak-Ming},
  journal={Applied Soft Computing},
  volume={23},
  pages={61--75},
  year={2014},
  publisher={Elsevier}
}

@article{wright1977gravitational,
  title={Gravitational clustering},
  author={Wright, William E},
  journal={Pattern recognition},
  volume={9},
  number={3},
  pages={151--166},
  year={1977},
  publisher={Elsevier}
}

@article{xie2020local,
  title={A local-gravitation-based method for the detection of outliers and boundary points},
  author={Xie, Jiang and Xiong, Zhongyang and Dai, Qizhu and Wang, Xiaoxia and Zhang, Yufang},
  journal={Knowledge-based systems},
  volume={192},
  pages={105331},
  year={2020},
  publisher={Elsevier}
}

@article{zhang2022novel,
  title={A novel clustering algorithm based on the gravity-mass-square ratio and density core with a dynamic denoising radius},
  author={Zhang, Yu-Fang and Wang, Yu-Qin and Li, Ge-Ge and Gao, Qin-Qin and Gao, Qiang and Xiong, Zhong-Yang and Zhang, Min},
  journal={Applied Intelligence},
  volume={52},
  number={8},
  pages={8924--8946},
  year={2022},
  publisher={Springer}
}

@article{zhou2024outlier,
  title={Outlier detection method based on high-density iteration},
  author={Zhou, Yu and Xia, Hao and Yu, Dahui and Cheng, Jiaoyang and Li, Jichun},
  journal={Information Sciences},
  volume={662},
  pages={120286},
  year={2024},
  publisher={Elsevier}
}

@article{zhu2022high,
  title={A high-dimensional outlier detection approach based on local coulomb force},
  author={Zhu, Pengyun and Zhang, Chaowei and Li, Xiaofeng and Zhang, Jifu and Qin, Xiao},
  journal={IEEE Transactions on Knowledge and Data Engineering},
  volume={35},
  number={6},
  pages={5506--5520},
  year={2022},
  publisher={IEEE}
}

