@article{xie2022physics-constrained,
	author={Jianxin Xie and Bing Yao},
	year={2022},
	title={Physics-constrained deep active learning for spatiotemporal modeling of cardiac electrodynamics},
	journal={Computers in biology and medicine},
	volume={146},
	pages={105586}
}


@article{bacciu2020gentle,
	author={Davide Bacciu and Federico Errica and Alessio Micheli and Marco Podda},
	year={2020},
	title={A gentle introduction to deep learning for graphs},
	journal={Neural Networks},
	volume={129},
	pages={203–221}
}
@article{di2016ablation,
	author={Luigi Di Biase and Prasant Mohanty and Sanghamitra Mohanty and Pasquale Santangeli and Chintan Trivedi and Dhanunjaya Lakkireddy and Madhu Reddy and Pierre Jais and Sakis Themistoclakis and Antonio Dello Russo},
	year={2016},
	title={Ablation versus amiodarone for treatment of persistent atrial fibrillation in patients with congestive heart failure and an implanted device: Results from the AATAC multicenter randomized trial},
	journal={Circulation},
	volume={133},
	number={17},
	pages={1637–1644}
}
@article{kuck2016cryoballoon,
	author={Karl-Heinz Kuck and Josep Brugada and Alexander Fürnkranz and Andreas Metzner and Feifan Ouyang and KR Julian Chun and Arif Elvan and Thomas Arentz and Kurt Bestehorn and Stuart J. Pocock},
	year={2016},
	title={Cryoballoon or radiofrequency ablation for paroxysmal atrial fibrillation},
	journal={New England Journal of Medicine},
	volume={374},
	number={23},
	pages={2235–2245}
}
@article{cini2021filling,
	author={Andrea Cini and Ivan Marisca and Cesare Alippi},
	year={2022},
	title={Filling the g\_ap\_s: Multivariate time series imputation by graph neural networks},
	journal={Proceedings of the International Conference on Learning Representations}
}
@article{jiang2022graph,
	author={Weiwei Jiang and Jiayun Luo},
	year={2022},
	title={Graph neural network for traffic forecasting: A survey},
	journal={Expert Systems with Applications},
	volume={207},
	pages={117921}
}
@article{yin2022nodetrans,
	author={Xueyan Yin and Feifan Li and Yanming Shen and Heng Qi and Baocai Yin},
	year={2022},
	title={NodeTrans: A graph transfer learning approach for traffic prediction},
	journal={arXiv preprint arXiv:2207.01301}
}
@article{kipf2016semi-supervised,
	author={Thomas N. Kipf and Max Welling},
	year={2017},
	title={Semi-supervised classification with graph convolutional networks},
	journal={Proceedings of the International Conference on Learning Representations }
}
@article{defferrard2016convolutional,
	author={Michaël Defferrard and Xavier Bresson and Pierre Vandergheynst},
	year={2016},
	title={Convolutional neural networks on graphs with fast localized spectral filtering},
	journal={Advances in neural information processing systems},
	volume={29}
}
@article{gao2022equivalence,
	author={Jianfei Gao and Bruno Ribeiro},
	year={2022},
	title={On the equivalence between temporal and static equivariant graph representations},
	journal={Proceedings of the 39th International Conference on Machine Learning},
	pages={7052–7076}
}
@inproceedings{cini2023scalable,
	author={Andrea Cini and Ivan Marisca and Filippo Maria Bianchi and Cesare Alippi},
	year={2023},
	title={Scalable spatiotemporal graph neural networks},
	booktitle={Proceedings of the AAAI Conference on Artificial Intelligence},
	volume={37},
	chapter={6},
	pages={7218–7226}
}
@article{cini2023graphdeeplearningtime,
	author={Andrea Cini and Ivan Marisca and Daniele Zambon and Cesare Alippi},
	year={2023},
	title={Graph deep learning for time series forecasting},
	journal={arXiv preprint arXiv:2310.15978}
}
@article{zhang2020deep,
	author={Ziwei Zhang and Peng Cui and Wenwu Zhu},
	year={2020},
	title={Deep learning on graphs: A survey},
	journal={IEEE Transactions on Knowledge and Data Engineering},
	volume={34},
	number={1},
	pages={249–270}
}
@article{bronstein2017geometric,
	author={Michael M. Bronstein and Joan Bruna and Yann LeCun and Arthur Szlam and Pierre Vandergheynst},
	year={2017},
	title={Geometric deep learning: Going beyond Euclidean data},
	journal={IEEE Signal Processing Magazine},
	volume={34},
	number={4},
	pages={18–42}
}
@book{2020data,
	author={Ljubiša Stanković and Danilo P. Mandic and Miloš Daković and Miloš Brajović and Bruno Scalzo and Shengxi Li and Anthony G. Constantinides},
	year={2020},
	title={Data Analytics on Graphs. Part II: Signals on Graphs},
	note={ID: 1},
	isbn={null}
}
@article{ortega2018graph,
	author={Antonio Ortega and Pascal Frossard and Jelena Kovačević and José MF Moura and Pierre Vandergheynst},
	year={2018},
	title={Graph signal processing: Overview, challenges, and applications},
	journal={Proceedings of the IEEE},
	volume={106},
	number={5},
	pages={808–828}
}
@article{li2020standardizing,
	author={Xin Li and Tiago P. Almeida and Nawshin Dastagir and María S. Guillem and João Salinet and Gavin S. Chu and Peter J. Stafford and Fernando S. Schlindwein and G. André Ng},
	year={2020},
	title={Standardizing single-frame phase singularity identification algorithms and parameters in phase mapping during human atrial fibrillation},
	journal={Frontiers in physiology},
	volume={11},
	pages={869}
}
@article{belkin2003laplacian,
	author={Mikhail Belkin and Partha Niyogi},
	year={2003},
	title={Laplacian eigenmaps for dimensionality reduction and data representation},
	journal={Neural Computation},
	volume={15},
	number={6},
	pages={1373–1396}
}
@article{belkin2001laplacian,
	author={Mikhail Belkin and Partha Niyogi},
	year={2001},
	title={Laplacian eigenmaps and spectral techniques for embedding and clustering},
	journal={Advances in neural information processing systems},
	volume={14}
}
@article{clayton2011models,
	author={R. H. Clayton and Olivier Bernus and E. M. Cherry and Hans Dierckx and Flavio H. Fenton and Lucia Mirabella and Alexander V. Panfilov and Frank B. Sachse and Gunnar Seemann and H. Zhang},
	year={2011},
	title={Models of cardiac tissue electrophysiology: Progress, challenges and open questions},
	journal={Progress in Biophysics and Molecular Biology},
	volume={104},
	number={1-3},
	pages={22–48}
}
@article{van2008visualizing,
	author={Laurens Van der Maaten and Geoffrey Hinton},
	year={2008},
	title={Visualizing data using t-SNE.},
	journal={Journal of Machine Learning Research},
	volume={9},
	number={11}
}
@article{li2018word,
	author={Yang Li and Tao Yang},
	year={2018},
	title={Word embedding for understanding natural language: A survey},
	journal={Guide to Big Data Applications},
	pages={83–104}
}
@article{qu2014nonlinear,
	author={Zhilin Qu and Gang Hu and Alan Garfinkel and James N. Weiss},
	year={2014},
	title={Nonlinear and stochastic dynamics in the heart},
	journal={Physics Reports},
	volume={543},
	number={2},
	pages={61–162}
}
@article{packer2021ablation,
	author={Douglas L. Packer and Jonathan P. Piccini and Kristi H. Monahan and Hussein R. Al-Khalidi and Adam P. Silverstein and Peter A. Noseworthy and Jeanne E. Poole and Tristram D. Bahnson and Kerry L. Lee and Daniel B. Mark},
	year={2021},
	title={Ablation versus drug therapy for atrial fibrillation in heart failure: Results from the CABANA trial},
	journal={Circulation},
	volume={143},
	number={14},
	pages={1377–1390}
}
@article{brachmann2021atrial,
	author={Johannes Brachmann and Christian Sohns and Dietrich Andresen and Jürgen Siebels and Susanne Sehner and Luca Boersma and Béla Merkely and Evgeny Pokushalov and Prashanthan Sanders and Heribert Schunkert},
	year={2021},
	title={Atrial fibrillation burden and clinical outcomes in heart failure: The CASTLE-AF trial},
	journal={Clinical Electrophysiology},
	volume={7},
	number={5},
	pages={594–603}
}
@article{mou2018lifetime,
	author={Liping Mou and Faye L. Norby and Lin Y. Chen and Wesley T. O’Neal and Tené T. Lewis and Laura R. Loehr and Elsayed Z. Soliman and Alvaro Alonso},
	year={2018},
	title={Lifetime risk of atrial fibrillation by race and socioeconomic status: ARIC study (Atherosclerosis Risk in Communities)},
	journal={Circulation: Arrhythmia and Electrophysiology},
	volume={11},
	number={7},
	pages={e006350}
}
@article{narayan2012treatment,
	author={Sanjiv M. Narayan and David E. Krummen and Kalyanam Shivkumar and Paul Clopton and Wouter-Jan Rappel and John M. Miller},
	year={2012},
	title={Treatment of atrial fibrillation by the ablation of localized sources: CONFIRM (Conventional Ablation for Atrial Fibrillation With or Without Focal Impulse and Rotor Modulation) trial},
	journal={Journal of the American College of Cardiology},
	volume={60},
	number={7},
	pages={628–636}
}
@article{wong2015benefit,
	author={Kelvin CK Wong and John R. Paisey and Mark Sopher and Richard Balasubramaniam and Michael Jones and Norman Qureshi and Chris R. Hayes and Matthew R. Ginks and Kim Rajappan and Yaver Bashir},
	year={2015},
	title={No benefit of complex fractionated atrial electrogram ablation in addition to circumferential pulmonary vein ablation and linear ablation: Benefit of complex ablation study},
	journal={Circulation: Arrhythmia and Electrophysiology},
	volume={8},
	number={6},
	pages={1316–1324}
}
@article{vogler2015pulmonary,
	author={Julia Vogler and Stephan Willems and Arian Sultan and Doreen Schreiber and Jakob Lüker and Helge Servatius and Benjamin Schäffer and Julia Moser and Boris A. Hoffmann and Daniel Steven},
	year={2015},
	title={Pulmonary vein isolation versus defragmentation: The CHASE-AF clinical trial},
	journal={Journal of the American College of Cardiology},
	volume={66},
	number={24},
	pages={2743–2752}
}
@article{verma2015approaches,
	author={Atul Verma and Chen-yang Jiang and Timothy R. Betts and Jian Chen and Isabel Deisenhofer and Roberto Mantovan and Laurent Macle and Carlos A. Morillo and Wilhelm Haverkamp and Rukshen Weerasooriya},
	year={2015},
	title={Approaches to catheter ablation for persistent atrial fibrillation},
	journal={New England Journal of Medicine},
	volume={372},
	number={19},
	pages={1812–1822}
}
@article{lee2019electrical,
	author={Jung Myung Lee and Jaemin Shim and Junbeom Park and Hee Tae Yu and Tae-Hoon Kim and Jin-Kyu Park and Jae-Sun Uhm and Jin-Bae Kim and Boyoung Joung and Moon-Hyoung Lee},
	year={2019},
	title={The electrical isolation of the left atrial posterior wall in catheter ablation of persistent atrial fibrillation},
	journal={Clinical Electrophysiology},
	volume={5},
	number={11},
	pages={1253–1261}
}
@article{scherr2015five-year,
	author={Daniel Scherr and Paul Khairy and Shinsuke Miyazaki and Valerie Aurillac-Lavignolle and Patrizio Pascale and Stephen B. Wilton and Khaled Ramoul and Yuki Komatsu and Laurent Roten and Amir Jadidi},
	year={2015},
	title={Five-year outcome of catheter ablation of persistent atrial fibrillation using termination of atrial fibrillation as a procedural endpoint},
	journal={Circulation: Arrhythmia and Electrophysiology},
	volume={8},
	number={1},
	pages={18–24}
}

@article{atwood2016diffusion-convolutional,
	author={James Atwood and Don Towsley},
	year={2016},
	title={Diffusion-convolutional neural networks},
	journal={Proceedings of the 30th International Conference on Neural Information Processing Systems},
	volume={29}
}
@article{li2018diffusionconvolutionalrecurrentneural,
	author={Yaguang Li and Rose Yu and Cyrus Shahabi and Yan Liu},
	year={2018},
	title={Diffusion convolutional recurrent neural network: Data-driven traffic forecasting},
	journal={Proceedings of the International Conference on Learning Representations}
}
@article{dwivedi2023benchmarking,
	author={Vijay Prakash Dwivedi and Chaitanya K. Joshi and Anh Tuan Luu and Thomas Laurent and Yoshua Bengio and Xavier Bresson},
	year={2023},
	title={Benchmarking graph neural networks},
	journal={Journal of Machine Learning Research},
	volume={24},
	number={43},
	pages={1–48}
}
@article{dwivedi2021graph,
	author={Vijay Prakash Dwivedi and Anh Tuan Luu and Thomas Laurent and Yoshua Bengio and Xavier Bresson},
	year={2021},
	title={Graph neural networks with learnable structural and positional representations},
	journal={arXiv preprint arXiv:2110.07875}
}
@article{cini2024taming,
	author={Andrea Cini and Ivan Marisca and Daniele Zambon and Cesare Alippi},
	year={2024},
	title={Taming local effects in graph-based spatiotemporal forecasting},
	journal={Proceedings of the 37th International Conference on Neural Information Processing Systems},
	volume={36}
}
@article{bernardini1999ball-pivoting,
	author={Fausto Bernardini and Joshua Mittleman and Holly Rushmeier and Cláudio Silva and Gabriel Taubin},
	year={1999},
	title={The ball-pivoting algorithm for surface reconstruction},
	journal={IEEE Transactions on Visualization and Computer Graphics},
	volume={5},
	number={4},
	pages={349–359}
}
@article{cho2014properties,
	author={Kyunghyun Cho and Bart Van Merriënboer and Dzmitry Bahdanau and Yoshua Bengio},
	year={2014},
	title={On the properties of neural machine translation: Encoder-decoder approaches},
	journal={arXiv preprint arXiv:1409.1259}
}
@misc{gilmer2017neural,
	author = 	 {Justin Gilmer and Samuel S. Schoenholz and Patrick F. Riley and Oriol Vinyals and George E. Dahl},
	year = 	 {2017},
	title = 	 {Neural message passing for Quantum chemistry},
	journal = 	 {Proceedings of the 34th International Conference on Machine Learning - Volume 70},
	pages = 	 {1263–1272}
}
@article{rossi2020temporal,
	author={Emanuele Rossi and Ben Chamberlain and Fabrizio Frasca and Davide Eynard and Federico Monti and Michael Bronstein},
	year={2020},
	title={Temporal graph networks for deep learning on dynamic graphs},
	journal={arXiv preprint arXiv:2006.10637}
}
@inproceedings{wu2020connecting,
	author={Zonghan Wu and Shirui Pan and Guodong Long and Jing Jiang and Xiaojun Chang and Chengqi Zhang},
	year={2020},
	title={Connecting the dots: Multivariate time series forecasting with graph neural networks},
	booktitle={Proceedings of the 26th ACM SIGKDD international conference on knowledge discovery & data mining},
	pages={753–763}
}
@article{cini2023graph-based,
	author={Andrea Cini and Danilo Mandic and Cesare Alippi},
	year={2024},
	title={Graph-based time series clustering for end-to-end hierarchical forecasting},
	journal={Proceedings of the 41st International Conference on Machine Learning}
}
@article{marisca2024graph-based,
	author={Ivan Marisca and Cesare Alippi and Filippo Maria Bianchi},
	year={2024},
	title={Graph-based Forecasting with Missing Data through Spatiotemporal Downsampling},
	journal={arXiv preprint arXiv:2402.10634}
}

@article{marisca2022learning,
	author={Ivan Marisca and Andrea Cini and Cesare Alippi},
	year={2022},
	title={Learning to reconstruct missing data from spatiotemporal graphs with sparse observations},
	journal={Proceedings of the 36th International Conference on Neural Information Processing Systems},
	pages={32069–32082}
}
@article{xu2020inductive,
	author={Da Xu and Chuanwei Ruan and Evren Korpeoglu and Sushant Kumar and Kannan Achan},
	year={2020},
	title={Inductive representation learning on temporal graphs},
	journal={arXiv preprint arXiv:2002.07962}
}
@article{li2015gated,
	author={Yujia Li and Daniel Tarlow and Marc Brockschmidt and Richard Zemel},
	year={2015},
	title={Gated graph sequence neural networks},
	journal={arXiv preprint arXiv:1511.05493}
}
@inproceedings{seo2018structured,
	author={Youngjoo Seo and Michaël Defferrard and Pierre Vandergheynst and Xavier Bresson},
	year={2018},
	title={Structured sequence modeling with graph convolutional recurrent networks},
	booktitle={Proceedings of the 25th International Conference on Neural Information Processing},
	publisher={Springer},
	pages={362–373}
}
@article{scarselli2008graph,
	author={Franco Scarselli and Marco Gori and Ah Chung Tsoi and Markus Hagenbuchner and Gabriele Monfardini},
	year={2008},
	title={The graph neural network model},
	journal={IEEE Transactions on Neural Networks},
	volume={20},
	number={1},
	pages={61–80}
}
@article{aon2006fundamental,
	author={Miguel Antonio Aon and Sonia Cortassa and Brian O’Rourke},
	year={2006},
	title={The fundamental organization of cardiac mitochondria as a network of coupled oscillators},
	journal={Biophysical Journal},
	volume={91},
	number={11},
	pages={4317–4327}
}
@book{strogatz2018nonlinear,
	author={Steven H. Strogatz},
	year={2018},
	title={Nonlinear dynamics and chaos: with applications to physics, biology, chemistry, and engineering},
	publisher={CRC press}
}
@article{mirollo1990synchronization,
	author={Renato E. Mirollo and Steven H. Strogatz},
	year={1990},
	title={Synchronization of pulse-coupled biological oscillators},
	journal={SIAM Journal on Applied Mathematics},
	volume={50},
	number={6},
	pages={1645–1662}
}
@article{witkowski1998spatiotemporal,
	author={Francis X. Witkowski and L. Joshua Leon and Patricia A. Penkoske and Wayne R. Giles and Mark L. Spano and William L. Ditto and Arthur T. Winfree},
	year={1998},
	title={Spatiotemporal evolution of ventricular fibrillation},
	journal={Nature},
	volume={392},
	number={6671},
	pages={78–82}
}
@article{fenton1998vortex,
	author={Flavio Fenton and Alain Karma},
	year={1998},
	title={Vortex dynamics in three-dimensional continuous myocardium with fiber rotation: Filament instability and fibrillation},
	journal={Chaos: An Interdisciplinary Journal of Nonlinear Science},
	volume={8},
	number={1},
	pages={20–47}
}
@article{vandersickel2019directed,
	author={Nele Vandersickel and Enid Van Nieuwenhuyse and Nico Van Cleemput and Jan Goedgebeur and Milad El Haddad and Jan De Neve and Anthony Demolder and Teresa Strisciuglio and Mattias Duytschaever and Alexander V. Panfilov},
	year={2019},
	title={Directed networks as a novel way to describe and analyze cardiac excitation: Directed graph mapping},
	journal={Frontiers in physiology},
	volume={10},
	pages={1138}
}
@article{ganesan2013bipolar,
	author={Anand N. Ganesan and Pawel Kuklik and Dennis H. Lau and Anthony G. Brooks and Mathias Baumert and Wei Wen Lim and Shivshankar Thanigaimani and Sachin Nayyar and Rajiv Mahajan and Jonathan M. Kalman},
	year={2013},
	title={Bipolar electrogram shannon entropy at sites of rotational activation: Implications for ablation of atrial fibrillation},
	journal={Circulation: Arrhythmia and Electrophysiology},
	volume={6},
	number={1},
	pages={48–57}
}
@article{shi2023information,
	author={Xili Shi and Arunashis Sau and Xinyang Li and Kiran Patel and Nikesh Bajaj and Marta Varela and Huiyi Wu and Balvinder Handa and Ahran Arnold and Matthew Shun-Shin},
	year={2023},
	title={Information theory-based direct causality measure to assess cardiac fibrillation dynamics},
	journal={Journal of the Royal Society Interface},
	volume={20},
	number={207},
	pages={20230443}
}
@article{handa2020granger,
	author={Balvinder S. Handa and Xinyang Li and Kedar K. Aras and Norman A. Qureshi and Ian Mann and Rasheda A. Chowdhury and Zachary I. Whinnett and Nick WF Linton and Phang Boon Lim and Prapa Kanagaratnam},
	year={2020},
	title={Granger causality–based analysis for classification of fibrillation mechanisms and localization of rotational drivers},
	journal={Circulation: Arrhythmia and Electrophysiology},
	volume={13},
	number={3},
	pages={e008237}
}
@article{ideker1989assumptions,
	author={Raymond E. Ideker and William M. Smith and Susan M. Blanchard and Susan L. Reiser and Edward V. Simpson and Patrick D. Wolf and Ned D. Danieley},
	year={1989},
	title={The assumptions of isochronal cardiac mapping},
	journal={Pacing and Clinical Electrophysiology},
	volume={12},
	number={3},
	pages={456–478}
}
@article{jadidi2016ablation,
	author={Amir S. Jadidi and Heiko Lehrmann and Cornelius Keyl and Jérémie Sorrel and Viktor Markstein and Jan Minners and Chan-Il Park and Arnaud Denis and Pierre Jaïs and Mélèze Hocini},
	year={2016},
	title={Ablation of persistent atrial fibrillation targeting low-voltage areas with selective activation characteristics},
	journal={Circulation: Arrhythmia and Electrophysiology},
	volume={9},
	number={3},
	pages={e002962}
}
@article{hong2019high-resolution,
	author={Kathryn Lauren Hong and Damien Redfearn and Sanoj Chacko and Jason Baley and Adrian Baranchuk and Benedict Martin Glover},
	year={2019},
	title={High-resolution mapping of the atria using the HD Grid catheter},
	journal={HeartRhythm Case Reports},
	volume={5},
	number={7},
	pages={351–353}
}
@article{pfaff2020learning,
	author={Tobias Pfaff and Meire Fortunato and Alvaro Sanchez-Gonzalez and Peter W. Battaglia},
	year={2020},
	title={Learning mesh-based simulation with graph networks},
	journal={arXiv preprint arXiv:2010.03409}
}
@article{lam2023learning,
	author={Remi Lam and Alvaro Sanchez-Gonzalez and Matthew Willson and Peter Wirnsberger and Meire Fortunato and Ferran Alet and Suman Ravuri and Timo Ewalds and Zach Eaton-Rosen and Weihua Hu},
	year={2023},
	title={Learning skillful medium-range global weather forecasting},
	journal={Science},
	volume={382},
	number={6677},
	pages={1416–1421}
}
@inproceedings{sanchez-gonzalez2020learning,
	author={Alvaro Sanchez-Gonzalez and Jonathan Godwin and Tobias Pfaff and Rex Ying and Jure Leskovec and Peter Battaglia},
	year={2020},
	title={Learning to simulate complex physics with graph networks},
	booktitle={International conference on machine learning},
	publisher={PMLR},
	pages={8459–8468}
}
@article{battaglia2016interaction,
	author={Peter Battaglia and Razvan Pascanu and Matthew Lai and Danilo Jimenez Rezende},
	year={2016},
	title={Interaction networks for learning about objects, relations and physics},
	journal={Advances in neural information processing systems},
	volume={29}
}
@article{roney2017spatial,
	author={Caroline H. Roney and Chris D. Cantwell and Jason D. Bayer and Norman A. Qureshi and Phang Boon Lim and Jennifer H. Tweedy and Prapa Kanagaratnam and Nicholas S. Peters and Edward J. Vigmond and Fu Siong Ng},
	year={2017},
	title={Spatial resolution requirements for accurate identification of drivers of atrial fibrillation},
	journal={Circulation: Arrhythmia and Electrophysiology},
	volume={10},
	number={5},
	pages={e004899},
}
@article{rudy1999noninvasive,
	author={Yoram Rudy Ph.D. and John E. Burnes M.S.},
	year={1999},
	title={Noninvasive electrocardiographic imaging},
	journal={Annals of Noninvasive Electrocardiology},
	volume={4},
	number={3},
	pages={340–359}
}
@article{knecht2017multicentre,
	author={Sébastien Knecht and Manav Sohal and Isabelle Deisenhofer and Jean-Paul Albenque and Thomas Arentz and Thomas Neumann and Bruno Cauchemez and Mattias Duytschaever and Khaled Ramoul and Thierry Verbeet},
	year={2017},
	title={Multicentre evaluation of non-invasive biatrial mapping for persistent atrial fibrillation ablation: the AFACART study},
	journal={EP Europace},
	volume={19},
	number={8},
	pages={1302–1309}
}
@article{wolf1998impact,
	author={Philip A. Wolf and Janet B. Mitchell and Colin S. Baker and William B. Kannel and Ralph B. D'Agostino},
	year={1998},
	title={Impact of atrial fibrillation on mortality, stroke, and medical costs},
	journal={Archives of Internal Medicine},
	volume={158},
	number={3},
	pages={229–234}
}
@article{maisel2003atrial,
	author={William H. Maisel and Lynne Warner Stevenson},
	year={2003},
	title={Atrial fibrillation in heart failure: Epidemiology, pathophysiology, and rationale for therapy},
	journal={The American Journal of Cardiology},
	volume={91},
	number={6},
	pages={2–8}
}
@article{buch2016long-term,
	author={Eric Buch and Michael Share and Roderick Tung and Peyman Benharash and Parikshit Sharma and Jayanthi Koneru and Ravi Mandapati and Kenneth A. Ellenbogen and Kalyanam Shivkumar},
	year={2016},
	title={Long-term clinical outcomes of focal impulse and rotor modulation for treatment of atrial fibrillation: A multicenter experience},
	journal={Heart Rhythm},
	volume={13},
	number={3},
	pages={636–641}
}
@article{clarnette2018outcomes,
	author={Jock A. Clarnette and Anthony G. Brooks and Rajiv Mahajan and Adrian D. Elliott and Darragh J. Twomey and Rajeev K. Pathak and Sharath Kumar and Dian A. Munawar and Glenn D. Young and Jonathan M. Kalman},
	year={2018},
	title={Outcomes of persistent and long-standing persistent atrial fibrillation ablation: a systematic review and meta-analysis},
	journal={EP Europace},
	volume={20},
	number={FI\_3},
	pages={f366–f376}
}
@article{arunashis2019meta-analysis,
	author={Sau Arunashis and P. Howard James and Al-Aidarous Sayed and Ferreira-Martins João and Al-Khayatt Becker and Lim P. Boon and Kanagaratnam Prapa and I. Whinnett Zachary and S. Peters Nicholas and B. Sikkel Markus and P. Francis Darrel and Sohaib S.M. Afzal},
	year={2019},
	title={Meta-Analysis of Randomized Controlled Trials of Atrial Fibrillation Ablation With Pulmonary Vein Isolation Versus Without},
	journal={JACC: Clinical Electrophysiology},
	volume={5},
	number={8},
	pages={968–976},
	note={doi: 10.1016/j.jacep.2019.05.012; 07},
	url={https://doi.org/10.1016/j.jacep.2019.05.012},
	doi={10.1016/j.jacep.2019.05.012}
}
@article{ng2020mechanism-directed,
	author={Fu Siong Ng and Balvinder S. Handa and Xinyang Li and Nicholas S. Peters},
	year={2020},
	title={Toward mechanism-directed electrophenotype-based treatments for atrial fibrillation},
	journal={Frontiers in Physiology},
	volume={11}
}
@article{2004cost,
	author={S Stewart and N Murphy and A Walker and A McGuire and J J V McMurray},
	year={2004},
	title={Cost of an emerging epidemic: An economic analysis of atrial fibrillation in the UK},
	journal={Heart},
	volume={90},
	number={3},
	pages={286–292}
}
@article{katsanos2020stroke,
	author={Aristeidis H. Katsanos and Hooman Kamel and Jeff S. Healey and Robert G. Hart},
	year={2020},
	title={Stroke prevention in atrial fibrillation: Looking forward},
	journal={Circulation},
	volume={142},
	number={24},
	pages={2371–2388}
}
@article{lippi2021global,
	author={Giuseppe Lippi and Fabian Sanchis-Gomar and Gianfranco Cervellin},
	year={2021},
	title={Global epidemiology of atrial fibrillation: An increasing epidemic and public health challenge},
	journal={International Journal of Stroke},
	volume={16},
	number={2},
	pages={217–221}
}

@ARTICLE{8347162,
  author={Ortega, Antonio and Frossard, Pascal and Kovačević, Jelena and Moura, José M. F. and Vandergheynst, Pierre},
  journal={Proceedings of the IEEE}, 
  title={Graph signal processing: Overview, challenges, and applications}, 
  year={2018},
  volume={106},
  number={5},
  pages={808-828}}

@ARTICLE{9039675,
  author={Zhang, Ziwei and Cui, Peng and Zhu, Wenwu},
  journal={IEEE Transactions on Knowledge and Data Engineering}, 
  title={Deep Learning on Graphs: A Survey}, 
  year={2022},
  volume={34},
  number={1},
  pages={249-270},
  keywords={Deep learning;Recurrent neural networks;Task analysis;Training;Reinforcement learning;Social networking (online);Distance measurement;Graph data;deep learning;graph neural network;graph convolutional network;graph autoencoder},
  doi={10.1109/TKDE.2020.2981333}}

@inproceedings{NIPS2016_04df4d43,
 author = {Defferrard, Micha\"{e}l and Bresson, Xavier and Vandergheynst, Pierre},
 booktitle = {Advances in Neural Information Processing Systems},
 editor = {D. Lee and M. Sugiyama and U. Luxburg and I. Guyon and R. Garnett},
 pages = {},
 publisher = {Curran Associates, Inc.},
 title = {Convolutional Neural Networks on Graphs with Fast Localized Spectral Filtering},
 volume = {29},
 year = {2016}
}

@article{ozgul2023high,
  title={High-density and high coverage composite mapping of repetitive atrial activation patterns},
  author={{\"O}zg{\"u}l, Ozan and Hermans, Ben JM and van Hunnik, Arne and Verheule, Sander and Schotten, Ulrich and Bonizzi, Pietro and Zeemering, Stef},
  journal={Computers in Biology and Medicine},
  volume={159},
  pages={106920},
  year={2023},
  publisher={Elsevier}
}


@article{mandicFTMLp1,
  title={{Data analytics on graphs. Part I: Graphs and spectra on graphs}},
  author={Stankovi{\'c}, Ljubi{\v{s}}a and Mandic, Danilo and Dakovi{\'c}, Milo{\v{s}} and Brajovi{\'c}, Milo{\v{s}} and Scalzo, Bruno and Li, Shengxi and Constantinides, Anthony G and others},
  journal = {Foundations and Trends® in Machine Learning},
  volume={13},
  number={1},
  pages={1--157},
  year={2020},
  publisher={Now Publishers, Inc.}
}

@article{mandicFTMLp2,
year = {2020},
volume = {13},
journal = {Foundations and Trends® in Machine Learning},
title = {{Data analytics on graphs. Part II: Signals on graphs}},
issn = {1935-8237},
number = {2-3},
pages = {158-331},
author = {Ljubiša Stanković and Danilo Mandic and Miloš Daković and Miloš Brajović and Bruno Scalzo and Shengxi Li and Anthony G. Constantinides}
}

@article{mandicFTMLp3,
year = {2020},
volume = {13},
journal = {Foundations and Trends® in Machine Learning},
title = {{Data analytics on graphs. Part III: Machine learning on graphs, from graph topology to applications}},
issn = {1935-8237},
number = {4},
pages = {332-530},
author = {Ljubiša Stanković and Danilo Mandic and Miloš Daković and Miloš Brajović and Bruno Scalzo and Shengxi Li and Anthony G. Constantinides}
}

@article{jin2024survey,
  title={A survey on graph neural networks for time series: Forecasting, classification, imputation, and anomaly detection},
  author={Jin, Ming and Koh, Huan Yee and Wen, Qingsong and Zambon, Daniele and Alippi, Cesare and Webb, Geoffrey I and King, Irwin and Pan, Shirui},
  journal={IEEE Transactions on Pattern Analysis and Machine Intelligence},
  year={2024},
  publisher={IEEE}
}

@inproceedings{salakhutdinov2008bayesian,
  title={Bayesian probabilistic matrix factorization using Markov chain Monte Carlo},
  author={Salakhutdinov, Ruslan and Mnih, Andriy},
  booktitle={Proceedings of the 25th International Conference on Machine Learning},
  pages={880--887},
  year={2008}
}

@article{lee2000algorithms,
  title={Algorithms for non-negative matrix factorization},
  author={Lee, Daniel and Seung, H Sebastian},
  journal={Proceedings of the 13th International Conference on Neural Information Processing Systems},
  volume={13},
  year={2000}
}

@article{cai2010graph,
  title={Graph regularized nonnegative matrix factorization for data representation},
  author={Cai, Deng and He, Xiaofei and Han, Jiawei and Huang, Thomas S},
  journal={IEEE Transactions on Pattern Analysis and Machine Intelligence},
  volume={33},
  number={8},
  pages={1548--1560},
  year={2010},
  publisher={IEEE}
}

@article{yu2016temporal,
  title={Temporal regularized matrix factorization for high-dimensional time series prediction},
  author={Yu, Hsiang-Fu and Rao, Nikhil and Dhillon, Inderjit S},
  journal={Proceedings of the 30th International Conference on Neural Information Processing Systems},
  volume={29},
  year={2016}
}

@article{cao2018brits,
  title={BRITS: Bidirectional recurrent imputation for time series},
  author={Cao, Wei and Wang, Dong and Li, Jian and Zhou, Hao and Li, Lei and Li, Yitan},
  journal={Proceedings of the 32nd International Conference on Neural Information Processing Systems},
  volume={31},
  year={2018}
}

@article{yoon2019time,
  title={Time-series generative adversarial networks},
  author={Yoon, Jinsung and Jarrett, Daniel and Van der Schaar, Mihaela},
  journal={Proceedings of the 33rd International Conference on Neural Information Processing Systems},
  volume={32},
  year={2019}
}

@article{liu2019naomi,
  title={NAOMI: Non-autoregressive multiresolution sequence imputation},
  author={Liu, Yukai and Yu, Rose and Zheng, Stephan and Zhan, Eric and Yue, Yisong},
  journal={Proceedings of the 33rd International Conference on Neural Information Processing Systems},
  volume={32},
  year={2019}
}

@article{du2023saits,
  title={SAITS: Self-attention-based imputation for time series},
  author={Du, Wenjie and C{\^o}t{\'e}, David and Liu, Yan},
  journal={Expert Systems with Applications},
  volume={219},
  pages={119619},
  year={2023},
  publisher={Elsevier}
}

@article{tashiro2021csdi,
  title={CSDI: Conditional score-based diffusion models for probabilistic time series imputation},
  author={Tashiro, Yusuke and Song, Jiaming and Song, Yang and Ermon, Stefano},
  journal={Proceedings of the 35th International Conference on Neural Information Processing Systems},
  volume={34},
  pages={24804--24816},
  year={2021}
}

@article{alcaraz2021diffusion,
  title={Diffusion-based time series imputation and forecasting with structured state space models},
  author={Alcaraz, J and Strodthoff, N},
  journal={Transactions on Machine Learning Research},
  year={2023}
}

@article{jenkins2023improving,
  title={Improving diffusion models for ECG imputation with an augmented template prior},
  author={Jenkins, Alexander and Chen, Zehua and Ng, Fu Siong and Mandic, Danilo},
  journal={arXiv preprint arXiv:2310.15742},
  year={2023}
}

@article{montero2021principles,
  title={Principles and algorithms for forecasting groups of time series: Locality and globality},
  author={Montero-Manso, Pablo and Hyndman, Rob J},
  journal={International Journal of Forecasting},
  volume={37},
  number={4},
  pages={1632--1653},
  year={2021},
  publisher={Elsevier}
}

@article{bresson2017residual,
  title={Residual gated graph convnets},
  author={Bresson, Xavier and Laurent, Thomas},
  journal={arXiv preprint arXiv:1711.07553},
  year={2017}
}

@article{koenker2001quantile,
  title={Quantile regression},
  author={Koenker, Roger and Hallock, Kevin F},
  journal={Journal of Economic Perspectives},
  volume={15},
  number={4},
  pages={143--156},
  year={2001},
  publisher={American Economic Association}
}

@article{de2022critical,
  title={Critical appraisal of technologies to assess electrical activity during atrial fibrillation: A position paper from the European heart rhythm association and European society of cardiology working group on eCardiology in collaboration with the heart rhythm society, Asia pacific heart rhythm society, Latin American heart rhythm society and computing in cardiology},
  author={De Groot, Natasja MS and Shah, Dipen and Boyle, Patrick M and Anter, Elad and Clifford, Gari D and Deisenhofer, Isabel and Deneke, Thomas and Van Dessel, Pascal and Doessel, Olaf and Dilaveris, Polychronis and others},
  journal={EP Europace},
  volume={24},
  number={2},
  pages={313--330},
  year={2022},
  publisher={Oxford University Press}
}

@article{shi2020validation,
  title={Validation of dipole density mapping during atrial fibrillation and sinus rhythm in human left atrium},
  author={Shi, Rui and Parikh, Paras and Chen, Zhong and Angel, Nathan and Norman, Mark and Hussain, Wajid and Butcher, Charlie and Haldar, Shouvik and Jones, David G and Riad, Omar and others},
  journal={Clinical Electrophysiology},
  volume={6},
  number={2},
  pages={171--181},
  year={2020},
  publisher={American College of Cardiology Foundation Washington DC}
}

@article{li2019standardised,
  title={Standardised framework for quantitative analysis of fibrillation dynamics},
  author={Li, Xinyang and Roney, Caroline H and Handa, Balvinder S and Chowdhury, Rasheda A and Niederer, Steven A and Peters, Nicholas S and Ng, Fu Siong},
  journal={Scientific Reports},
  volume={9},
  number={1},
  pages={16671},
  year={2019},
  publisher={Nature Publishing Group UK London}
}

@article{marwan2007recurrence,
  title={Recurrence plots for the analysis of complex systems},
  author={Marwan, Norbert and Romano, M Carmen and Thiel, Marco and Kurths, Jurgen},
  journal={Physics Reports},
  volume={438},
  number={5-6},
  pages={237--329},
  year={2007},
  publisher={Elsevier}
}

@article{besl1992method,
  title={Method for registration of 3-D shapes},
  author={Besl, Paul J and McKay, Neil D},
  journal={Proceedings of Sensor fusion IV: Control Paradigms and Data Structures},
  volume={1611},
  pages={586--606},
  year={1992},
  organization={SPIE}
}