@ARTICLE{8347162,
  author={Ortega, Antonio and Frossard, Pascal and Kovačević, Jelena and Moura, José M. F. and Vandergheynst, Pierre},
  journal={Proceedings of the IEEE}, 
  title={Graph signal processing: Overview, challenges, and applications}, 
  year={2018},
  volume={106},
  number={5},
  pages={808-828}}

@article{alcaraz2021diffusion,
  title={Diffusion-based time series imputation and forecasting with structured state space models},
  author={Alcaraz, J and Strodthoff, N},
  journal={Transactions on Machine Learning Research},
  year={2023}
}

@article{bronstein2017geometric,
	author={Michael M. Bronstein and Joan Bruna and Yann LeCun and Arthur Szlam and Pierre Vandergheynst},
	year={2017},
	title={Geometric deep learning: Going beyond Euclidean data},
	journal={IEEE Signal Processing Magazine},
	volume={34},
	number={4},
	pages={18–42}
}

@article{cai2010graph,
  title={Graph regularized nonnegative matrix factorization for data representation},
  author={Cai, Deng and He, Xiaofei and Han, Jiawei and Huang, Thomas S},
  journal={IEEE Transactions on Pattern Analysis and Machine Intelligence},
  volume={33},
  number={8},
  pages={1548--1560},
  year={2010},
  publisher={IEEE}
}

@article{cao2018brits,
  title={BRITS: Bidirectional recurrent imputation for time series},
  author={Cao, Wei and Wang, Dong and Li, Jian and Zhou, Hao and Li, Lei and Li, Yitan},
  journal={Proceedings of the 32nd International Conference on Neural Information Processing Systems},
  volume={31},
  year={2018}
}

@article{cini2021filling,
	author={Andrea Cini and Ivan Marisca and Cesare Alippi},
	year={2022},
	title={Filling the g\_ap\_s: Multivariate time series imputation by graph neural networks},
	journal={Proceedings of the International Conference on Learning Representations}
}

@article{cini2023graph-based,
	author={Andrea Cini and Danilo Mandic and Cesare Alippi},
	year={2024},
	title={Graph-based time series clustering for end-to-end hierarchical forecasting},
	journal={Proceedings of the 41st International Conference on Machine Learning}
}

@article{cini2023graphdeeplearningtime,
	author={Andrea Cini and Ivan Marisca and Daniele Zambon and Cesare Alippi},
	year={2023},
	title={Graph deep learning for time series forecasting},
	journal={arXiv preprint arXiv:2310.15978}
}

@inproceedings{cini2023scalable,
	author={Andrea Cini and Ivan Marisca and Filippo Maria Bianchi and Cesare Alippi},
	year={2023},
	title={Scalable spatiotemporal graph neural networks},
	booktitle={Proceedings of the AAAI Conference on Artificial Intelligence},
	volume={37},
	chapter={6},
	pages={7218–7226}
}

@article{cini2024taming,
	author={Andrea Cini and Ivan Marisca and Daniele Zambon and Cesare Alippi},
	year={2024},
	title={Taming local effects in graph-based spatiotemporal forecasting},
	journal={Proceedings of the 37th International Conference on Neural Information Processing Systems},
	volume={36}
}

@article{du2023saits,
  title={SAITS: Self-attention-based imputation for time series},
  author={Du, Wenjie and C{\^o}t{\'e}, David and Liu, Yan},
  journal={Expert Systems with Applications},
  volume={219},
  pages={119619},
  year={2023},
  publisher={Elsevier}
}

@article{gao2022equivalence,
	author={Jianfei Gao and Bruno Ribeiro},
	year={2022},
	title={On the equivalence between temporal and static equivariant graph representations},
	journal={Proceedings of the 39th International Conference on Machine Learning},
	pages={7052–7076}
}

@article{jenkins2023improving,
  title={Improving diffusion models for ECG imputation with an augmented template prior},
  author={Jenkins, Alexander and Chen, Zehua and Ng, Fu Siong and Mandic, Danilo},
  journal={arXiv preprint arXiv:2310.15742},
  year={2023}
}

@article{jiang2022graph,
	author={Weiwei Jiang and Jiayun Luo},
	year={2022},
	title={Graph neural network for traffic forecasting: A survey},
	journal={Expert Systems with Applications},
	volume={207},
	pages={117921}
}

@article{jin2024survey,
  title={A survey on graph neural networks for time series: Forecasting, classification, imputation, and anomaly detection},
  author={Jin, Ming and Koh, Huan Yee and Wen, Qingsong and Zambon, Daniele and Alippi, Cesare and Webb, Geoffrey I and King, Irwin and Pan, Shirui},
  journal={IEEE Transactions on Pattern Analysis and Machine Intelligence},
  year={2024},
  publisher={IEEE}
}

@article{kipf2016semi-supervised,
	author={Thomas N. Kipf and Max Welling},
	year={2017},
	title={Semi-supervised classification with graph convolutional networks},
	journal={Proceedings of the International Conference on Learning Representations }
}

@article{lam2023learning,
	author={Remi Lam and Alvaro Sanchez-Gonzalez and Matthew Willson and Peter Wirnsberger and Meire Fortunato and Ferran Alet and Suman Ravuri and Timo Ewalds and Zach Eaton-Rosen and Weihua Hu},
	year={2023},
	title={Learning skillful medium-range global weather forecasting},
	journal={Science},
	volume={382},
	number={6677},
	pages={1416–1421}
}

@article{lee2000algorithms,
  title={Algorithms for non-negative matrix factorization},
  author={Lee, Daniel and Seung, H Sebastian},
  journal={Proceedings of the 13th International Conference on Neural Information Processing Systems},
  volume={13},
  year={2000}
}

@article{li2018diffusionconvolutionalrecurrentneural,
	author={Yaguang Li and Rose Yu and Cyrus Shahabi and Yan Liu},
	year={2018},
	title={Diffusion convolutional recurrent neural network: Data-driven traffic forecasting},
	journal={Proceedings of the International Conference on Learning Representations}
}

@article{liu2019naomi,
  title={NAOMI: Non-autoregressive multiresolution sequence imputation},
  author={Liu, Yukai and Yu, Rose and Zheng, Stephan and Zhan, Eric and Yue, Yisong},
  journal={Proceedings of the 33rd International Conference on Neural Information Processing Systems},
  volume={32},
  year={2019}
}

@article{mandicFTMLp2,
year = {2020},
volume = {13},
journal = {Foundations and Trends® in Machine Learning},
title = {{Data analytics on graphs. Part II: Signals on graphs}},
issn = {1935-8237},
number = {2-3},
pages = {158-331},
author = {Ljubiša Stanković and Danilo Mandic and Miloš Daković and Miloš Brajović and Bruno Scalzo and Shengxi Li and Anthony G. Constantinides}
}

@article{mandicFTMLp3,
year = {2020},
volume = {13},
journal = {Foundations and Trends® in Machine Learning},
title = {{Data analytics on graphs. Part III: Machine learning on graphs, from graph topology to applications}},
issn = {1935-8237},
number = {4},
pages = {332-530},
author = {Ljubiša Stanković and Danilo Mandic and Miloš Daković and Miloš Brajović and Bruno Scalzo and Shengxi Li and Anthony G. Constantinides}
}

@article{marisca2022learning,
	author={Ivan Marisca and Andrea Cini and Cesare Alippi},
	year={2022},
	title={Learning to reconstruct missing data from spatiotemporal graphs with sparse observations},
	journal={Proceedings of the 36th International Conference on Neural Information Processing Systems},
	pages={32069–32082}
}

@inproceedings{salakhutdinov2008bayesian,
  title={Bayesian probabilistic matrix factorization using Markov chain Monte Carlo},
  author={Salakhutdinov, Ruslan and Mnih, Andriy},
  booktitle={Proceedings of the 25th International Conference on Machine Learning},
  pages={880--887},
  year={2008}
}

@inproceedings{seo2018structured,
	author={Youngjoo Seo and Michaël Defferrard and Pierre Vandergheynst and Xavier Bresson},
	year={2018},
	title={Structured sequence modeling with graph convolutional recurrent networks},
	booktitle={Proceedings of the 25th International Conference on Neural Information Processing},
	publisher={Springer},
	pages={362–373}
}

@article{tashiro2021csdi,
  title={CSDI: Conditional score-based diffusion models for probabilistic time series imputation},
  author={Tashiro, Yusuke and Song, Jiaming and Song, Yang and Ermon, Stefano},
  journal={Proceedings of the 35th International Conference on Neural Information Processing Systems},
  volume={34},
  pages={24804--24816},
  year={2021}
}

@article{yin2022nodetrans,
	author={Xueyan Yin and Feifan Li and Yanming Shen and Heng Qi and Baocai Yin},
	year={2022},
	title={NodeTrans: A graph transfer learning approach for traffic prediction},
	journal={arXiv preprint arXiv:2207.01301}
}

@article{yoon2019time,
  title={Time-series generative adversarial networks},
  author={Yoon, Jinsung and Jarrett, Daniel and Van der Schaar, Mihaela},
  journal={Proceedings of the 33rd International Conference on Neural Information Processing Systems},
  volume={32},
  year={2019}
}

@article{yu2016temporal,
  title={Temporal regularized matrix factorization for high-dimensional time series prediction},
  author={Yu, Hsiang-Fu and Rao, Nikhil and Dhillon, Inderjit S},
  journal={Proceedings of the 30th International Conference on Neural Information Processing Systems},
  volume={29},
  year={2016}
}

@article{zhang2020deep,
	author={Ziwei Zhang and Peng Cui and Wenwu Zhu},
	year={2020},
	title={Deep learning on graphs: A survey},
	journal={IEEE Transactions on Knowledge and Data Engineering},
	volume={34},
	number={1},
	pages={249–270}
}

