% Use this file for citations not found in the ACL Anthology (contained in "anthology.bib").

@inproceedings{liu2004text,
  title={Text classification by labeling words},
  author={Liu, Bing and Li, Xiaoli and Lee, Wee Sun and Yu, Philip S},
  booktitle={Aaai},
  volume={4},
  pages={425--430},
  year={2004}
}

@inproceedings{song2014dataless,
  title={On dataless hierarchical text classification},
  author={Song, Yangqiu and Roth, Dan},
  booktitle={Proceedings of the AAAI conference on artificial intelligence},
  volume={28},
  year={2014}
}

@inproceedings{li2018pseudo,
  title={A pseudo label based dataless naive bayes algorithm for text classification with seed words},
  author={Li, Ximing and Yang, Bo},
  booktitle={Proceedings of the 27th International Conference on Computational Linguistics},
  pages={1908--1917},
  year={2018}
}

@inproceedings{howard2018universal,
  title={Universal Language Model Fine-tuning for Text Classification},
  author={Howard, Jeremy and Ruder, Sebastian},
  booktitle={Proceedings of the 56th Annual Meeting of the Association for Computational Linguistics (Volume 1: Long Papers)},
  pages={328--339},
  year={2018}
}

@inproceedings{yin2019benchmarking,
  title={Benchmarking Zero-shot Text Classification: Datasets, Evaluation and Entailment Approach},
  author={Yin, Wenpeng and Hay, Jamaal and Roth, Dan},
  booktitle={Proceedings of the 2019 Conference on Empirical Methods in Natural Language Processing and the 9th International Joint Conference on Natural Language Processing (EMNLP-IJCNLP)},
  pages={3914--3923},
  year={2019}
}

@inproceedings{ye2020zero,
  title={Zero-shot text classification via reinforced self-training},
  author={Ye, Zhiquan and Geng, Yuxia and Chen, Jiaoyan and Chen, Jingmin and Xu, Xiaoxiao and Zheng, SuHang and Wang, Feng and Zhang, Jun and Chen, Huajun},
  booktitle={Proceedings of the 58th annual meeting of the association for computational linguistics},
  pages={3014--3024},
  year={2020}
}

@inproceedings{meng2020text,
  title={Text Classification Using Label Names Only: A Language Model Self-Training Approach},
  author={Meng, Yu and Zhang, Yunyi and Huang, Jiaxin and Xiong, Chenyan and Ji, Heng and Zhang, Chao and Han, Jiawei},
  booktitle={Proceedings of the 2020 Conference on Empirical Methods in Natural Language Processing (EMNLP)},
  pages={9006--9017},
  year={2020}
}

@inproceedings{schick2020automatically,
  title={Automatically Identifying Words That Can Serve as Labels for Few-Shot Text Classification},
  author={Schick, Timo and Schmid, Helmut and Sch{\"u}tze, Hinrich},
  booktitle={Proceedings of the 28th International Conference on Computational Linguistics},
  pages={5569--5578},
  year={2020}
}

@inproceedings{wang-banko-2021-practical,
    title = "Practical Transformer-based Multilingual Text Classification",
    author = "Wang, Cindy  and
      Banko, Michele",
    editor = "Kim, Young-bum  and
      Li, Yunyao  and
      Rambow, Owen",
    booktitle = "Proceedings of the 2021 Conference of the North American Chapter of the Association for Computational Linguistics: Human Language Technologies: Industry Papers",
    month = jun,
    year = "2021",
    address = "Online",
    publisher = "Association for Computational Linguistics",
    url = "https://aclanthology.org/2021.naacl-industry.16",
    doi = "10.18653/v1/2021.naacl-industry.16",
    pages = "121--129",
}

@inproceedings{dopierre-etal-2021-neural,
    title = "A Neural Few-Shot Text Classification Reality Check",
    author = "Dopierre, Thomas  and
      Gravier, Christophe  and
      Logerais, Wilfried",
    editor = "Merlo, Paola  and
      Tiedemann, Jorg  and
      Tsarfaty, Reut",
    booktitle = "Proceedings of the 16th Conference of the European Chapter of the Association for Computational Linguistics: Main Volume",
    month = apr,
    year = "2021",
    address = "Online",
    publisher = "Association for Computational Linguistics",
    url = "https://aclanthology.org/2021.eacl-main.79",
    doi = "10.18653/v1/2021.eacl-main.79",
    pages = "935--943"
}

@inproceedings{chu2021unsupervised,
  title={Unsupervised Label Refinement Improves Dataless Text Classification},
  author={Chu, Zewei and Stratos, Karl and Gimpel, Kevin},
  booktitle={Findings of the Association for Computational Linguistics: ACL-IJCNLP 2021},
  pages={4165--4178},
  year={2021}
}

@inproceedings{luo2021don,
  title={Donâ€™t miss the labels: Label-semantic augmented meta-learner for few-shot text classification},
  author={Luo, Qiaoyang and Liu, Lingqiao and Lin, Yuhao and Zhang, Wei},
  booktitle={Findings of the Association for Computational Linguistics: ACL-IJCNLP 2021},
  pages={2773--2782},
  year={2021}
}

@inproceedings{ma2021issues,
  title={Issues with entailment-based zero-shot text classification},
  author={Ma, Tingting and Yao, Jin-Ge and Lin, Chin-Yew and Zhao, Tiejun},
  booktitle={Proceedings of the 59th Annual Meeting of the Association for Computational Linguistics and the 11th International Joint Conference on Natural Language Processing (Volume 2: Short Papers)},
  pages={786--796},
  year={2021}
}

@inproceedings{ohashi2021distinct,
  title={Distinct label representations for few-shot text classification},
  author={Ohashi, Sora and Takayama, Junya and Kajiwara, Tomoyuki and Arase, Yuki},
  booktitle={Proceedings of the 59th Annual Meeting of the Association for Computational Linguistics and the 11th International Joint Conference on Natural Language Processing (Volume 2: Short Papers)},
  pages={831--836},
  year={2021}
}

@article{tunstall2022efficient,
  title={Efficient few-shot learning without prompts},
  author={Tunstall, Lewis and Reimers, Nils and Jo, Unso Eun Seo and Bates, Luke and Korat, Daniel and Wasserblat, Moshe and Pereg, Oren},
  journal={arXiv preprint arXiv:2209.11055},
  year={2022}
}

@inproceedings{gera-etal-2022-zero,
    title = "Zero-Shot Text Classification with Self-Training",
    author = "Gera, Ariel  and
      Halfon, Alon  and
      Shnarch, Eyal  and
      Perlitz, Yotam  and
      Ein-Dor, Liat  and
      Slonim, Noam",
    editor = "Goldberg, Yoav  and
      Kozareva, Zornitsa  and
      Zhang, Yue",
    booktitle = "Proceedings of the 2022 Conference on Empirical Methods in Natural Language Processing",
    month = dec,
    year = "2022",
    address = "Abu Dhabi, United Arab Emirates",
    publisher = "Association for Computational Linguistics",
    url = "https://aclanthology.org/2022.emnlp-main.73",
    doi = "10.18653/v1/2022.emnlp-main.73",
    pages = "1107--1119"
}

@inproceedings{sarkar-etal-2022-exploring,
    title = "{E}xploring Universal Sentence Encoders for Zero-shot Text Classification",
    author = "Sarkar, Souvika  and
      Feng, Dongji  and
      Karmaker Santu, Shubhra Kanti",
    editor = "He, Yulan  and
      Ji, Heng  and
      Li, Sujian  and
      Liu, Yang  and
      Chang, Chua-Hui",
    booktitle = "Proceedings of the 2nd Conference of the Asia-Pacific Chapter of the Association for Computational Linguistics and the 12th International Joint Conference on Natural Language Processing (Volume 2: Short Papers)",
    month = nov,
    year = "2022",
    address = "Online only",
    publisher = "Association for Computational Linguistics",
    url = "https://aclanthology.org/2022.aacl-short.18",
    doi = "10.18653/v1/2022.aacl-short.18",
    pages = "135--147"
}

@inproceedings{zhang-etal-2022-prompt-based,
    title = "Prompt-Based Meta-Learning For Few-shot Text Classification",
    author = "Zhang, Haoxing  and
      Zhang, Xiaofeng  and
      Huang, Haibo  and
      Yu, Lei",
    editor = "Goldberg, Yoav  and
      Kozareva, Zornitsa  and
      Zhang, Yue",
    booktitle = "Proceedings of the 2022 Conference on Empirical Methods in Natural Language Processing",
    month = dec,
    year = "2022",
    address = "Abu Dhabi, United Arab Emirates",
    publisher = "Association for Computational Linguistics",
    url = "https://aclanthology.org/2022.emnlp-main.87",
    doi = "10.18653/v1/2022.emnlp-main.87",
    pages = "1342--1357"
}

@inproceedings{lin-etal-2023-linear,
    title = "Linear Classifier: An Often-Forgotten Baseline for Text Classification",
    author = "Lin, Yu-Chen  and
      Chen, Si-An  and
      Liu, Jie-Jyun  and
      Lin, Chih-Jen",
    editor = "Rogers, Anna  and
      Boyd-Graber, Jordan  and
      Okazaki, Naoaki",
    booktitle = "Proceedings of the 61st Annual Meeting of the Association for Computational Linguistics (Volume 2: Short Papers)",
    month = jul,
    year = "2023",
    address = "Toronto, Canada",
    publisher = "Association for Computational Linguistics",
    url = "https://aclanthology.org/2023.acl-short.160",
    doi = "10.18653/v1/2023.acl-short.160",
    pages = "1876--1888"
}

@inproceedings{gretz2023zero,
  title={Zero-shot Topical Text Classification with LLMs-an Experimental Study},
  author={Gretz, Shai and Halfon, Alon and Shnayderman, Ilya and Toledo-Ronen, Orith and Spector, Artem and Dankin, Lena and Katsis, Yannis and Arviv, Ofir and Katz, Yoav and Slonim, Noam and others},
  booktitle={Findings of the Association for Computational Linguistics: EMNLP 2023},
  pages={9647--9676},
  year={2023}
}

@inproceedings{gao-etal-2023-benefits,
    title = "The Benefits of Label-Description Training for Zero-Shot Text Classification",
    author = "Gao, Lingyu  and
      Ghosh, Debanjan  and
      Gimpel, Kevin",
    editor = "Bouamor, Houda  and
      Pino, Juan  and
      Bali, Kalika",
    booktitle = "Proceedings of the 2023 Conference on Empirical Methods in Natural Language Processing",
    month = dec,
    year = "2023",
    address = "Singapore",
    publisher = "Association for Computational Linguistics",
    url = "https://aclanthology.org/2023.emnlp-main.853",
    doi = "10.18653/v1/2023.emnlp-main.853",
    pages = "13823--13844"
}

@inproceedings{mozes-etal-2023-towards,
    title = "Towards Agile Text Classifiers for Everyone",
    author = "Mozes, Maximilian  and
      Hoffmann, Jessica  and
      Tomanek, Katrin  and
      Kouate, Muhamed  and
      Thain, Nithum  and
      Yuan, Ann  and
      Bolukbasi, Tolga  and
      Dixon, Lucas",
    editor = "Bouamor, Houda  and
      Pino, Juan  and
      Bali, Kalika",
    booktitle = "Findings of the Association for Computational Linguistics: EMNLP 2023",
    month = dec,
    year = "2023",
    address = "Singapore",
    publisher = "Association for Computational Linguistics",
    url = "https://aclanthology.org/2023.findings-emnlp.30",
    doi = "10.18653/v1/2023.findings-emnlp.30",
    pages = "400--414"}

@inproceedings{liu-etal-2023-zero,
    title = "Zero-Shot Text Classification via Self-Supervised Tuning",
    author = "Liu, Chaoqun  and
      Zhang, Wenxuan  and
      Chen, Guizhen  and
      Wu, Xiaobao  and
      Luu, Anh Tuan  and
      Chang, Chip Hong  and
      Bing, Lidong",
    editor = "Rogers, Anna  and
      Boyd-Graber, Jordan  and
      Okazaki, Naoaki",
    booktitle = "Findings of the Association for Computational Linguistics: ACL 2023",
    month = jul,
    year = "2023",
    address = "Toronto, Canada",
    publisher = "Association for Computational Linguistics",
    url = "https://aclanthology.org/2023.findings-acl.110",
    doi = "10.18653/v1/2023.findings-acl.110",
    pages = "1743--1761"
}

@inproceedings{wang-etal-2023-pesco,
    title = "{PESCO}: Prompt-enhanced Self Contrastive Learning for Zero-shot Text Classification",
    author = "Wang, Yau-Shian  and
      Chi, Ta-Chung  and
      Zhang, Ruohong  and
      Yang, Yiming",
    editor = "Rogers, Anna  and
      Boyd-Graber, Jordan  and
      Okazaki, Naoaki",
    booktitle = "Proceedings of the 61st Annual Meeting of the Association for Computational Linguistics (Volume 1: Long Papers)",
    month = jul,
    year = "2023",
    address = "Toronto, Canada",
    publisher = "Association for Computational Linguistics",
    url = "https://aclanthology.org/2023.acl-long.832",
    doi = "10.18653/v1/2023.acl-long.832",
    pages = "14897--14911"
}

@inproceedings{sun-etal-2023-text,
    title = "Text Classification via Large Language Models",
    author = "Sun, Xiaofei  and
      Li, Xiaoya  and
      Li, Jiwei  and
      Wu, Fei  and
      Guo, Shangwei  and
      Zhang, Tianwei  and
      Wang, Guoyin",
    editor = "Bouamor, Houda  and
      Pino, Juan  and
      Bali, Kalika",
    booktitle = "Findings of the Association for Computational Linguistics: EMNLP 2023",
    month = dec,
    year = "2023",
    address = "Singapore",
    publisher = "Association for Computational Linguistics",
    url = "https://aclanthology.org/2023.findings-emnlp.603",
    doi = "10.18653/v1/2023.findings-emnlp.603",
    pages = "8990--9005"
}

@inproceedings{arora-etal-2024-intent,
    title = "Intent Detection in the Age of {LLM}s",
    author = "Arora, Gaurav  and
      Jain, Shreya  and
      Merugu, Srujana",
    editor = "Dernoncourt, Franck  and
      Preo{\c{t}}iuc-Pietro, Daniel  and
      Shimorina, Anastasia",
    booktitle = "Proceedings of the 2024 Conference on Empirical Methods in Natural Language Processing: Industry Track",
    month = nov,
    year = "2024",
    address = "Miami, Florida, US",
    publisher = "Association for Computational Linguistics",
    url = "https://aclanthology.org/2024.emnlp-industry.114",
    doi = "10.18653/v1/2024.emnlp-industry.114",
    pages = "1559--1570"
}

@inproceedings{edwards-camacho-collados-2024-language,
    title = "Language Models for Text Classification: Is In-Context Learning Enough?",
    author = "Edwards, Aleksandra  and
      Camacho-Collados, Jose",
    editor = "Calzolari, Nicoletta  and
      Kan, Min-Yen  and
      Hoste, Veronique  and
      Lenci, Alessandro  and
      Sakti, Sakriani  and
      Xue, Nianwen",
    booktitle = "Proceedings of the 2024 Joint International Conference on Computational Linguistics, Language Resources and Evaluation (LREC-COLING 2024)",
    month = may,
    year = "2024",
    address = "Torino, Italia",
    publisher = "ELRA and ICCL",
    url = "https://aclanthology.org/2024.lrec-main.879",
    pages = "10058--10072"
}

@inproceedings{yu-etal-2023-regen,
    title = "{R}e{G}en: Zero-Shot Text Classification via Training Data Generation with Progressive Dense Retrieval",
    author = "Yu, Yue  and
      Zhuang, Yuchen  and
      Zhang, Rongzhi  and
      Meng, Yu  and
      Shen, Jiaming  and
      Zhang, Chao",
    editor = "Rogers, Anna  and
      Boyd-Graber, Jordan  and
      Okazaki, Naoaki",
    booktitle = "Findings of the Association for Computational Linguistics: ACL 2023",
    month = jul,
    year = "2023",
    address = "Toronto, Canada",
    publisher = "Association for Computational Linguistics",
    url = "https://aclanthology.org/2023.findings-acl.748",
    doi = "10.18653/v1/2023.findings-acl.748",
    pages = "11782--11805"
}

@inproceedings{li2023synthetic,
  title={Synthetic Data Generation with Large Language Models for Text Classification: Potential and Limitations},
  author={Li, Zhuoyan and Zhu, Hangxiao and Lu, Zhuoran and Yin, Ming},
  booktitle={Proceedings of the 2023 Conference on Empirical Methods in Natural Language Processing},
  pages={10443--10461},
  year={2023}
}

@inproceedings{tian-chen-2024-esg,
    title = "{ESG}-{GPT}:{GPT}4-Based Few-Shot Prompt Learning for Multi-lingual {ESG} News Text Classification",
    author = "Tian, Ke  and
      Chen, Hua",
    editor = "Chen, Chung-Chi  and
      Liu, Xiaomo  and
      Hahn, Udo  and
      Nourbakhsh, Armineh  and
      Ma, Zhiqiang  and
      Smiley, Charese  and
      Hoste, Veronique  and
      Das, Sanjiv Ranjan  and
      Li, Manling  and
      Ghassemi, Mohammad  and
      Huang, Hen-Hsen  and
      Takamura, Hiroya  and
      Chen, Hsin-Hsi",
    booktitle = "Proceedings of the Joint Workshop of the 7th Financial Technology and Natural Language Processing, the 5th Knowledge Discovery from Unstructured Data in Financial Services, and the 4th Workshop on Economics and Natural Language Processing",
    month = may,
    year = "2024",
    address = "Torino, Italia",
    publisher = "Association for Computational Linguistics",
    url = "https://aclanthology.org/2024.finnlp-1.31",
    pages = "279--282"
}

@inproceedings{mu2024navigating,
  title={Navigating Prompt Complexity for Zero-Shot Classification: A Study of Large Language Models in Computational Social Science},
  author={Mu, Yida and Wu, Ben P and Thorne, William and Robinson, Ambrose and Aletras, Nikolaos and Scarton, Carolina and Bontcheva, Kalina and Song, Xingyi},
  booktitle={Proceedings of the 2024 Joint International Conference on Computational Linguistics, Language Resources and Evaluation (LREC-COLING 2024)},
  pages={12074--12086},
  year={2024}
}

@inproceedings{yehudai2024fastfit,
  title={FastFit: Fast and Effective Few-Shot Text Classification with a Multitude of Classes},
  author={Yehudai, Asaf and Bandel, Elron},
  booktitle={Proceedings of the 2024 Conference of the North American Chapter of the Association for Computational Linguistics: Human Language Technologies (Volume 3: System Demonstrations)},
  pages={174--184},
  year={2024}
}


@inproceedings{barbieri2022xlm,
  title={XLM-T: Multilingual Language Models in Twitter for Sentiment Analysis and Beyond},
  author={Barbieri, Francesco and Anke, Luis Espinosa and Camacho-Collados, Jose},
  booktitle={Proceedings of the Thirteenth Language Resources and Evaluation Conference},
  pages={258--266},
  year={2022}
}

@article{ma2023taxi1500,
  title={Taxi1500: A multilingual dataset for text classification in 1500 languages},
  author={Ma, Chunlan and ImaniGooghari, Ayyoob and Ye, Haotian and Pei, Renhao and Asgari, Ehsaneddin and Sch{\"u}tze, Hinrich},
  journal={arXiv preprint arXiv:2305.08487},
  year={2023}
}

@inproceedings{fitzgerald-etal-2023-massive,
    title = "{MASSIVE}: A 1{M}-Example Multilingual Natural Language Understanding Dataset with 51 Typologically-Diverse Languages",
    author = "FitzGerald, Jack  and
      Hench, Christopher  and
      Peris, Charith  and
      Mackie, Scott  and
      Rottmann, Kay  and
      Sanchez, Ana  and
      Nash, Aaron  and
      Urbach, Liam  and
      Kakarala, Vishesh  and
      Singh, Richa  and
      Ranganath, Swetha  and
      Crist, Laurie  and
      Britan, Misha  and
      Leeuwis, Wouter  and
      Tur, Gokhan  and
      Natarajan, Prem",
    editor = "Rogers, Anna  and
      Boyd-Graber, Jordan  and
      Okazaki, Naoaki",
    booktitle = "Proceedings of the 61st Annual Meeting of the Association for Computational Linguistics (Volume 1: Long Papers)",
    month = jul,
    year = "2023",
    address = "Toronto, Canada",
    publisher = "Association for Computational Linguistics",
    url = "https://aclanthology.org/2023.acl-long.235",
    doi = "10.18653/v1/2023.acl-long.235",
    pages = "4277--4302"
}

@article{dey2024better,
  title={Better to Ask in English: Evaluation of Large Language Models on English, Low-resource and Cross-Lingual Settings},
  author={Dey, Krishno and Tarannum, Prerona and Hasan, Md Arid and Razzak, Imran and Naseem, Usman},
  journal={arXiv preprint arXiv:2410.13153},
  year={2024}
}

@article{maheshwari2024efficacy,
  title={Efficacy of Synthetic Data as a Benchmark},
  author={Maheshwari, Gaurav and Ivanov, Dmitry and Haddad, Kevin El},
  journal={arXiv preprint arXiv:2409.11968},
  year={2024}
}

@inproceedings{ruan-etal-2024-large,
    title = "Are Large Language Models Good Classifiers? A Study on Edit Intent Classification in Scientific Document Revisions",
    author = "Ruan, Qian  and
      Kuznetsov, Ilia  and
      Gurevych, Iryna",
    editor = "Al-Onaizan, Yaser  and
      Bansal, Mohit  and
      Chen, Yun-Nung",
    booktitle = "Proceedings of the 2024 Conference on Empirical Methods in Natural Language Processing",
    month = nov,
    year = "2024",
    address = "Miami, Florida, USA",
    publisher = "Association for Computational Linguistics",
    url = "https://aclanthology.org/2024.emnlp-main.839",
    doi = "10.18653/v1/2024.emnlp-main.839",
    pages = "15049--15067"
}

@article{bayer2022survey,
  title={A survey on data augmentation for text classification},
  author={Bayer, Markus and Kaufhold, Marc-Andr{\'e} and Reuter, Christian},
  journal={ACM Computing Surveys},
  volume={55},
  number={7},
  pages={1--39},
  year={2022},
  publisher={ACM New York, NY}
} 

@inproceedings{yue-etal-2023-synthetic,
    title = "Synthetic Text Generation with Differential Privacy: A Simple and Practical Recipe",
    author = "Yue, Xiang  and
      Inan, Huseyin  and
      Li, Xuechen  and
      Kumar, Girish  and
      McAnallen, Julia  and
      Shajari, Hoda  and
      Sun, Huan  and
      Levitan, David  and
      Sim, Robert",
    editor = "Rogers, Anna  and
      Boyd-Graber, Jordan  and
      Okazaki, Naoaki",
    booktitle = "Proceedings of the 61st Annual Meeting of the Association for Computational Linguistics (Volume 1: Long Papers)",
    month = jul,
    year = "2023",
    address = "Toronto, Canada",
    publisher = "Association for Computational Linguistics",
    url = "https://aclanthology.org/2023.acl-long.74",
    doi = "10.18653/v1/2023.acl-long.74",
    pages = "1321--1342"
}

@article{kurakin2023harnessing,
  title={Harnessing large-language models to generate private synthetic text},
  author={Kurakin, Alexey and Ponomareva, Natalia and Syed, Umar and MacDermed, Liam and Terzis, Andreas},
  journal={arXiv preprint arXiv:2306.01684},
  year={2023}
}

@inproceedings{yamagishi-nakamura-2024-utrad,
    title = "{UTR}ad-{NLP} at {\#}{SMM}4{H} 2024: Why {LLM}-Generated Texts Fail to Improve Text Classification Models",
    author = "Yamagishi, Yosuke  and
      Nakamura, Yuta",
    editor = "Xu, Dongfang  and
      Gonzalez-Hernandez, Graciela",
    booktitle = "Proceedings of The 9th Social Media Mining for Health Research and Applications (SMM4H 2024) Workshop and Shared Tasks",
    month = aug,
    year = "2024",
    address = "Bangkok, Thailand",
    publisher = "Association for Computational Linguistics",
    url = "https://aclanthology.org/2024.smm4h-1.10",
    pages = "42--47"
}

@inproceedings{choi-etal-2024-unigen,
    title = "{U}ni{G}en: Universal Domain Generalization for Sentiment Classification via Zero-shot Dataset Generation",
    author = "Choi, Juhwan  and
      Kim, Yeonghwa  and
      Yu, Seunguk  and
      Yun, JungMin  and
      Kim, YoungBin",
    editor = "Al-Onaizan, Yaser  and
      Bansal, Mohit  and
      Chen, Yun-Nung",
    booktitle = "Proceedings of the 2024 Conference on Empirical Methods in Natural Language Processing",
    month = nov,
    year = "2024",
    address = "Miami, Florida, USA",
    publisher = "Association for Computational Linguistics",
    url = "https://aclanthology.org/2024.emnlp-main.1",
    doi = "10.18653/v1/2024.emnlp-main.1",
    pages = "1--14"
}

@inproceedings{zeng-2024-leveraging,
    title = "Leveraging Large Language Models for Code-Mixed Data Augmentation in Sentiment Analysis",
    author = "Zeng, Linda",
    editor = "Hale, James  and
      Chawla, Kushal  and
      Garg, Muskan",
    booktitle = "Proceedings of the Second Workshop on Social Influence in Conversations (SICon 2024)",
    month = nov,
    year = "2024",
    address = "Miami, Florida, USA",
    publisher = "Association for Computational Linguistics",
    url = "https://aclanthology.org/2024.sicon-1.6",
    doi = "10.18653/v1/2024.sicon-1.6",
    pages = "85--101"
}

@inproceedings{tan-etal-2024-large,
    title = "Large Language Models for Data Annotation and Synthesis: A Survey",
    author = "Tan, Zhen  and
      Li, Dawei  and
      Wang, Song  and
      Beigi, Alimohammad  and
      Jiang, Bohan  and
      Bhattacharjee, Amrita  and
      Karami, Mansooreh  and
      Li, Jundong  and
      Cheng, Lu  and
      Liu, Huan",
    editor = "Al-Onaizan, Yaser  and
      Bansal, Mohit  and
      Chen, Yun-Nung",
    booktitle = "Proceedings of the 2024 Conference on Empirical Methods in Natural Language Processing",
    month = nov,
    year = "2024",
    address = "Miami, Florida, USA",
    publisher = "Association for Computational Linguistics",
    url = "https://aclanthology.org/2024.emnlp-main.54",
    doi = "10.18653/v1/2024.emnlp-main.54",
    pages = "930--957"
}

@inproceedings{peng-etal-2024-incubating,
    title = "Incubating Text Classifiers Following User Instruction with Nothing but {LLM}",
    author = "Peng, Letian  and
      Wang, Zilong  and
      Shang, Jingbo",
    editor = "Al-Onaizan, Yaser  and
      Bansal, Mohit  and
      Chen, Yun-Nung",
    booktitle = "Proceedings of the 2024 Conference on Empirical Methods in Natural Language Processing",
    month = nov,
    year = "2024",
    address = "Miami, Florida, USA",
    publisher = "Association for Computational Linguistics",
    url = "https://aclanthology.org/2024.emnlp-main.220",
    doi = "10.18653/v1/2024.emnlp-main.220",
    pages = "3753--3766"
}

@inproceedings{zhang-etal-2024-mgte,
    title = "{mGTE}: Generalized Long-Context Text Representation and Reranking Models for Multilingual Text Retrieval",
    author = "Zhang, Xin  and
      Zhang, Yanzhao  and
      Long, Dingkun  and
      Xie, Wen  and
      Dai, Ziqi  and
      Tang, Jialong  and
      Lin, Huan  and
      Yang, Baosong  and
      Xie, Pengjun  and
      Huang, Fei  and
      Zhang, Meishan  and
      Li, Wenjie  and
      Zhang, Min",
    editor = "Dernoncourt, Franck  and
      Preo{\c{t}}iuc-Pietro, Daniel  and
      Shimorina, Anastasia",
    booktitle = "Proceedings of the 2024 Conference on Empirical Methods in Natural Language Processing: Industry Track",
    month = nov,
    year = "2024",
    address = "Miami, Florida, US",
    publisher = "Association for Computational Linguistics",
    url = "https://aclanthology.org/2024.emnlp-industry.103",
    doi = "10.18653/v1/2024.emnlp-industry.103",
    pages = "1393--1412"
}

@inproceedings{devlin-etal-2019-bert,
    title = "{BERT}: Pre-training of Deep Bidirectional Transformers for Language Understanding",
    author = "Devlin, Jacob  and
      Chang, Ming-Wei  and
      Lee, Kenton  and
      Toutanova, Kristina",
    editor = "Burstein, Jill  and
      Doran, Christy  and
      Solorio, Thamar",
    booktitle = "Proceedings of the 2019 Conference of the North {A}merican Chapter of the Association for Computational Linguistics: Human Language Technologies, Volume 1 (Long and Short Papers)",
    month = jun,
    year = "2019",
    address = "Minneapolis, Minnesota",
    publisher = "Association for Computational Linguistics",
    url = "https://aclanthology.org/N19-1423",
    doi = "10.18653/v1/N19-1423",
    pages = "4171--4186"
}

@misc{qwen2.5,
    title = {Qwen2.5: A Party of Foundation Models},
    url = {https://qwenlm.github.io/blog/qwen2.5/},
    author = {Qwen Team},
    month = {September},
    year = {2024}
}
@article{qwen2,
  title={Qwen2 technical report},
  author={Yang, An and Yang, Baosong and Hui, Binyuan and Zheng, Bo and Yu, Bowen and Zhou, Chang and Li, Chengpeng and Li, Chengyuan and Liu, Dayiheng and Huang, Fei and others},
  journal={arXiv preprint arXiv:2407.10671},
  year={2024}
}

@inproceedings{kmainasi2024native,
  title={Native vs non-native language prompting: A comparative analysis},
  author={Kmainasi, Mohamed Bayan and Khan, Rakif and Shahroor, Ali Ezzat and Bendou, Boushra and Hasanain, Maram and Alam, Firoj},
  booktitle={International Conference on Web Information Systems Engineering},
  pages={406--420},
  year={2024},
  organization={Springer}
}

@article{aryabumi2024aya,
  title={Aya 23: Open weight releases to further multilingual progress},
  author={Aryabumi, Viraat and Dang, John and Talupuru, Dwarak and Dash, Saurabh and Cairuz, David and Lin, Hangyu and Venkitesh, Bharat and Smith, Madeline and Campos, Jon Ander and Tan, Yi Chern and others},
  journal={arXiv preprint arXiv:2405.15032},
  year={2024}
}

@article{dang2024aya,
  title={Aya Expanse: Combining Research Breakthroughs for a New Multilingual Frontier},
  author={Dang, John and Singh, Shivalika and D'souza, Daniel and Ahmadian, Arash and Salamanca, Alejandro and Smith, Madeline and Peppin, Aidan and Hong, Sungjin and Govindassamy, Manoj and Zhao, Terrence and others},
  journal={arXiv preprint arXiv:2412.04261},
  year={2024}
}

@article{achiam2023gpt,
  title={Gpt-4 technical report},
  author={Achiam, Josh and Adler, Steven and Agarwal, Sandhini and Ahmad, Lama and Akkaya, Ilge and Aleman, Florencia Leoni and Almeida, Diogo and Altenschmidt, Janko and Altman, Sam and Anadkat, Shyamal and others},
  journal={arXiv preprint arXiv:2303.08774},
  year={2023}
}

@inproceedings{jin2024better,
  title={Better to ask in English: Cross-lingual evaluation of large language models for healthcare queries},
  author={Jin, Yiqiao and Chandra, Mohit and Verma, Gaurav and Hu, Yibo and De Choudhury, Munmun and Kumar, Srijan},
  booktitle={Proceedings of the ACM on Web Conference 2024},
  pages={2627--2638},
  year={2024}
}