@article{butt2018hybrid,
  title={Hybrid phased-MIMO radar: A novel approach with optimal performance under electronic countermeasures},
  author={Butt, Faran Awais and Naqvi, Ijaz Haider and Riaz, Usman},
  journal={IEEE Communications Letters},
  volume={22},
  number={6},
  pages={1184--1187},
  year={2018},
  publisher={IEEE}
}

@article{chen2020improved,
  title={Improved baselines with momentum contrastive learning},
  author={Chen, Xinlei and Fan, Haoqi and Girshick, Ross and He, Kaiming},
  journal={arXiv preprint arXiv:2003.04297},
  year={2020}
}

@inproceedings{chen2020simple,
  title={A simple framework for contrastive learning of visual representations},
  author={Chen, Ting and Kornblith, Simon and Norouzi, Mohammad and Hinton, Geoffrey},
  booktitle={International conference on machine learning},
  pages={1597--1607},
  year={2020},
  organization={PMLR}
}

@article{chen2021signet,
  title={SigNet: A novel deep learning framework for radio signal classification},
  author={Chen, Zhuangzhi and Cui, Hui and Xiang, Jingyang and Qiu, Kunfeng and Huang, Liang and Zheng, Shilian and Chen, Shichuan and Xuan, Qi and Yang, Xiaoniu},
  journal={IEEE Transactions on Cognitive Communications and Networking},
  volume={8},
  number={2},
  pages={529--541},
  year={2021},
  publisher={IEEE}
}

@article{devlin2018bert,
  title={Bert: Pre-training of deep bidirectional transformers for language understanding},
  author={Devlin, Jacob},
  journal={arXiv preprint arXiv:1810.04805},
  year={2018}
}

@inproceedings{ding2022data,
  title={Data-and-knowledge dual-driven automatic modulation recognition for wireless communication networks},
  author={Ding, Rui and Zhang, Hao and Zhou, Fuhui and Wu, Qihui and Han, Zhu},
  booktitle={ICC 2022-IEEE international conference on communications},
  pages={1962--1967},
  year={2022},
  organization={IEEE}
}

@article{eldele2021time,
  title={Time-series representation learning via temporal and contextual contrasting},
  author={Eldele, Emadeldeen and Ragab, Mohamed and Chen, Zhenghua and Wu, Min and Kwoh, Chee Keong and Li, Xiaoli and Guan, Cuntai},
  journal={arXiv preprint arXiv:2106.14112},
  year={2021}
}

@article{feng2021survey,
  title={A survey of data augmentation approaches for NLP},
  author={Feng, Steven Y and Gangal, Varun and Wei, Jason and Chandar, Sarath and Vosoughi, Soroush and Mitamura, Teruko and Hovy, Eduard},
  journal={arXiv preprint arXiv:2105.03075},
  year={2021}
}

@inproceedings{finn2017model,
  title={Model-agnostic meta-learning for fast adaptation of deep networks},
  author={Finn, Chelsea and Abbeel, Pieter and Levine, Sergey},
  booktitle={International conference on machine learning},
  pages={1126--1135},
  year={2017},
  organization={PMLR}
}

@article{geng2019induction,
  title={Induction networks for few-shot text classification},
  author={Geng, Ruiying and Li, Binhua and Li, Yongbin and Zhu, Xiaodan and Jian, Ping and Sun, Jian},
  journal={arXiv preprint arXiv:1902.10482},
  year={2019}
}

@article{grill2020bootstrap,
  title={Bootstrap your own latent-a new approach to self-supervised learning},
  author={Grill, Jean-Bastien and Strub, Florian and Altch{\'e}, Florent and Tallec, Corentin and Richemond, Pierre and Buchatskaya, Elena and Doersch, Carl and Avila Pires, Bernardo and Guo, Zhaohan and Gheshlaghi Azar, Mohammad and others},
  journal={Advances in neural information processing systems},
  volume={33},
  pages={21271--21284},
  year={2020}
}

@inproceedings{he2022masked,
  title={Masked autoencoders are scalable vision learners},
  author={He, Kaiming and Chen, Xinlei and Xie, Saining and Li, Yanghao and Doll{\'a}r, Piotr and Girshick, Ross},
  booktitle={Proceedings of the IEEE/CVF conference on computer vision and pattern recognition},
  pages={16000--16009},
  year={2022}
}

@inproceedings{heggan2022metaaudio,
  title={Metaaudio: A few-shot audio classification benchmark},
  author={Heggan, Calum and Budgett, Sam and Hospedales, Timothy and Yaghoobi, Mehrdad},
  booktitle={International Conference on Artificial Neural Networks},
  pages={219--230},
  year={2022},
  organization={Springer}
}

@inproceedings{liu2021self,
  title={Self-contrastive learning based semi-supervised radio modulation classification},
  author={Liu, Dongxin and Wang, Peng and Wang, Tianshi and Abdelzaher, Tarek},
  booktitle={MILCOM 2021-2021 IEEE Military Communications Conference (MILCOM)},
  pages={777--782},
  year={2021},
  organization={IEEE}
}

@article{liu2023overcoming,
  title={Overcoming data limitations: a few-shot specific emitter identification method using self-supervised learning and adversarial augmentation},
  author={Liu, Chao and Fu, Xue and Wang, Yu and Guo, Lantu and Liu, Yuchao and Lin, Yun and Zhao, Haitao and Gui, Guan},
  journal={IEEE Transactions on Information Forensics and Security},
  year={2023},
  publisher={IEEE}
}

@inproceedings{long2015fully,
  title={Fully convolutional networks for semantic segmentation},
  author={Long, Jonathan and Shelhamer, Evan and Darrell, Trevor},
  booktitle={Proceedings of the IEEE conference on computer vision and pattern recognition},
  pages={3431--3440},
  year={2015}
}

@inproceedings{maglaras2014intrusion,
  title={Intrusion detection in SCADA systems using machine learning techniques},
  author={Maglaras, Leandros A and Jiang, Jianmin},
  booktitle={2014 science and information conference},
  pages={626--631},
  year={2014},
  organization={IEEE}
}

@inproceedings{niizumi2021byol,
  title={Byol for audio: Self-supervised learning for general-purpose audio representation},
  author={Niizumi, Daisuke and Takeuchi, Daiki and Ohishi, Yasunori and Harada, Noboru and Kashino, Kunio},
  booktitle={2021 International Joint Conference on Neural Networks (IJCNN)},
  pages={1--8},
  year={2021},
  organization={IEEE}
}

@inproceedings{o2016convolutional,
  title={Convolutional radio modulation recognition networks},
  author={Oâ€™Shea, Timothy J and Corgan, Johnathan and Clancy, T Charles},
  booktitle={Engineering Applications of Neural Networks: 17th International Conference, EANN 2016, Aberdeen, UK, September 2-5, 2016, Proceedings 17},
  pages={213--226},
  year={2016},
  organization={Springer}
}

@article{qi2020automatic,
  title={Automatic modulation classification based on deep residual networks with multimodal information},
  author={Qi, Peihan and Zhou, Xiaoyu and Zheng, Shilian and Li, Zan},
  journal={IEEE Transactions on Cognitive Communications and Networking},
  volume={7},
  number={1},
  pages={21--33},
  year={2020},
  publisher={IEEE}
}

@article{rajendran2018deep,
  title={Deep learning models for wireless signal classification with distributed low-cost spectrum sensors},
  author={Rajendran, Sreeraj and Meert, Wannes and Giustiniano, Domenico and Lenders, Vincent and Pollin, Sofie},
  journal={IEEE Transactions on Cognitive Communications and Networking},
  volume={4},
  number={3},
  pages={433--445},
  year={2018},
  publisher={IEEE}
}

@article{tang2018digital,
  title={Digital signal modulation classification with data augmentation using generative adversarial nets in cognitive radio networks},
  author={Tang, Bin and Tu, Ya and Zhang, Zhaoyue and Lin, Yun},
  journal={IEEE Access},
  volume={6},
  pages={15713--15722},
  year={2018},
  publisher={IEEE}
}

@article{van2008electromagnetic,
  title={Electromagnetic interference from radio frequency identification inducing potentially hazardous incidents in critical care medical equipment},
  author={Van der Togt, Remko and Van Lieshout, Erik Jan and Hensbroek, Reinout and Beinat, E and Binnekade, JM and Bakker, PJM},
  journal={Jama},
  volume={299},
  number={24},
  pages={2884--2890},
  year={2008},
  publisher={American Medical Association}
}

@inproceedings{wang2018cyber,
  title={Cyber-attacks related to intelligent electronic devices and their countermeasures: A review},
  author={Wang, Jingyu and Shi, Dongyuan},
  booktitle={2018 53rd International Universities Power Engineering Conference (UPEC)},
  pages={1--6},
  year={2018},
  organization={IEEE}
}

@inproceedings{wang2021few,
  title={Few-shot continual learning for audio classification},
  author={Wang, Yu and Bryan, Nicholas J and Cartwright, Mark and Bello, Juan Pablo and Salamon, Justin},
  booktitle={ICASSP 2021-2021 IEEE International Conference on Acoustics, Speech and Signal Processing (ICASSP)},
  pages={321--325},
  year={2021},
  organization={IEEE}
}

@article{xie2019localization,
  title={Localization and frequency identification of large-range wide-band electromagnetic interference sources in electromagnetic imaging system},
  author={Xie, Shuguo and Wang, Tianheng and Hao, Xuchun and Yang, Meiling and Zhu, Yanju and Li, Yuanyuan},
  journal={Electronics},
  volume={8},
  number={5},
  pages={499},
  year={2019},
  publisher={MDPI}
}

@article{xu2020spatiotemporal,
  title={A spatiotemporal multi-channel learning framework for automatic modulation recognition},
  author={Xu, Jialang and Luo, Chunbo and Parr, Gerard and Luo, Yang},
  journal={IEEE Wireless Communications Letters},
  volume={9},
  number={10},
  pages={1629--1632},
  year={2020},
  publisher={IEEE}
}

@article{yan2018few,
  title={Few-shot learning for short text classification},
  author={Yan, Leiming and Zheng, Yuhui and Cao, Jie},
  journal={Multimedia Tools and Applications},
  volume={77},
  pages={29799--29810},
  year={2018},
  publisher={Springer}
}

@article{zhang2018modulation,
  title={Modulation classification method for frequency modulation signals based on the time--frequency distribution and CNN},
  author={Zhang, Juan and Li, Yong and Yin, Junping},
  journal={IET Radar, Sonar \& Navigation},
  volume={12},
  number={2},
  pages={244--249},
  year={2018},
  publisher={Wiley Online Library}
}

@article{zhang2021efficient,
  title={An efficient deep learning model for automatic modulation recognition based on parameter estimation and transformation},
  author={Zhang, Fuxin and Luo, Chunbo and Xu, Jialang and Luo, Yang},
  journal={IEEE Communications Letters},
  volume={25},
  number={10},
  pages={3287--3290},
  year={2021},
  publisher={IEEE}
}

@article{zhang2021radio,
  title={Radio frequency fingerprint identification for narrowband systems, modelling and classification},
  author={Zhang, Junqing and Woods, Roger and Sandell, Magnus and Valkama, Mikko and Marshall, Alan and Cavallaro, Joseph},
  journal={IEEE Transactions on Information Forensics and Security},
  volume={16},
  pages={3974--3987},
  year={2021},
  publisher={IEEE}
}

@article{zhang2023learning,
  title={Learning with few samples in deep learning for image classification, a mini-review},
  author={Zhang, Rujun and Liu, Qifan},
  journal={Frontiers in Computational Neuroscience},
  volume={16},
  pages={1075294},
  year={2023},
  publisher={Frontiers Media SA}
}

@article{zhu2020swav,
  title={SWAV: a web-based visualization browser for sliding window analysis},
  author={Zhu, Zhenglin and Wang, Yawang and Zhou, Xichuan and Yang, Liuqing and Meng, Geng and Zhang, Ze},
  journal={Scientific Reports},
  volume={10},
  number={1},
  pages={149},
  year={2020},
  publisher={Nature Publishing Group UK London}
}

