
@article{ya2022large,
  title={Large-scale real-world radio signal recognition with deep learning},
  author={Ya, TU and Yun, LIN and Haoran, ZHA and Zhang, Ju and Yu, WANG and Guan, GUI and Shiwen, MAO},
  journal={Chinese Journal of Aeronautics},
  volume={35},
  number={9},
  pages={35--48},
  year={2022},
  publisher={Elsevier}
}

@article{zhang2022deep,
  title={Deep learning based automatic modulation recognition: Models, datasets, and challenges},
  author={Zhang, Fuxin and Luo, Chunbo and Xu, Jialang and Luo, Yang and Zheng, Fu-Chun},
  journal={Digital Signal Processing},
  volume={129},
  pages={103650},
  year={2022},
  publisher={Elsevier}
}

@article{deng2014deep,
  title={Deep learning: methods and applications},
  author={Deng, Li and Yu, Dong and others},
  journal={Foundations and trends{\textregistered} in signal processing},
  volume={7},
  number={3--4},
  pages={197--387},
  year={2014},
  publisher={Now Publishers, Inc.}
}

@inproceedings{he2016deep,
  title={Deep residual learning for image recognition},
  author={He, Kaiming and Zhang, Xiangyu and Ren, Shaoqing and Sun, Jian},
  booktitle={Proceedings of the IEEE conference on computer vision and pattern recognition},
  pages={770--778},
  year={2016}
}

@article{wang2019overview,
  title={An overview of end-to-end automatic speech recognition},
  author={Wang, Dong and Wang, Xiaodong and Lv, Shaohe},
  journal={Symmetry},
  volume={11},
  number={8},
  pages={1018},
  year={2019},
  publisher={MDPI}
}

@article{malik2021automatic,
  title={Automatic speech recognition: a survey},
  author={Malik, Mishaim and Malik, Muhammad Kamran and Mehmood, Khawar and Makhdoom, Imran},
  journal={Multimedia Tools and Applications},
  volume={80},
  pages={9411--9457},
  year={2021},
  publisher={Springer}
}

@article{chowdhary2020natural,
  title={Natural language processing},
  author={Chowdhary, KR1442 and Chowdhary, KR},
  journal={Fundamentals of artificial intelligence},
  pages={603--649},
  year={2020},
  publisher={Springer}
}

@article{khurana2023natural,
  title={Natural language processing: state of the art, current trends and challenges},
  author={Khurana, Diksha and Koli, Aditya and Khatter, Kiran and Singh, Sukhdev},
  journal={Multimedia tools and applications},
  volume={82},
  number={3},
  pages={3713--3744},
  year={2023},
  publisher={Springer}
}

@article{zeng2019spectrum,
  title={Spectrum analysis and convolutional neural network for automatic modulation recognition},
  author={Zeng, Yuan and Zhang, Meng and Han, Fei and Gong, Yi and Zhang, Jin},
  journal={IEEE Wireless Communications Letters},
  volume={8},
  number={3},
  pages={929--932},
  year={2019},
  publisher={IEEE}
}

@inproceedings{karra2017modulation,
  title={Modulation recognition using hierarchical deep neural networks},
  author={Karra, Krishna and Kuzdeba, Scott and Petersen, Josh},
  booktitle={2017 IEEE international symposium on dynamic spectrum access networks (DySPAN)},
  pages={1--3},
  year={2017},
  organization={IEEE}
}

@article{lin2020contour,
  title={Contour stella image and deep learning for signal recognition in the physical layer},
  author={Lin, Yun and Tu, Ya and Dou, Zheng and Chen, Lei and Mao, Shiwen},
  journal={IEEE Transactions on Cognitive Communications and Networking},
  volume={7},
  number={1},
  pages={34--46},
  year={2020},
  publisher={IEEE}
}

@inproceedings{li2020adversarial,
  title={Adversarial feature hallucination networks for few-shot learning},
  author={Li, Kai and Zhang, Yulun and Li, Kunpeng and Fu, Yun},
  booktitle={Proceedings of the IEEE/CVF conference on computer vision and pattern recognition},
  pages={13470--13479},
  year={2020}
}

@inproceedings{finn2017model,
  title={Model-agnostic meta-learning for fast adaptation of deep networks},
  author={Finn, Chelsea and Abbeel, Pieter and Levine, Sergey},
  booktitle={International conference on machine learning},
  pages={1126--1135},
  year={2017},
  organization={PMLR}
}

@article{snell2017prototypical,
  title={Prototypical networks for few-shot learning},
  author={Snell, Jake and Swersky, Kevin and Zemel, Richard},
  journal={Advances in neural information processing systems},
  volume={30},
  year={2017}
}

@article{fan2021unsupervised,
  title={Unsupervised visual representation learning via dual-level progressive similar instance selection},
  author={Fan, Hehe and Liu, Ping and Xu, Mingliang and Yang, Yi},
  journal={Ieee transactions on cybernetics},
  volume={52},
  number={9},
  pages={8851--8861},
  year={2021},
  publisher={IEEE}
}

@inproceedings{liu2021self,
  title={Self-contrastive learning based semi-supervised radio modulation classification},
  author={Liu, Dongxin and Wang, Peng and Wang, Tianshi and Abdelzaher, Tarek},
  booktitle={MILCOM 2021-2021 IEEE Military Communications Conference (MILCOM)},
  pages={777--782},
  year={2021},
  organization={IEEE}
}

@inproceedings{chen2020simple,
  title={A simple framework for contrastive learning of visual representations},
  author={Chen, Ting and Kornblith, Simon and Norouzi, Mohammad and Hinton, Geoffrey},
  booktitle={International conference on machine learning},
  pages={1597--1607},
  year={2020},
  organization={PMLR}
}

@article{davaslioglu2022self,
  title={Self-supervised RF signal representation learning for NextG signal classification with deep learning},
  author={Davaslioglu, Kemal and Bozta{\c{s}}, Serdar and Ertem, Mehmet Can and Sagduyu, Yalin E and Ayanoglu, Ender},
  journal={IEEE Wireless Communications Letters},
  volume={12},
  number={1},
  pages={65--69},
  year={2022},
  publisher={IEEE}
}

@inproceedings{he2020momentum,
  title={Momentum contrast for unsupervised visual representation learning},
  author={He, Kaiming and Fan, Haoqi and Wu, Yuxin and Xie, Saining and Girshick, Ross},
  booktitle={Proceedings of the IEEE/CVF conference on computer vision and pattern recognition},
  pages={9729--9738},
  year={2020}
}

@article{chen2023open,
  title={An open-set modulation recognition scheme with deep representation learning},
  author={Chen, Yanghong and Xu, Xiaodong and Qin, Xiaowei},
  journal={IEEE Communications Letters},
  volume={27},
  number={3},
  pages={851--855},
  year={2023},
  publisher={IEEE}
}

@article{qi2020automatic,
  title={Automatic modulation classification based on deep residual networks with multimodal information},
  author={Qi, Peihan and Zhou, Xiaoyu and Zheng, Shilian and Li, Zan},
  journal={IEEE Transactions on Cognitive Communications and Networking},
  volume={7},
  number={1},
  pages={21--33},
  year={2020},
  publisher={IEEE}
}

@article{rajendran2018deep,
  title={Deep learning models for wireless signal classification with distributed low-cost spectrum sensors},
  author={Rajendran, Sreeraj and Meert, Wannes and Giustiniano, Domenico and Lenders, Vincent and Pollin, Sofie},
  journal={IEEE Transactions on Cognitive Communications and Networking},
  volume={4},
  number={3},
  pages={433--445},
  year={2018},
  publisher={IEEE}
}

@article{van2008electromagnetic,
  title={Electromagnetic interference from radio frequency identification inducing potentially hazardous incidents in critical care medical equipment},
  author={Van der Togt, Remko and Van Lieshout, Erik Jan and Hensbroek, Reinout and Beinat, E and Binnekade, JM and Bakker, PJM},
  journal={Jama},
  volume={299},
  number={24},
  pages={2884--2890},
  year={2008},
  publisher={American Medical Association}
}

@article{xie2019localization,
  title={Localization and frequency identification of large-range wide-band electromagnetic interference sources in electromagnetic imaging system},
  author={Xie, Shuguo and Wang, Tianheng and Hao, Xuchun and Yang, Meiling and Zhu, Yanju and Li, Yuanyuan},
  journal={Electronics},
  volume={8},
  number={5},
  pages={499},
  year={2019},
  publisher={MDPI}
}

@inproceedings{long2015fully,
  title={Fully convolutional networks for semantic segmentation},
  author={Long, Jonathan and Shelhamer, Evan and Darrell, Trevor},
  booktitle={Proceedings of the IEEE conference on computer vision and pattern recognition},
  pages={3431--3440},
  year={2015}
}

@inproceedings{wang2018cyber,
  title={Cyber-attacks related to intelligent electronic devices and their countermeasures: A review},
  author={Wang, Jingyu and Shi, Dongyuan},
  booktitle={2018 53rd International Universities Power Engineering Conference (UPEC)},
  pages={1--6},
  year={2018},
  organization={IEEE}
}

@inproceedings{maglaras2014intrusion,
  title={Intrusion detection in SCADA systems using machine learning techniques},
  author={Maglaras, Leandros A and Jiang, Jianmin},
  booktitle={2014 science and information conference},
  pages={626--631},
  year={2014},
  organization={IEEE}
}

@article{butt2018hybrid,
  title={Hybrid phased-MIMO radar: A novel approach with optimal performance under electronic countermeasures},
  author={Butt, Faran Awais and Naqvi, Ijaz Haider and Riaz, Usman},
  journal={IEEE Communications Letters},
  volume={22},
  number={6},
  pages={1184--1187},
  year={2018},
  publisher={IEEE}
}

@article{zhang2021radio,
  title={Radio frequency fingerprint identification for narrowband systems, modelling and classification},
  author={Zhang, Junqing and Woods, Roger and Sandell, Magnus and Valkama, Mikko and Marshall, Alan and Cavallaro, Joseph},
  journal={IEEE Transactions on Information Forensics and Security},
  volume={16},
  pages={3974--3987},
  year={2021},
  publisher={IEEE}
}

@inproceedings{o2016convolutional,
  title={Convolutional radio modulation recognition networks},
  author={Oâ€™Shea, Timothy J and Corgan, Johnathan and Clancy, T Charles},
  booktitle={Engineering Applications of Neural Networks: 17th International Conference, EANN 2016, Aberdeen, UK, September 2-5, 2016, Proceedings 17},
  pages={213--226},
  year={2016},
  organization={Springer}
}

@article{chen2021signet,
  title={SigNet: A novel deep learning framework for radio signal classification},
  author={Chen, Zhuangzhi and Cui, Hui and Xiang, Jingyang and Qiu, Kunfeng and Huang, Liang and Zheng, Shilian and Chen, Shichuan and Xuan, Qi and Yang, Xiaoniu},
  journal={IEEE Transactions on Cognitive Communications and Networking},
  volume={8},
  number={2},
  pages={529--541},
  year={2021},
  publisher={IEEE}
}

@article{xu2020spatiotemporal,
  title={A spatiotemporal multi-channel learning framework for automatic modulation recognition},
  author={Xu, Jialang and Luo, Chunbo and Parr, Gerard and Luo, Yang},
  journal={IEEE Wireless Communications Letters},
  volume={9},
  number={10},
  pages={1629--1632},
  year={2020},
  publisher={IEEE}
}

@inproceedings{ding2022data,
  title={Data-and-knowledge dual-driven automatic modulation recognition for wireless communication networks},
  author={Ding, Rui and Zhang, Hao and Zhou, Fuhui and Wu, Qihui and Han, Zhu},
  booktitle={ICC 2022-IEEE international conference on communications},
  pages={1962--1967},
  year={2022},
  organization={IEEE}
}

@article{zhang2021efficient,
  title={An efficient deep learning model for automatic modulation recognition based on parameter estimation and transformation},
  author={Zhang, Fuxin and Luo, Chunbo and Xu, Jialang and Luo, Yang},
  journal={IEEE Communications Letters},
  volume={25},
  number={10},
  pages={3287--3290},
  year={2021},
  publisher={IEEE}
}

@article{zhang2018modulation,
  title={Modulation classification method for frequency modulation signals based on the time--frequency distribution and CNN},
  author={Zhang, Juan and Li, Yong and Yin, Junping},
  journal={IET Radar, Sonar \& Navigation},
  volume={12},
  number={2},
  pages={244--249},
  year={2018},
  publisher={Wiley Online Library}
}

@article{zhang2023learning,
  title={Learning with few samples in deep learning for image classification, a mini-review},
  author={Zhang, Rujun and Liu, Qifan},
  journal={Frontiers in Computational Neuroscience},
  volume={16},
  pages={1075294},
  year={2023},
  publisher={Frontiers Media SA}
}

@article{geng2019induction,
  title={Induction networks for few-shot text classification},
  author={Geng, Ruiying and Li, Binhua and Li, Yongbin and Zhu, Xiaodan and Jian, Ping and Sun, Jian},
  journal={arXiv preprint arXiv:1902.10482},
  year={2019}
}

@article{yan2018few,
  title={Few-shot learning for short text classification},
  author={Yan, Leiming and Zheng, Yuhui and Cao, Jie},
  journal={Multimedia Tools and Applications},
  volume={77},
  pages={29799--29810},
  year={2018},
  publisher={Springer}
}

@article{feng2021survey,
  title={A survey of data augmentation approaches for NLP},
  author={Feng, Steven Y and Gangal, Varun and Wei, Jason and Chandar, Sarath and Vosoughi, Soroush and Mitamura, Teruko and Hovy, Eduard},
  journal={arXiv preprint arXiv:2105.03075},
  year={2021}
}

@inproceedings{heggan2022metaaudio,
  title={Metaaudio: A few-shot audio classification benchmark},
  author={Heggan, Calum and Budgett, Sam and Hospedales, Timothy and Yaghoobi, Mehrdad},
  booktitle={International Conference on Artificial Neural Networks},
  pages={219--230},
  year={2022},
  organization={Springer}
}

@inproceedings{wang2021few,
  title={Few-shot continual learning for audio classification},
  author={Wang, Yu and Bryan, Nicholas J and Cartwright, Mark and Bello, Juan Pablo and Salamon, Justin},
  booktitle={ICASSP 2021-2021 IEEE International Conference on Acoustics, Speech and Signal Processing (ICASSP)},
  pages={321--325},
  year={2021},
  organization={IEEE}
}

@article{tang2018digital,
  title={Digital signal modulation classification with data augmentation using generative adversarial nets in cognitive radio networks},
  author={Tang, Bin and Tu, Ya and Zhang, Zhaoyue and Lin, Yun},
  journal={IEEE Access},
  volume={6},
  pages={15713--15722},
  year={2018},
  publisher={IEEE}
}


@article{devlin2018bert,
  title={Bert: Pre-training of deep bidirectional transformers for language understanding},
  author={Devlin, Jacob},
  journal={arXiv preprint arXiv:1810.04805},
  year={2018}
}

@inproceedings{he2022masked,
  title={Masked autoencoders are scalable vision learners},
  author={He, Kaiming and Chen, Xinlei and Xie, Saining and Li, Yanghao and Doll{\'a}r, Piotr and Girshick, Ross},
  booktitle={Proceedings of the IEEE/CVF conference on computer vision and pattern recognition},
  pages={16000--16009},
  year={2022}
}

@inproceedings{niizumi2021byol,
  title={Byol for audio: Self-supervised learning for general-purpose audio representation},
  author={Niizumi, Daisuke and Takeuchi, Daiki and Ohishi, Yasunori and Harada, Noboru and Kashino, Kunio},
  booktitle={2021 International Joint Conference on Neural Networks (IJCNN)},
  pages={1--8},
  year={2021},
  organization={IEEE}
}

@article{chen2020improved,
  title={Improved baselines with momentum contrastive learning},
  author={Chen, Xinlei and Fan, Haoqi and Girshick, Ross and He, Kaiming},
  journal={arXiv preprint arXiv:2003.04297},
  year={2020}
}

@article{grill2020bootstrap,
  title={Bootstrap your own latent-a new approach to self-supervised learning},
  author={Grill, Jean-Bastien and Strub, Florian and Altch{\'e}, Florent and Tallec, Corentin and Richemond, Pierre and Buchatskaya, Elena and Doersch, Carl and Avila Pires, Bernardo and Guo, Zhaohan and Gheshlaghi Azar, Mohammad and others},
  journal={Advances in neural information processing systems},
  volume={33},
  pages={21271--21284},
  year={2020}
}

@article{zhu2020swav,
  title={SWAV: a web-based visualization browser for sliding window analysis},
  author={Zhu, Zhenglin and Wang, Yawang and Zhou, Xichuan and Yang, Liuqing and Meng, Geng and Zhang, Ze},
  journal={Scientific Reports},
  volume={10},
  number={1},
  pages={149},
  year={2020},
  publisher={Nature Publishing Group UK London}
}

@article{eldele2021time,
  title={Time-series representation learning via temporal and contextual contrasting},
  author={Eldele, Emadeldeen and Ragab, Mohamed and Chen, Zhenghua and Wu, Min and Kwoh, Chee Keong and Li, Xiaoli and Guan, Cuntai},
  journal={arXiv preprint arXiv:2106.14112},
  year={2021}
}

@article{liu2023overcoming,
  title={Overcoming data limitations: a few-shot specific emitter identification method using self-supervised learning and adversarial augmentation},
  author={Liu, Chao and Fu, Xue and Wang, Yu and Guo, Lantu and Liu, Yuchao and Lin, Yun and Zhao, Haitao and Gui, Guan},
  journal={IEEE Transactions on Information Forensics and Security},
  year={2023},
  publisher={IEEE}
}

@article{ahmed2020k,
  title={The k-means algorithm: A comprehensive survey and performance evaluation},
  author={Ahmed, Mohiuddin and Seraj, Raihan and Islam, Syed Mohammed Shamsul},
  journal={Electronics},
  volume={9},
  number={8},
  pages={1295},
  year={2020},
  publisher={MDPI}
}

@book{rao2011fast,
  title={Fast Fourier transform-algorithms and applications},
  author={Rao, Kamisetty Ramamohan and Kim, Do Nyeon and Hwang, Jae Jeong},
  year={2011},
  publisher={Springer Science \& Business Media}
}

@article{maleki2012space,
  title={Space modulation with CSI: Constellation design and performance evaluation},
  author={Maleki, Mehdi and Bahrami, Hamid Reza and Beygi, Sajjad and Kafashan, Mohammadmehdi and Tran, Nghi H},
  journal={IEEE Transactions on Vehicular Technology},
  volume={62},
  number={4},
  pages={1623--1634},
  year={2012},
  publisher={IEEE}
}

@article{qi2020small,
  title={Small data challenges in big data era: A survey of recent progress on unsupervised and semi-supervised methods},
  author={Qi, Guo-Jun and Luo, Jiebo},
  journal={IEEE Transactions on Pattern Analysis and Machine Intelligence},
  volume={44},
  number={4},
  pages={2168--2187},
  year={2020},
  publisher={IEEE}
}

@article{zhu2005semi,
  title={Semi-supervised learning literature survey},
  author={Zhu, Xiaojin Jerry},
  year={2005},
  publisher={University of Wisconsin-Madison Department of Computer Sciences}
}

@article{liu2014multidimensional,
  title={Multidimensional optimal signal constellation sets and symbol mappings for block-interleaved coded-modulation enabling ultrahigh-speed optical transport},
  author={Liu, Tao and Djordjevic, Ivan B},
  journal={IEEE Photonics Journal},
  volume={6},
  number={4},
  pages={1--14},
  year={2014},
  publisher={IEEE}
}

@inproceedings{o2016radio,
  title={Radio machine learning dataset generation with gnu radio},
  author={O'shea, Timothy J and West, Nathan},
  booktitle={Proceedings of the GNU Radio Conference},
  volume={1},
  number={1},
  year={2016}
}

@article{blossom2004gnu,
  title={GNU radio: tools for exploring the radio frequency spectrum},
  author={Blossom, Eric},
  journal={Linux journal},
  volume={2004},
  number={122},
  pages={4},
  year={2004},
  publisher={Belltown Media Houston, TX}
}

@article{zhang2022self,
  title={Self-supervised contrastive pre-training for time series via time-frequency consistency},
  author={Zhang, Xiang and Zhao, Ziyuan and Tsiligkaridis, Theodoros and Zitnik, Marinka},
  journal={Advances in Neural Information Processing Systems},
  volume={35},
  pages={3988--4003},
  year={2022}
}

@article{haarnoja2018soft,
  title={Soft actor-critic algorithms and applications},
  author={Haarnoja, Tuomas and Zhou, Aurick and Hartikainen, Kristian and Tucker, George and Ha, Sehoon and Tan, Jie and Kumar, Vikash and Zhu, Henry and Gupta, Abhishek and Abbeel, Pieter and others},
  journal={arXiv preprint arXiv:1812.05905},
  year={2018}
}

@article{zha2024few,
  title={A Few-Shot Modulation Recognition Method Based on Multi-Modal Feature Fusion},
  author={Zha, Yanping and Wang, Hongjun and Shen, Zhexian and Wang, Jiangzhou},
  journal={IEEE Transactions on Vehicular Technology},
  year={2024},
  publisher={IEEE}
}


@article{ding2018amateur,
  title={An amateur drone surveillance system based on the cognitive Internet of Things},
  author={Ding, Guoru and Wu, Qihui and Zhang, Linyuan and Lin, Yun and Tsiftsis, Theodoros A and Yao, Yu-Dong},
  journal={IEEE Communications Magazine},
  volume={56},
  number={1},
  pages={29--35},
  year={2018},
  publisher={IEEE}
}

@article{tu2018semi,
  title={Semi-Supervised Learning with Generative Adversarial Networks on Digital Signal Modulation Classification.},
  author={Tu, Ya and Lin, Yun and Wang, Jin and Kim, Jeong-Uk},
  journal={Computers, Materials \& Continua},
  volume={55},
  number={2},
  year={2018}
}

@article{lu2024generic,
  title={A Generic Layer Pruning Method for Signal Modulation Recognition Deep Learning Models},
  author={Lu, Yao and Zhu, Yutao and Li, Yuqi and Xu, Dongwei and Lin, Yun and Xuan, Qi and Yang, Xiaoniu},
  journal={arXiv preprint arXiv:2406.07929},
  year={2024}
}

@article{wang2019data,
  title={Data-driven deep learning for automatic modulation recognition in cognitive radios},
  author={Wang, Yu and Liu, Miao and Yang, Jie and Gui, Guan},
  journal={IEEE Transactions on Vehicular Technology},
  volume={68},
  number={4},
  pages={4074--4077},
  year={2019},
  publisher={IEEE}
}

@inproceedings{yue2022ts2vec,
  title={Ts2vec: Towards universal representation of time series},
  author={Yue, Zhihan and Wang, Yujing and Duan, Juanyong and Yang, Tianmeng and Huang, Congrui and Tong, Yunhai and Xu, Bixiong},
  booktitle={Proceedings of the AAAI Conference on Artificial Intelligence},
  volume={36},
  number={8},
  pages={8980--8987},
  year={2022}
}


@article{cheng2023disentangled,
  title={Disentangled feature representation for few-shot image classification},
  author={Cheng, Hao and Wang, Yufei and Li, Haoliang and Kot, Alex C and Wen, Bihan},
  journal={IEEE transactions on neural networks and learning systems},
  year={2023},
  publisher={IEEE}
}

@article{su2024semantic,
  title={A semantic-consistent few-shot modulation recognition framework for IoT applications},
  author={Su, Jie and Sun, Peng and Jiang, Yuting and Wen, Zhenyu and Guo, Fangda and Wu, Yiming and Hong, Zhen and Duan, Haoran and Huang, Yawen and Ranjan, Rajiv and others},
  journal={IEEE Transactions on Neural Networks and Learning Systems},
  year={2024},
  publisher={IEEE}
}

