@inproceedings{DBLP:conf/cav/ChakarovS13,
	author       = {Aleksandar Chakarov and
	Sriram Sankaranarayanan},
	title        = {Probabilistic Program Analysis with Martingales},
	booktitle    = {{CAV}},
	series       = {Lecture Notes in Computer Science},
	volume       = {8044},
	pages        = {511--526},
	publisher    = {Springer},
	year         = {2013},
	url          = {https://doi.org/10.1007/978-3-642-39799-8\_34},
	doi          = {10.1007/978-3-642-39799-8\_34},
	timestamp    = {Wed, 07 Dec 2022 23:12:58 +0100},
	biburl       = {https://dblp.org/rec/conf/cav/ChakarovS13.bib},
	bibsource    = {dblp computer science bibliography, https://dblp.org}
}

@inproceedings{DBLP:conf/cav/ChatterjeeFG16,
    author       = {Krishnendu Chatterjee and
    Hongfei Fu and
    Amir Kafshdar Goharshady},
    title        = {Termination Analysis of Probabilistic Programs Through Positivstellensatz's},
    booktitle    = {{CAV} {(1)}},
    series       = {Lecture Notes in Computer Science},
    volume       = {9779},
    pages        = {3--22},
    publisher    = {Springer},
    year         = {2016},
    url          = {https://doi.org/10.1007/978-3-319-41528-4\_1},
    doi          = {10.1007/978-3-319-41528-4\_1},
    timestamp    = {Thu, 23 Jun 2022 19:58:07 +0200},
    biburl       = {https://dblp.org/rec/conf/cav/ChatterjeeFG16.bib},
    bibsource    = {dblp computer science bibliography, https://dblp.org}
}

@inproceedings{DBLP:conf/cav/ChatterjeeGMZ22,
    author       = {Krishnendu Chatterjee and
    Amir Kafshdar Goharshady and
    Tobias Meggendorfer and
    Dorde Zikelic},
    title        = {Sound and Complete Certificates for Quantitative Termination Analysis
    of Probabilistic Programs},
    booktitle    = {{CAV} {(1)}},
    series       = {Lecture Notes in Computer Science},
    volume       = {13371},
    pages        = {55--78},
    publisher    = {Springer},
    year         = {2022},
    url          = {https://doi.org/10.1007/978-3-031-13185-1\_4},
    doi          = {10.1007/978-3-031-13185-1\_4},
    timestamp    = {Tue, 09 Aug 2022 17:05:51 +0200},
    biburl       = {https://dblp.org/rec/conf/cav/ChatterjeeGMZ22.bib},
    bibsource    = {dblp computer science bibliography, https://dblp.org}
}

@inproceedings{DBLP:conf/cav/GehrMV16,
    author       = {Timon Gehr and
    Sasa Misailovic and
    Martin T. Vechev},
    title        = {{PSI:} Exact Symbolic Inference for Probabilistic Programs},
    booktitle    = {{CAV} {(1)}},
    series       = {Lecture Notes in Computer Science},
    volume       = {9779},
    pages        = {62--83},
    publisher    = {Springer},
    year         = {2016},
    doi          = {10.1007/978-3-319-41528-4\_4},
}

@inproceedings{DBLP:conf/lics/KaminskiK17,
	author       = {Benjamin Lucien Kaminski and
	Joost{-}Pieter Katoen},
	title        = {A weakest pre-expectation semantics for mixed-sign expectations},
	booktitle    = {32nd Annual {ACM/IEEE} Symposium on Logic in Computer Science, {LICS}
	2017, Reykjavik, Iceland, June 20-23, 2017},
	pages        = {1--12},
	publisher    = {{IEEE} Computer Society},
	year         = {2017},
	url          = {https://doi.org/10.1109/LICS.2017.8005153},
	doi          = {10.1109/LICS.2017.8005153},
	timestamp    = {Fri, 24 Mar 2023 00:01:50 +0100},
	biburl       = {https://dblp.org/rec/conf/lics/KaminskiK17.bib},
	bibsource    = {dblp computer science bibliography, https://dblp.org}
}

@inproceedings{DBLP:conf/pldi/BeutnerOZ22,
    author       = {Raven Beutner and
    C.{-}H. Luke Ong and
    Fabian Zaiser},
    title        = {Guaranteed bounds for posterior inference in universal probabilistic
    programming},
    booktitle    = {{PLDI}},
    pages        = {536--551},
    publisher    = {{ACM}},
    year         = {2022},
    url          = {https://doi.org/10.1145/3519939.3523721},
    doi          = {10.1145/3519939.3523721},
    timestamp    = {Sun, 19 Jan 2025 13:10:48 +0100},
    biburl       = {https://dblp.org/rec/conf/pldi/BeutnerOZ22.bib},
    bibsource    = {dblp computer science bibliography, https://dblp.org}
}

@inproceedings{DBLP:conf/pldi/GehrSV20,
    author       = {Timon Gehr and
    Samuel Steffen and
    Martin T. Vechev},
    title        = {{\(\lambda\)}PSI: exact inference for higher-order probabilistic programs},
    booktitle    = {{PLDI}},
    pages        = {883--897},
    publisher    = {{ACM}},
    year         = {2020},
    doi          = {10.1145/3385412.3386006},
}

@inproceedings{DBLP:conf/pldi/SaadRM21,
	author       = {Feras A. Saad and
    Martin C. Rinard and
    Vikash K. Mansinghka},
    title        = {{SPPL:} probabilistic programming with fast exact symbolic inference},
    booktitle    = {{PLDI}},
    pages        = {804--819},
    publisher    = {{ACM}},
    year         = {2021},
	url          = {https://doi.org/10.1145/3453483.3454078},
	doi          = {10.1145/3453483.3454078},
	timestamp    = {Tue, 07 May 2024 20:09:48 +0200},
	biburl       = {https://dblp.org/rec/conf/pldi/SaadRM21.bib},
	bibsource    = {dblp computer science bibliography, https://dblp.org}
}

@inproceedings{DBLP:conf/pldi/SankaranarayananCG13,
	author       = {Sriram Sankaranarayanan and
    Aleksandar Chakarov and
    Sumit Gulwani},
    title        = {Static analysis for probabilistic programs: inferring whole program
    properties from finitely many paths},
    booktitle    = {{PLDI}},
    pages        = {447--458},
    publisher    = {{ACM}},
    year         = {2013},
	url          = {https://doi.org/10.1145/2491956.2462179},
	doi          = {10.1145/2491956.2462179},
	timestamp    = {Fri, 06 Sep 2019 10:57:12 +0200},
	biburl       = {https://dblp.org/rec/conf/pldi/SankaranarayananCG13.bib},
	bibsource    = {dblp computer science bibliography, https://dblp.org}
}

@inproceedings{DBLP:conf/pldi/Wang0GCQS19,
    author       = {Peixin Wang and
    Hongfei Fu and
    Amir Kafshdar Goharshady and
    Krishnendu Chatterjee and
    Xudong Qin and
    Wenjun Shi},
    title        = {Cost analysis of nondeterministic probabilistic programs},
    booktitle    = {{PLDI}},
    pages        = {204--220},
    publisher    = {{ACM}},
    year         = {2019},
    doi          = {10.1145/3314221.3314581},
}

@inproceedings{DBLP:conf/pldi/Wang0R21,
	author       = {Di Wang and
    Jan Hoffmann and
    Thomas W. Reps},
    title        = {Central moment analysis for cost accumulators in probabilistic programs},
    booktitle    = {{PLDI}},
    pages        = {559--573},
    publisher    = {{ACM}},
    year         = {2021},
	url          = {https://doi.org/10.1145/3453483.3454062},
	doi          = {10.1145/3453483.3454062},
	timestamp    = {Wed, 07 Dec 2022 23:09:16 +0100},
	biburl       = {https://dblp.org/rec/conf/pldi/Wang0R21.bib},
	bibsource    = {dblp computer science bibliography, https://dblp.org}
}

@inproceedings{DBLP:conf/pldi/WangS0CG21,
	author       = {Jinyi Wang and
    Yican Sun and
    Hongfei Fu and
    Krishnendu Chatterjee and
    Amir Kafshdar Goharshady},
    title        = {Quantitative analysis of assertion violations in probabilistic programs},
    booktitle    = {{PLDI}},
    pages        = {1171--1186},
    publisher    = {{ACM}},
    year         = {2021},
	url          = {https://doi.org/10.1145/3453483.3454102},
	doi          = {10.1145/3453483.3454102},
	timestamp    = {Thu, 23 Jun 2022 19:57:48 +0200},
	biburl       = {https://dblp.org/rec/conf/pldi/WangS0CG21.bib},
	bibsource    = {dblp computer science bibliography, https://dblp.org}
}

@inproceedings{DBLP:conf/popl/ChatterjeeFNH16,
    author       = {Krishnendu Chatterjee and
    Hongfei Fu and
    Petr Novotn{\'{y}} and
    Rouzbeh Hasheminezhad},
    title        = {Algorithmic analysis of qualitative and quantitative termination problems
    for affine probabilistic programs},
    booktitle    = {{POPL}},
    pages        = {327--342},
    publisher    = {{ACM}},
    year         = {2016},
    url          = {https://doi.org/10.1145/2837614.2837639},
    doi          = {10.1145/2837614.2837639},
    timestamp    = {Thu, 23 Jun 2022 19:59:03 +0200},
    biburl       = {https://dblp.org/rec/conf/popl/ChatterjeeFNH16.bib},
    bibsource    = {dblp computer science bibliography, https://dblp.org}
}

@inproceedings{DBLP:conf/popl/ChatterjeeNZ17,
    author       = {Krishnendu Chatterjee and
    Petr Novotn{\'{y}} and
    Dorde Zikelic},
    title        = {Stochastic invariants for probabilistic termination},
    booktitle    = {{POPL}},
    pages        = {145--160},
    publisher    = {{ACM}},
    year         = {2017},
    url          = {https://doi.org/10.1145/3009837.3009873},
    doi          = {10.1145/3009837.3009873},
    timestamp    = {Mon, 05 Feb 2024 20:33:37 +0100},
    biburl       = {https://dblp.org/rec/conf/popl/ChatterjeeNZ17.bib},
    bibsource    = {dblp computer science bibliography, https://dblp.org}
}

@inproceedings{DBLP:conf/sas/ChakarovS14,
	author       = {Aleksandar Chakarov and
	Sriram Sankaranarayanan},
	title        = {Expectation Invariants for Probabilistic Program Loops as Fixed Points},
	booktitle    = {{SAS}},
	series       = {Lecture Notes in Computer Science},
	volume       = {8723},
	pages        = {85--100},
	publisher    = {Springer},
	year         = {2014},
	url          = {https://doi.org/10.1007/978-3-319-10936-7\_6},
	doi          = {10.1007/978-3-319-10936-7\_6},
	timestamp    = {Fri, 06 Sep 2019 10:57:13 +0200},
	biburl       = {https://dblp.org/rec/conf/sas/ChakarovS14.bib},
	bibsource    = {dblp computer science bibliography, https://dblp.org}
}

@inproceedings{DBLP:conf/setss/SzymczakK19,
    author       = {Marcin Szymczak and
    Joost{-}Pieter Katoen},
    title        = {Weakest Preexpectation Semantics for Bayesian Inference - Conditioning,
    Continuous Distributions and Divergence},
    booktitle    = {{SETSS}},
    series       = {Lecture Notes in Computer Science},
    volume       = {12154},
    pages        = {44--121},
    publisher    = {Springer},
    year         = {2019},
    doi          = {10.1007/978-3-030-55089-9\_3},
}

@article{DBLP:journals/fmsd/MoosbruggerBKK22,
	author       = {Marcel Moosbrugger and
	Ezio Bartocci and
	Joost{-}Pieter Katoen and
	Laura Kov{\'{a}}cs},
	title        = {The probabilistic termination tool amber},
	journal      = {Formal Methods Syst. Des.},
	volume       = {61},
	number       = {1},
	pages        = {90--109},
	year         = {2022},
	url          = {https://doi.org/10.1007/s10703-023-00424-z},
	doi          = {10.1007/S10703-023-00424-Z},
	timestamp    = {Sat, 08 Jun 2024 13:16:18 +0200},
	biburl       = {https://dblp.org/rec/journals/fmsd/MoosbruggerBKK22.bib},
	bibsource    = {dblp computer science bibliography, https://dblp.org}
}

@article{DBLP:journals/isse/HuangDM22,
	author       = {Zixin Huang and
	Saikat Dutta and
	Sasa Misailovic},
	title        = {Automated quantized inference for probabilistic programs with {AQUA}},
	journal      = {Innov. Syst. Softw. Eng.},
	volume       = {18},
	number       = {3},
	pages        = {369--384},
	year         = {2022},
        doi          = {10.1007/S11334-021-00433-3}
}

@article{DBLP:journals/pacmpl/AgrawalC018,
	author       = {Sheshansh Agrawal and
	Krishnendu Chatterjee and
	Petr Novotn{\'{y}}},
	title        = {Lexicographic ranking supermartingales: an efficient approach to termination
	of probabilistic programs},
	journal      = {Proc. {ACM} Program. Lang.},
	volume       = {2},
	number       = {{POPL}},
	pages        = {34:1--34:32},
	year         = {2018},
	url          = {https://doi.org/10.1145/3158122},
	doi          = {10.1145/3158122},
	timestamp    = {Wed, 17 Feb 2021 08:53:59 +0100},
	biburl       = {https://dblp.org/rec/journals/pacmpl/AgrawalC018.bib},
	bibsource    = {dblp computer science bibliography, https://dblp.org}
}

@article{DBLP:journals/pacmpl/AlbarghouthiDDN17,
	author       = {Aws Albarghouthi and
	Loris D'Antoni and
	Samuel Drews and
	Aditya V. Nori},
	title        = {FairSquare: probabilistic verification of program fairness},
	journal      = {Proc. {ACM} Program. Lang.},
	volume       = {1},
	number       = {{OOPSLA}},
	pages        = {80:1--80:30},
	year         = {2017},
	url          = {https://doi.org/10.1145/3133904},
	doi          = {10.1145/3133904},
	timestamp    = {Wed, 17 Feb 2021 08:54:10 +0100},
	biburl       = {https://dblp.org/rec/journals/pacmpl/AlbarghouthiDDN17.bib},
	bibsource    = {dblp computer science bibliography, https://dblp.org}
}

@article{DBLP:journals/pacmpl/ChatterjeeGNZ24,
    author       = {Krishnendu Chatterjee and
    Ehsan Kafshdar Goharshady and
    Petr Novotn{\'{y}} and
    Dorde Zikelic},
    title        = {Equivalence and Similarity Refutation for Probabilistic Programs},
    journal      = {Proc. {ACM} Program. Lang.},
    volume       = {8},
    number       = {{PLDI}},
    pages        = {2098--2122},
    year         = {2024},
    url          = {https://doi.org/10.1145/3656462},
    doi          = {10.1145/3656462},
    timestamp    = {Sun, 19 Jan 2025 14:47:53 +0100},
    biburl       = {https://dblp.org/rec/journals/pacmpl/ChatterjeeGNZ24.bib},
    bibsource    = {dblp computer science bibliography, https://dblp.org}
}

@article{DBLP:journals/pacmpl/GargHBM24,
    author       = {Poorva Garg and
    Steven Holtzen and
    Guy Van den Broeck and
    Todd D. Millstein},
    title        = {Bit Blasting Probabilistic Programs},
    journal      = {Proc. {ACM} Program. Lang.},
    volume       = {8},
    number       = {{PLDI}},
    pages        = {865--888},
    year         = {2024},
    doi          = {10.1145/3656412},
}

@article{DBLP:journals/pacmpl/MoosbruggerSBK22,
	author       = {Marcel Moosbrugger and
	Miroslav Stankovic and
	Ezio Bartocci and
	Laura Kov{\'{a}}cs},
	title        = {This is the moment for probabilistic loops},
	journal      = {Proc. {ACM} Program. Lang.},
	volume       = {6},
	number       = {{OOPSLA2}},
	pages        = {1497--1525},
	year         = {2022},
	url          = {https://doi.org/10.1145/3563341},
	doi          = {10.1145/3563341},
	timestamp    = {Mon, 05 Dec 2022 13:35:13 +0100},
	biburl       = {https://dblp.org/rec/journals/pacmpl/MoosbruggerSBK22.bib},
	bibsource    = {dblp computer science bibliography, https://dblp.org}
}

@article{DBLP:journals/pe/GretzKM14,
  author       = {Friedrich Gretz and
                  Joost{-}Pieter Katoen and
                  Annabelle McIver},
  title        = {Operational versus weakest pre-expectation semantics for the probabilistic
                  guarded command language},
  journal      = {Perform. Evaluation},
  volume       = {73},
  pages        = {110--132},
  year         = {2014},
  url          = {https://doi.org/10.1016/j.peva.2013.11.004},
  doi          = {10.1016/J.PEVA.2013.11.004},
  timestamp    = {Sat, 22 Feb 2020 19:26:03 +0100},
  biburl       = {https://dblp.org/rec/journals/pe/GretzKM14.bib},
  bibsource    = {dblp computer science bibliography, https://dblp.org}
}

@book{DBLP:series/mcs/McIverM05,
	author       = {Annabelle McIver and
	Carroll Morgan},
	title        = {Abstraction, Refinement and Proof for Probabilistic Systems},
	series       = {Monographs in Computer Science},
	publisher    = {Springer},
	year         = {2005},
	url          = {https://doi.org/10.1007/b138392},
	doi          = {10.1007/B138392},
	isbn         = {978-0-387-40115-7},
	timestamp    = {Tue, 16 May 2017 14:24:21 +0200},
	biburl       = {https://dblp.org/rec/series/mcs/McIverM05.bib},
	bibsource    = {dblp computer science bibliography, https://dblp.org}
}

@inproceedings{narayanan2016probabilistic,
    author       = {Praveen Narayanan and
    Jacques Carette and
    Wren Romano and
    Chung{-}chieh Shan and
    Robert Zinkov},
    title        = {Probabilistic Inference by Program Transformation in Hakaru (System
    Description)},
    booktitle    = {{FLOPS}},
    series       = {Lecture Notes in Computer Science},
    volume       = {9613},
    pages        = {62--79},
    publisher    = {Springer},
    year         = {2016},
    url          = {https://doi.org/10.1007/978-3-319-29604-3\_5},
    doi          = {10.1007/978-3-319-29604-3\_5},
    timestamp    = {Sun, 02 Jun 2019 21:12:36 +0200},
    biburl       = {https://dblp.org/rec/conf/flops/NarayananCRSZ16.bib},
    bibsource    = {dblp computer science bibliography, https://dblp.org}
}

@article{wang2024static,
	title={Static Posterior Inference of Bayesian Probabilistic Programming via Polynomial Solving},
	author={Wang, Peixin and Yang, Tengshun and Fu, Hongfei and Li, Guanyan and Ong, C-H Luke},
	journal={Proceedings of the ACM on Programming Languages},
	volume={8},
	number={PLDI},
	pages={1361--1386},
	year={2024},
	publisher={ACM New York, NY, USA},
        doi          = {10.1145/3656432},
}

