@article{arxiv,
    author       = {Kevin Batz and
    Joost-Pieter Katoen and
    Francesca Randone and
    Tobias Winkler},
    title        = {Foundations for Deductive Verification of Continuous Probabilistic Programs: From Riemann to Lebesgue and Back},
    journal      = {CoRR},
    volume       = {abs/???TODO???},
    year         = {2025}
}

@software{zenodo,
    author       = {Batz, Kevin and
    Randone, Francesca and
    Winkler, Tobias},
    title        = {Artifact for Paper Foundations for Deductive
    Verification of Continuous Probabilistic Programs
    },
    month        = feb,
    year         = 2025,
    publisher    = {Zenodo},
    doi          = {10.5281/zenodo.14930103},
    url          = {https://doi.org/10.5281/zenodo.14930103},
}

@article{DBLP:journals/pacmpl/BatzKKMN19,
    author       = {Kevin Batz and
    Benjamin Lucien Kaminski and
    Joost{-}Pieter Katoen and
    Christoph Matheja and
    Thomas Noll},
    title        = {Quantitative separation logic: a logic for reasoning about probabilistic
    pointer programs},
    journal      = {Proc. {ACM} Program. Lang.},
    volume       = {3},
    number       = {{POPL}},
    pages        = {34:1--34:29},
    year         = {2019},
    url          = {https://doi.org/10.1145/3290347},
    doi          = {10.1145/3290347},
    timestamp    = {Sun, 19 Jan 2025 14:47:45 +0100},
    biburl       = {https://dblp.org/rec/journals/pacmpl/BatzKKMN19.bib},
    bibsource    = {dblp computer science bibliography, https://dblp.org}
}

@article{DBLP:journals/pacmpl/GargHBM24,
    author       = {Poorva Garg and
    Steven Holtzen and
    Guy Van den Broeck and
    Todd D. Millstein},
    title        = {Bit Blasting Probabilistic Programs},
    journal      = {Proc. {ACM} Program. Lang.},
    volume       = {8},
    number       = {{PLDI}},
    pages        = {865--888},
    year         = {2024},
    doi          = {10.1145/3656412},
}

@misc{dippl,
    title = {{The Design and Implementation of Probabilistic Programming Languages}},
    author = {Goodman, Noah D and Stuhlm\"{u}ller, Andreas},
    year = {2014},
    howpublished = {\url{http://dippl.org}},
    note = {Accessed: 2024-10-15}
}

@inproceedings{DBLP:conf/icse/GordonHNR14,
    author       = {Andrew D. Gordon and
    Thomas A. Henzinger and
    Aditya V. Nori and
    Sriram K. Rajamani},
    title        = {Probabilistic programming},
    booktitle    = {{FOSE}},
    pages        = {167--181},
    publisher    = {{ACM}},
    year         = {2014},
    doi          = {10.1145/2593882.2593900},
}

@inproceedings{DBLP:conf/starai/StuhlmullerG12,
    author       = {Andreas Stuhlm{\"{u}}ller and
    Noah D. Goodman},
    title        = {A Dynamic Programming Algorithm for Inference in Recursive Probabilistic
    Programs},
    booktitle    = {StarAI@UAI},
    year         = {2012}
}

@article{DBLP:journals/pacmpl/BatzBKW24,
    author       = {Kevin Batz and
    Tom Jannik Biskup and
    Joost{-}Pieter Katoen and
    Tobias Winkler},
    title        = {Programmatic Strategy Synthesis: Resolving Nondeterminism in Probabilistic
    Programs},
    journal      = {Proc. {ACM} Program. Lang.},
    volume       = {8},
    number       = {{POPL}},
    pages        = {2792--2820},
    year         = {2024},
    url          = {https://doi.org/10.1145/3632935},
    doi          = {10.1145/3632935},
    timestamp    = {Sun, 19 Jan 2025 14:47:45 +0100},
    biburl       = {https://dblp.org/rec/journals/pacmpl/BatzBKW24.bib},
    bibsource    = {dblp computer science bibliography, https://dblp.org}
}

@article{DBLP:journals/pacmpl/HarkKGK20,
    author       = {Marcel Hark and
    Benjamin Lucien Kaminski and
    J{\"{u}}rgen Giesl and
    Joost{-}Pieter Katoen},
    title        = {Aiming low is harder: induction for lower bounds in probabilistic
    program verification},
    journal      = {Proc. {ACM} Program. Lang.},
    volume       = {4},
    number       = {{POPL}},
    pages        = {37:1--37:28},
    year         = {2020},
    doi          = {10.1145/3371105},
}

@phdthesis{DBLP:phd/dnb/Kaminski19,
    author       = {Benjamin Lucien Kaminski},
    title        = {Advanced weakest precondition calculi for probabilistic programs},
    school       = {{RWTH} Aachen University, Germany},
    year         = {2019},
    doi = {10.18154/RWTH-2019-01829},
    url = {http://publications.rwth-aachen.de/record/755408/files/755408.pdf}
}

@article{DBLP:journals/corr/abs-1809-10756,
    author       = {Jan{-}Willem van de Meent and
    Brooks Paige and
    Hongseok Yang and
    Frank Wood},
    title        = {An Introduction to Probabilistic Programming},
    journal      = {CoRR},
    volume       = {abs/1809.10756},
    year         = {2018},
    url          = {http://arxiv.org/abs/1809.10756},
    eprinttype    = {arXiv},
    eprint       = {1809.10756},
    timestamp    = {Fri, 05 Oct 2018 11:34:52 +0200},
    biburl       = {https://dblp.org/rec/journals/corr/abs-1809-10756.bib},
    bibsource    = {dblp computer science bibliography, https://dblp.org}
}

@article{DBLP:journals/iandc/ItaiR90,
    author       = {Alon Itai and
    Michael Rodeh},
    title        = {Symmetry breaking in distributed networks},
    journal      = {Inf. Comput.},
    volume       = {88},
    number       = {1},
    pages        = {60--87},
    year         = {1990},
    doi          = {10.1016/0890-5401(90)90004-2},
}

@article{DBLP:journals/dam/Karp91,
    author    = {Richard M. Karp},
    title     = {An introduction to randomized algorithms},
    journal   = {Discret. Appl. Math.},
    volume    = {34},
    number    = {1-3},
    pages     = {165--201},
    year      = {1991}
}

@article{dahlqvist2020semantics,
    title={Semantics of probabilistic programming: A gentle introduction},
    author={Dahlqvist, Fredrik and Silva, Alexandra and Kozen, Dexter},
    journal={Foundations of Probabilistic Programming},
    pages={1--42},
    year={2020},
    publisher={Cambridge University Press}
}



@inproceedings{DBLP:conf/pldi/Wang0GCQS19,
    author       = {Peixin Wang and
    Hongfei Fu and
    Amir Kafshdar Goharshady and
    Krishnendu Chatterjee and
    Xudong Qin and
    Wenjun Shi},
    title        = {Cost analysis of nondeterministic probabilistic programs},
    booktitle    = {{PLDI}},
    pages        = {204--220},
    publisher    = {{ACM}},
    year         = {2019},
    doi          = {10.1145/3314221.3314581},
}

@inproceedings{DBLP:conf/popl/ChatterjeeFNH16,
    author       = {Krishnendu Chatterjee and
    Hongfei Fu and
    Petr Novotn{\'{y}} and
    Rouzbeh Hasheminezhad},
    title        = {Algorithmic analysis of qualitative and quantitative termination problems
    for affine probabilistic programs},
    booktitle    = {{POPL}},
    pages        = {327--342},
    publisher    = {{ACM}},
    year         = {2016},
    url          = {https://doi.org/10.1145/2837614.2837639},
    doi          = {10.1145/2837614.2837639},
    timestamp    = {Thu, 23 Jun 2022 19:59:03 +0200},
    biburl       = {https://dblp.org/rec/conf/popl/ChatterjeeFNH16.bib},
    bibsource    = {dblp computer science bibliography, https://dblp.org}
}


@inproceedings{DBLP:conf/tacas/BatzCJKKM23,
    author       = {Kevin Batz and
    Mingshuai Chen and
    Sebastian Junges and
    Benjamin Lucien Kaminski and
    Joost{-}Pieter Katoen and
    Christoph Matheja},
    title        = {Probabilistic Program Verification via Inductive Synthesis of Inductive
    Invariants},
    booktitle    = {{TACAS} {(2)}},
    series       = {Lecture Notes in Computer Science},
    volume       = {13994},
    pages        = {410--429},
    publisher    = {Springer},
    year         = {2023},
   	url          = {https://doi.org/10.1007/978-3-031-30820-8\_25},
    doi          = {10.1007/978-3-031-30820-8\_25},
    timestamp    = {Sat, 13 May 2023 01:07:18 +0200},
    biburl       = {https://dblp.org/rec/conf/tacas/BatzCJKKM23.bib},
    bibsource    = {dblp computer science bibliography, https://dblp.org}
}

@article{DBLP:journals/pacmpl/ChatterjeeGNZ24,
    author       = {Krishnendu Chatterjee and
    Ehsan Kafshdar Goharshady and
    Petr Novotn{\'{y}} and
    Dorde Zikelic},
    title        = {Equivalence and Similarity Refutation for Probabilistic Programs},
    journal      = {Proc. {ACM} Program. Lang.},
    volume       = {8},
    number       = {{PLDI}},
    pages        = {2098--2122},
    year         = {2024},
    url          = {https://doi.org/10.1145/3656462},
    doi          = {10.1145/3656462},
    timestamp    = {Sun, 19 Jan 2025 14:47:53 +0100},
    biburl       = {https://dblp.org/rec/journals/pacmpl/ChatterjeeGNZ24.bib},
    bibsource    = {dblp computer science bibliography, https://dblp.org}
}

@inproceedings{DBLP:conf/cav/ChatterjeeGMZ22,
    author       = {Krishnendu Chatterjee and
    Amir Kafshdar Goharshady and
    Tobias Meggendorfer and
    Dorde Zikelic},
    title        = {Sound and Complete Certificates for Quantitative Termination Analysis
    of Probabilistic Programs},
    booktitle    = {{CAV} {(1)}},
    series       = {Lecture Notes in Computer Science},
    volume       = {13371},
    pages        = {55--78},
    publisher    = {Springer},
    year         = {2022},
    url          = {https://doi.org/10.1007/978-3-031-13185-1\_4},
    doi          = {10.1007/978-3-031-13185-1\_4},
    timestamp    = {Tue, 09 Aug 2022 17:05:51 +0200},
    biburl       = {https://dblp.org/rec/conf/cav/ChatterjeeGMZ22.bib},
    bibsource    = {dblp computer science bibliography, https://dblp.org}
}

@inproceedings{DBLP:conf/popl/ChatterjeeNZ17,
    author       = {Krishnendu Chatterjee and
    Petr Novotn{\'{y}} and
    Dorde Zikelic},
    title        = {Stochastic invariants for probabilistic termination},
    booktitle    = {{POPL}},
    pages        = {145--160},
    publisher    = {{ACM}},
    year         = {2017},
    url          = {https://doi.org/10.1145/3009837.3009873},
    doi          = {10.1145/3009837.3009873},
    timestamp    = {Mon, 05 Feb 2024 20:33:37 +0100},
    biburl       = {https://dblp.org/rec/conf/popl/ChatterjeeNZ17.bib},
    bibsource    = {dblp computer science bibliography, https://dblp.org}
}

@inproceedings{DBLP:conf/pldi/GehrSV20,
    author       = {Timon Gehr and
    Samuel Steffen and
    Martin T. Vechev},
    title        = {{\(\lambda\)}PSI: exact inference for higher-order probabilistic programs},
    booktitle    = {{PLDI}},
    pages        = {883--897},
    publisher    = {{ACM}},
    year         = {2020},
    doi          = {10.1145/3385412.3386006},
}

@inproceedings{DBLP:conf/cav/GehrMV16,
    author       = {Timon Gehr and
    Sasa Misailovic and
    Martin T. Vechev},
    title        = {{PSI:} Exact Symbolic Inference for Probabilistic Programs},
    booktitle    = {{CAV} {(1)}},
    series       = {Lecture Notes in Computer Science},
    volume       = {9779},
    pages        = {62--83},
    publisher    = {Springer},
    year         = {2016},
    doi          = {10.1007/978-3-319-41528-4\_4},
}

@inproceedings{narayanan2016probabilistic,
    author       = {Praveen Narayanan and
    Jacques Carette and
    Wren Romano and
    Chung{-}chieh Shan and
    Robert Zinkov},
    title        = {Probabilistic Inference by Program Transformation in Hakaru (System
    Description)},
    booktitle    = {{FLOPS}},
    series       = {Lecture Notes in Computer Science},
    volume       = {9613},
    pages        = {62--79},
    publisher    = {Springer},
    year         = {2016},
    url          = {https://doi.org/10.1007/978-3-319-29604-3\_5},
    doi          = {10.1007/978-3-319-29604-3\_5},
    timestamp    = {Sun, 02 Jun 2019 21:12:36 +0200},
    biburl       = {https://dblp.org/rec/conf/flops/NarayananCRSZ16.bib},
    bibsource    = {dblp computer science bibliography, https://dblp.org}
}

@inproceedings{DBLP:conf/pldi/SaadRM21,
	author       = {Feras A. Saad and
    Martin C. Rinard and
    Vikash K. Mansinghka},
    title        = {{SPPL:} probabilistic programming with fast exact symbolic inference},
    booktitle    = {{PLDI}},
    pages        = {804--819},
    publisher    = {{ACM}},
    year         = {2021},
	url          = {https://doi.org/10.1145/3453483.3454078},
	doi          = {10.1145/3453483.3454078},
	timestamp    = {Tue, 07 May 2024 20:09:48 +0200},
	biburl       = {https://dblp.org/rec/conf/pldi/SaadRM21.bib},
	bibsource    = {dblp computer science bibliography, https://dblp.org}
}

@inproceedings{DBLP:conf/cav/ChatterjeeFG16,
    author       = {Krishnendu Chatterjee and
    Hongfei Fu and
    Amir Kafshdar Goharshady},
    title        = {Termination Analysis of Probabilistic Programs Through Positivstellensatz's},
    booktitle    = {{CAV} {(1)}},
    series       = {Lecture Notes in Computer Science},
    volume       = {9779},
    pages        = {3--22},
    publisher    = {Springer},
    year         = {2016},
    url          = {https://doi.org/10.1007/978-3-319-41528-4\_1},
    doi          = {10.1007/978-3-319-41528-4\_1},
    timestamp    = {Thu, 23 Jun 2022 19:58:07 +0200},
    biburl       = {https://dblp.org/rec/conf/cav/ChatterjeeFG16.bib},
    bibsource    = {dblp computer science bibliography, https://dblp.org}
}

@article{DBLP:journals/cacm/Dijkstra75,
    author       = {Edsger W. Dijkstra},
    title        = {Guarded Commands, Nondeterminacy and Formal Derivation of Programs},
    journal      = {Commun. {ACM}},
    volume       = {18},
    number       = {8},
    pages        = {453--457},
    year         = {1975}
}

@inproceedings{DBLP:conf/stoc/Kozen83,
    author       = {Dexter Kozen},
    title        = {A Probabilistic {PDL}},
    booktitle    = {{STOC}},
    pages        = {291--297},
    publisher    = {{ACM}},
    year         = {1983},
    doi          = {10.1145/800061.808758}
}

@article{park1969fixpoint,
    title={Fixpoint induction and proofs of program properties},
    author={Park, David},
    journal={Machine intelligence},
    volume={5},
    year={1969},
    publisher={Edinburgh University Press}
}

@MISC{BarFT-SMTLIB,
    author =	 {Clark Barrett and Pascal Fontaine and Cesare Tinelli},
    title =	 {{The Satisfiability Modulo Theories Library (SMT-LIB)}},
    howpublished = {{\tt www.SMT-LIB.org}},
    year =	 2016,
}


@article{DBLP:journals/pacmpl/BatzKKM21,
    author       = {Kevin Batz and
    Benjamin Lucien Kaminski and
    Joost{-}Pieter Katoen and
    Christoph Matheja},
    title        = {Relatively complete verification of probabilistic programs: an expressive
    language for expectation-based reasoning},
    journal      = {Proc. {ACM} Program. Lang.},
    volume       = {5},
    number       = {{POPL}},
    pages        = {1--30},
    year         = {2021},
    url          = {https://doi.org/10.1145/3434320},
    doi          = {10.1145/3434320},
    timestamp    = {Sun, 19 Jan 2025 14:47:56 +0100},
    biburl       = {https://dblp.org/rec/journals/pacmpl/BatzKKM21.bib},
    bibsource    = {dblp computer science bibliography, https://dblp.org}
}

@inproceedings{DBLP:conf/pldi/WangS0CG21,
	author       = {Jinyi Wang and
    Yican Sun and
    Hongfei Fu and
    Krishnendu Chatterjee and
    Amir Kafshdar Goharshady},
    title        = {Quantitative analysis of assertion violations in probabilistic programs},
    booktitle    = {{PLDI}},
    pages        = {1171--1186},
    publisher    = {{ACM}},
    year         = {2021},
	url          = {https://doi.org/10.1145/3453483.3454102},
	doi          = {10.1145/3453483.3454102},
	timestamp    = {Thu, 23 Jun 2022 19:57:48 +0200},
	biburl       = {https://dblp.org/rec/conf/pldi/WangS0CG21.bib},
	bibsource    = {dblp computer science bibliography, https://dblp.org}
}

@article{DBLP:journals/jacm/AckermanFR19,
    author       = {Nathanael L. Ackerman and
    Cameron E. Freer and
    Daniel M. Roy},
    title        = {On the Computability of Conditional Probability},
    journal      = {J. {ACM}},
    volume       = {66},
    number       = {3},
    pages        = {23:1--23:40},
    year         = {2019}
}



@article{DBLP:journals/pacmpl/SchroerBKKM23,
    author       = {Philipp Schr{\"{o}}er and
    Kevin Batz and
    Benjamin Lucien Kaminski and
    Joost{-}Pieter Katoen and
    Christoph Matheja},
    title        = {A Deductive Verification Infrastructure for Probabilistic Programs},
    journal      = {Proc. {ACM} Program. Lang.},
    volume       = {7},
    number       = {{OOPSLA2}},
    pages        = {2052--2082},
    year         = {2023},
    doi          = {10.1145/3622870}
}

@misc{coste2000introduction,
    title={An introduction to semialgebraic geometry},
    author={Coste, Michel},
    year={2000},
    publisher={Istituti editoriali e poligrafici internazionali}
}

@book{DBLP:books/daglib/0070910,
    author       = {Glynn Winskel},
    title        = {The formal semantics of programming languages - an introduction},
    series       = {Foundation of computing series},
    publisher    = {{MIT} Press},
    year         = {1993}
}

@article{abramsky1994domain,
    title={Domain theory},
    author={Abramsky, Samson and Jung, Achim},
    year={1994},
    publisher={Oxford University Press}
}

@inproceedings{DBLP:conf/setss/SzymczakK19,
    author       = {Marcin Szymczak and
    Joost{-}Pieter Katoen},
    title        = {Weakest Preexpectation Semantics for Bayesian Inference - Conditioning,
    Continuous Distributions and Divergence},
    booktitle    = {{SETSS}},
    series       = {Lecture Notes in Computer Science},
    volume       = {12154},
    pages        = {44--121},
    publisher    = {Springer},
    year         = {2019},
    doi          = {10.1007/978-3-030-55089-9\_3},
}


@article{DBLP:journals/pe/GretzKM14,
  author       = {Friedrich Gretz and
                  Joost{-}Pieter Katoen and
                  Annabelle McIver},
  title        = {Operational versus weakest pre-expectation semantics for the probabilistic
                  guarded command language},
  journal      = {Perform. Evaluation},
  volume       = {73},
  pages        = {110--132},
  year         = {2014},
  url          = {https://doi.org/10.1016/j.peva.2013.11.004},
  doi          = {10.1016/J.PEVA.2013.11.004},
  timestamp    = {Sat, 22 Feb 2020 19:26:03 +0100},
  biburl       = {https://dblp.org/rec/journals/pe/GretzKM14.bib},
  bibsource    = {dblp computer science bibliography, https://dblp.org}
}

@article{DBLP:journals/toplas/OlmedoGJKKM18,
  author       = {Federico Olmedo and
                  Friedrich Gretz and
                  Nils Jansen and
                  Benjamin Lucien Kaminski and
                  Joost{-}Pieter Katoen and
                  Annabelle McIver},
  title        = {Conditioning in Probabilistic Programming},
  journal      = {{ACM} Trans. Program. Lang. Syst.},
  volume       = {40},
  number       = {1},
  pages        = {4:1--4:50},
  year         = {2018},
  url          = {https://doi.org/10.1145/3156018},
  doi          = {10.1145/3156018},
  timestamp    = {Fri, 27 Mar 2020 08:38:34 +0100},
  biburl       = {https://dblp.org/rec/journals/toplas/OlmedoGJKKM18.bib},
  bibsource    = {dblp computer science bibliography, https://dblp.org}
}

@inproceedings{DBLP:conf/mfcs/KaminskiK15,
	author       = {Benjamin Lucien Kaminski and
	Joost{-}Pieter Katoen},
	editor       = {Giuseppe F. Italiano and
	Giovanni Pighizzini and
	Donald Sannella},
	title        = {On the Hardness of Almost-Sure Termination},
	booktitle    = {Mathematical Foundations of Computer Science 2015 - 40th International
	Symposium, {MFCS} 2015, Milan, Italy, August 24-28, 2015, Proceedings,
	Part {I}},
	series       = {Lecture Notes in Computer Science},
	volume       = {9234},
	pages        = {307--318},
	publisher    = {Springer},
	year         = {2015},
	url          = {https://doi.org/10.1007/978-3-662-48057-1\_24},
	doi          = {10.1007/978-3-662-48057-1\_24},
	timestamp    = {Fri, 27 Mar 2020 09:00:14 +0100},
	biburl       = {https://dblp.org/rec/conf/mfcs/KaminskiK15.bib},
	bibsource    = {dblp computer science bibliography, https://dblp.org}
}

@book{DBLP:series/mcs/McIverM05,
	author       = {Annabelle McIver and
	Carroll Morgan},
	title        = {Abstraction, Refinement and Proof for Probabilistic Systems},
	series       = {Monographs in Computer Science},
	publisher    = {Springer},
	year         = {2005},
	url          = {https://doi.org/10.1007/b138392},
	doi          = {10.1007/B138392},
	isbn         = {978-0-387-40115-7},
	timestamp    = {Tue, 16 May 2017 14:24:21 +0200},
	biburl       = {https://dblp.org/rec/series/mcs/McIverM05.bib},
	bibsource    = {dblp computer science bibliography, https://dblp.org}
}

%%%% Related

% Integral Approximation

@article{wang2024static,
	title={Static Posterior Inference of Bayesian Probabilistic Programming via Polynomial Solving},
	author={Wang, Peixin and Yang, Tengshun and Fu, Hongfei and Li, Guanyan and Ong, C-H Luke},
	journal={Proceedings of the ACM on Programming Languages},
	volume={8},
	number={PLDI},
	pages={1361--1386},
	year={2024},
	publisher={ACM New York, NY, USA},
        doi          = {10.1145/3656432},
}


@inproceedings{DBLP:conf/pldi/BeutnerOZ22,
    author       = {Raven Beutner and
    C.{-}H. Luke Ong and
    Fabian Zaiser},
    title        = {Guaranteed bounds for posterior inference in universal probabilistic
    programming},
    booktitle    = {{PLDI}},
    pages        = {536--551},
    publisher    = {{ACM}},
    year         = {2022},
    url          = {https://doi.org/10.1145/3519939.3523721},
    doi          = {10.1145/3519939.3523721},
    timestamp    = {Sun, 19 Jan 2025 13:10:48 +0100},
    biburl       = {https://dblp.org/rec/conf/pldi/BeutnerOZ22.bib},
    bibsource    = {dblp computer science bibliography, https://dblp.org}
}


@article{DBLP:journals/pacmpl/AlbarghouthiDDN17,
	author       = {Aws Albarghouthi and
	Loris D'Antoni and
	Samuel Drews and
	Aditya V. Nori},
	title        = {FairSquare: probabilistic verification of program fairness},
	journal      = {Proc. {ACM} Program. Lang.},
	volume       = {1},
	number       = {{OOPSLA}},
	pages        = {80:1--80:30},
	year         = {2017},
	url          = {https://doi.org/10.1145/3133904},
	doi          = {10.1145/3133904},
	timestamp    = {Wed, 17 Feb 2021 08:54:10 +0100},
	biburl       = {https://dblp.org/rec/journals/pacmpl/AlbarghouthiDDN17.bib},
	bibsource    = {dblp computer science bibliography, https://dblp.org}
}

@inproceedings{DBLP:conf/pldi/SankaranarayananCG13,
	author       = {Sriram Sankaranarayanan and
    Aleksandar Chakarov and
    Sumit Gulwani},
    title        = {Static analysis for probabilistic programs: inferring whole program
    properties from finitely many paths},
    booktitle    = {{PLDI}},
    pages        = {447--458},
    publisher    = {{ACM}},
    year         = {2013},
	url          = {https://doi.org/10.1145/2491956.2462179},
	doi          = {10.1145/2491956.2462179},
	timestamp    = {Fri, 06 Sep 2019 10:57:12 +0200},
	biburl       = {https://dblp.org/rec/conf/pldi/SankaranarayananCG13.bib},
	bibsource    = {dblp computer science bibliography, https://dblp.org}
}

@article{DBLP:journals/isse/HuangDM22,
	author       = {Zixin Huang and
	Saikat Dutta and
	Sasa Misailovic},
	title        = {Automated quantized inference for probabilistic programs with {AQUA}},
	journal      = {Innov. Syst. Softw. Eng.},
	volume       = {18},
	number       = {3},
	pages        = {369--384},
	year         = {2022},
        doi          = {10.1007/S11334-021-00433-3}
}

@inproceedings{DBLP:conf/ijcai/KolbMSBK18,
	author       = {Samuel Kolb and
	Martin Mladenov and
	Scott Sanner and
	Vaishak Belle and
	Kristian Kersting},
	title        = {Efficient Symbolic Integration for Probabilistic Inference},
	booktitle    = {{IJCAI}},
	pages        = {5031--5037},
	publisher    = {ijcai.org},
	year         = {2018}
}

% Loops

@inproceedings{DBLP:conf/lics/KaminskiK17,
	author       = {Benjamin Lucien Kaminski and
	Joost{-}Pieter Katoen},
	title        = {A weakest pre-expectation semantics for mixed-sign expectations},
	booktitle    = {32nd Annual {ACM/IEEE} Symposium on Logic in Computer Science, {LICS}
	2017, Reykjavik, Iceland, June 20-23, 2017},
	pages        = {1--12},
	publisher    = {{IEEE} Computer Society},
	year         = {2017},
	url          = {https://doi.org/10.1109/LICS.2017.8005153},
	doi          = {10.1109/LICS.2017.8005153},
	timestamp    = {Fri, 24 Mar 2023 00:01:50 +0100},
	biburl       = {https://dblp.org/rec/conf/lics/KaminskiK17.bib},
	bibsource    = {dblp computer science bibliography, https://dblp.org}
}

@inproceedings{DBLP:conf/cav/ChakarovS13,
	author       = {Aleksandar Chakarov and
	Sriram Sankaranarayanan},
	title        = {Probabilistic Program Analysis with Martingales},
	booktitle    = {{CAV}},
	series       = {Lecture Notes in Computer Science},
	volume       = {8044},
	pages        = {511--526},
	publisher    = {Springer},
	year         = {2013},
	url          = {https://doi.org/10.1007/978-3-642-39799-8\_34},
	doi          = {10.1007/978-3-642-39799-8\_34},
	timestamp    = {Wed, 07 Dec 2022 23:12:58 +0100},
	biburl       = {https://dblp.org/rec/conf/cav/ChakarovS13.bib},
	bibsource    = {dblp computer science bibliography, https://dblp.org}
}

@article{DBLP:journals/pacmpl/AgrawalC018,
	author       = {Sheshansh Agrawal and
	Krishnendu Chatterjee and
	Petr Novotn{\'{y}}},
	title        = {Lexicographic ranking supermartingales: an efficient approach to termination
	of probabilistic programs},
	journal      = {Proc. {ACM} Program. Lang.},
	volume       = {2},
	number       = {{POPL}},
	pages        = {34:1--34:32},
	year         = {2018},
	url          = {https://doi.org/10.1145/3158122},
	doi          = {10.1145/3158122},
	timestamp    = {Wed, 17 Feb 2021 08:53:59 +0100},
	biburl       = {https://dblp.org/rec/journals/pacmpl/AgrawalC018.bib},
	bibsource    = {dblp computer science bibliography, https://dblp.org}
}



@article{DBLP:journals/corr/abs-1709-04037,
    author       = {Sheshansh Agrawal and
    Krishnendu Chatterjee and
    Petr Novotn{\'{y}}},
    title        = {Lexicographic Ranking Supermartingales: An Efficient Approach to Termination
    of Probabilistic Programs},
    journal      = {CoRR},
    volume       = {abs/1709.04037},
    year         = {2017},
    url          = {http://arxiv.org/abs/1709.04037},
    eprinttype    = {arXiv},
    eprint       = {1709.04037},
    timestamp    = {Mon, 13 Aug 2018 16:46:55 +0200},
    biburl       = {https://dblp.org/rec/journals/corr/abs-1709-04037.bib},
    bibsource    = {dblp computer science bibliography, https://dblp.org}
}



@inproceedings{DBLP:conf/sas/ChakarovS14,
	author       = {Aleksandar Chakarov and
	Sriram Sankaranarayanan},
	title        = {Expectation Invariants for Probabilistic Program Loops as Fixed Points},
	booktitle    = {{SAS}},
	series       = {Lecture Notes in Computer Science},
	volume       = {8723},
	pages        = {85--100},
	publisher    = {Springer},
	year         = {2014},
	url          = {https://doi.org/10.1007/978-3-319-10936-7\_6},
	doi          = {10.1007/978-3-319-10936-7\_6},
	timestamp    = {Fri, 06 Sep 2019 10:57:13 +0200},
	biburl       = {https://dblp.org/rec/conf/sas/ChakarovS14.bib},
	bibsource    = {dblp computer science bibliography, https://dblp.org}
}

@article{DBLP:journals/fmsd/MoosbruggerBKK22,
	author       = {Marcel Moosbrugger and
	Ezio Bartocci and
	Joost{-}Pieter Katoen and
	Laura Kov{\'{a}}cs},
	title        = {The probabilistic termination tool amber},
	journal      = {Formal Methods Syst. Des.},
	volume       = {61},
	number       = {1},
	pages        = {90--109},
	year         = {2022},
	url          = {https://doi.org/10.1007/s10703-023-00424-z},
	doi          = {10.1007/S10703-023-00424-Z},
	timestamp    = {Sat, 08 Jun 2024 13:16:18 +0200},
	biburl       = {https://dblp.org/rec/journals/fmsd/MoosbruggerBKK22.bib},
	bibsource    = {dblp computer science bibliography, https://dblp.org}
}

@article{DBLP:journals/pacmpl/MoosbruggerSBK22,
	author       = {Marcel Moosbrugger and
	Miroslav Stankovic and
	Ezio Bartocci and
	Laura Kov{\'{a}}cs},
	title        = {This is the moment for probabilistic loops},
	journal      = {Proc. {ACM} Program. Lang.},
	volume       = {6},
	number       = {{OOPSLA2}},
	pages        = {1497--1525},
	year         = {2022},
	url          = {https://doi.org/10.1145/3563341},
	doi          = {10.1145/3563341},
	timestamp    = {Mon, 05 Dec 2022 13:35:13 +0100},
	biburl       = {https://dblp.org/rec/journals/pacmpl/MoosbruggerSBK22.bib},
	bibsource    = {dblp computer science bibliography, https://dblp.org}
}

@article{DBLP:journals/jacm/AckermanFR19,
	author       = {Nathanael L. Ackerman and
	Cameron E. Freer and
	Daniel M. Roy},
	title        = {On the Computability of Conditional Probability},
	journal      = {J. {ACM}},
	volume       = {66},
	number       = {3},
	pages        = {23:1--23:40},
	year         = {2019},
	url          = {https://doi.org/10.1145/3321699},
	doi          = {10.1145/3321699},
	timestamp    = {Wed, 26 Jun 2019 16:14:18 +0200},
	biburl       = {https://dblp.org/rec/journals/jacm/AckermanFR19.bib},
	bibsource    = {dblp computer science bibliography, https://dblp.org}
}

%%%% Analysis books

@book{rudin1953principles,
	title={Principles of mathematical analysis},
	author={Rudin, Walter},
	year={1953}
}

@book{fitzpatrick2009advanced,
	title={Advanced calculus},
	author={Fitzpatrick, Patrick},
	volume={5},
	year={2009},
	publisher={American Mathematical Soc.}
}

@book{ash2000probability,
	title={Probability and measure theory},
	author={Ash, Robert B and Dol{\'e}ans-Dade, Catherine A},
	year={2000},
	publisher={Academic press}
}

@book{10.5555/26851,
	author = {Rudin, Walter},
	title = {Real and complex analysis, 3rd ed.},
	year = {1987},
	isbn = {0070542341},
	publisher = {McGraw-Hill, Inc.},
	address = {USA}
}

@book{burk2007garden,
	title={A garden of integrals},
	author={Burk, Frank E},
	volume={31},
	year={2007},
	publisher={American Mathematical Soc.},
    doi={https://doi.org/10.7135/UPO9781614442097}
}


% Compactness theorems
@book{pugh2002real,
	title={Real mathematical analysis},
	author={Pugh, Charles Chapman and Pugh, CC},
	volume={2011},
	year={2002},
	publisher={Springer}
}

%Monotone Convergence and Variant
@book{schilling2017measures,
	title={Measures, integrals and martingales},
	author={Schilling, Ren{\'e} L},
	year={2017},
	publisher={Cambridge University Press}
}

@book{leinoThisBoogie2008,
	title = {This Is {{Boogie}} 2},
	author = {Leino, K. Rustan M.},
	year = {2008}
}

%For irwin-hall
@book{johnson1995continuous,
	title={Continuous Univariate Distributions, Volume 2},
	author={Johnson, N.L. and Kotz, S. and Balakrishnan, N.},
	series={Wiley Series in Probability and Statistics},
	year={1995},
	publisher={Wiley}
}

@inproceedings{DBLP:conf/tacas/MouraB08,
	author       = {Leonardo Mendon{\c{c}}a de Moura and
	Nikolaj S. Bj{\o}rner},
	title        = {{Z3:} An Efficient {SMT} Solver},
	booktitle    = {{TACAS}},
	series       = {Lecture Notes in Computer Science},
	volume       = {4963},
	pages        = {337--340},
	publisher    = {Springer},
	year         = {2008},
        doi          = {10.1007/978-3-540-78800-3\_24}
}

@inproceedings{DBLP:conf/pldi/Wang0R21,
	author       = {Di Wang and
    Jan Hoffmann and
    Thomas W. Reps},
    title        = {Central moment analysis for cost accumulators in probabilistic programs},
    booktitle    = {{PLDI}},
    pages        = {559--573},
    publisher    = {{ACM}},
    year         = {2021},
	url          = {https://doi.org/10.1145/3453483.3454062},
	doi          = {10.1145/3453483.3454062},
	timestamp    = {Wed, 07 Dec 2022 23:09:16 +0100},
	biburl       = {https://dblp.org/rec/conf/pldi/Wang0R21.bib},
	bibsource    = {dblp computer science bibliography, https://dblp.org}
}

@book{gelman1995bayesian,
	title={Bayesian data analysis},
	author={Gelman, Andrew and Carlin, John B and Stern, Hal S and Rubin, Donald B},
	year={1995},
	publisher={Chapman and Hall/CRC}
}

@inproceedings{DBLP:conf/aaai/NoriHRS14,
	author       = {Aditya V. Nori and
    Chung{-}Kil Hur and
    Sriram K. Rajamani and
    Selva Samuel},
    title        = {{R2:} An Efficient {MCMC} Sampler for Probabilistic Programs},
    booktitle    = {{AAAI}},
    pages        = {2476--2482},
    publisher    = {{AAAI} Press},
    year         = {2014},
	url          = {https://doi.org/10.1609/aaai.v28i1.9060},
	doi          = {10.1609/AAAI.V28I1.9060},
	timestamp    = {Mon, 04 Sep 2023 16:50:26 +0200},
	biburl       = {https://dblp.org/rec/conf/aaai/NoriHRS14.bib},
	bibsource    = {dblp computer science bibliography, https://dblp.org}
}



@inproceedings{DBLP:conf/vmcai/0001SS16,
	author       = {Peter M{\"{u}}ller and
	Malte Schwerhoff and
	Alexander J. Summers},
	title        = {Viper: {A} Verification Infrastructure for Permission-Based Reasoning},
	booktitle    = {{VMCAI}},
	series       = {Lecture Notes in Computer Science},
	volume       = {9583},
	pages        = {41--62},
	publisher    = {Springer},
	year         = {2016},
        doi          = {10.1007/978-3-662-49122-5\_2},
}


@article{carpenter2017stan,
    title={Stan: A Probabilistic Programming Language},
    volume={76},
    url={https://www.jstatsoft.org/index.php/jss/article/view/v076i01},
    doi={10.18637/jss.v076.i01},
    number={1},
    journal={Journal of Statistical Software},
    author={Carpenter, Bob and Gelman, Andrew and Hoffman, Matthew D. and Lee, Daniel and Goodrich, Ben and Betancourt, Michael and Brubaker, Marcus and Guo, Jiqiang and Li, Peter and Riddell, Allen},
    year={2017},
    pages={1–32}
}

@article{DBLP:journals/jmlr/BinghamCJOPKSSH19,
  author       = {Eli Bingham and
                  Jonathan P. Chen and
                  Martin Jankowiak and
                  Fritz Obermeyer and
                  Neeraj Pradhan and
                  Theofanis Karaletsos and
                  Rohit Singh and
                  Paul A. Szerlip and
                  Paul Horsfall and
                  Noah D. Goodman},
  title        = {Pyro: Deep Universal Probabilistic Programming},
  journal      = {J. Mach. Learn. Res.},
  volume       = {20},
  pages        = {28:1--28:6},
  year         = {2019},
  url          = {https://jmlr.org/papers/v20/18-403.html},
  timestamp    = {Wed, 11 Sep 2024 14:41:28 +0200},
  biburl       = {https://dblp.org/rec/journals/jmlr/BinghamCJOPKSSH19.bib},
  bibsource    = {dblp computer science bibliography, https://dblp.org}
}

