@inproceedings{Dosovitskiy17carla,
  title = { {CARLA}: {An} Open Urban Driving Simulator},
  author = {Alexey Dosovitskiy and German Ros and Felipe Codevilla and Antonio Lopez and Vladlen Koltun},
  booktitle=CoRL,
  year = {2017}
}

@inproceedings{dair-v2x,
  title={Dair-v2x: A large-scale dataset for vehicle-infrastructure cooperative 3d object detection},
  author={Yu, Haibao and Luo, Yizhen and Shu, Mao and Huo, Yiyi and Yang, Zebang and Shi, Yifeng and Guo, Zhenglong and Li, Hanyu and Hu, Xing and Yuan, Jirui and Nie, Zaiqing},
  booktitle=CVPR,
  year={2022}
}

@inproceedings{goodfellow2014generative,
  title={Generative adversarial nets},
  author={Goodfellow, Ian and Pouget-Abadie, Jean and Mirza, Mehdi and Xu, Bing and Warde-Farley, David and Ozair, Sherjil and Courville, Aaron and Bengio, Yoshua},
  booktitle=NIPS,
  volume={27},
  year={2014}
}

@inproceedings{ho2020denoising,
  title={Denoising diffusion probabilistic models},
  author={Ho, Jonathan and Jain, Ajay and Abbeel, Pieter},
  booktitle=NIPS,
  year={2020}
}

@inproceedings{hu2025rangeldm,
  title={Rangeldm: Fast realistic lidar point cloud generation},
  author={Hu, Qianjiang and Zhang, Zhimin and Hu, Wei},
  booktitle=ECCV,
  year={2025},
}

@inproceedings{li2022v2xsim,
  title={V2X-Sim: Multi-agent collaborative perception dataset and benchmark for autonomous driving},
  author={Li, Yiming and Ma, Dekun and An, Ziyan and Wang, Zixun and Zhong, Yiqi and Chen, Siheng and Feng, Chen},
  booktitle={Robotics and Automation Letters},
  volume={7},
  number={4},
  pages={10914--10921},
  year={2022},
  publisher={IEEE}
}

@inproceedings{nakashima2024lidar-r2dm,
  title={Lidar data synthesis with denoising diffusion probabilistic models},
  author={Nakashima, Kazuto and Kurazume, Ryo},
  booktitle=ICRA,
  year={2024},
}

@inproceedings{ran2024towards,
  title={Towards Realistic Scene Generation with LiDAR Diffusion Models},
  author={Ran, Haoxi and Guizilini, Vitor and Wang, Yue},
  booktitle=CVPR,
  year={2024}
}

@inproceedings{wu2024text2lidar,
  title={Text2LiDAR: Text-guided LiDAR Point Cloud Generation via Equirectangular Transformer},
  author={Wu, Yang and Zhang, Kaihua and Qian, Jianjun and Xie, Jin and Yang, Jian},
  booktitle=ECCV,
  year={2024},
  publisher={Springer}
}

@inproceedings{xiong2023learning,
  title={Learning compact representations for lidar completion and generation},
  author={Xiong, Yuwen and Ma, Wei-Chiu and Wang, Jingkang and Urtasun, Raquel},
  booktitle=CVPR,
  year={2023}
}

@inproceedings{xu2022opv2v,
  title={Opv2v: An open benchmark dataset and fusion pipeline for perception with vehicle-to-vehicle communication},
  author={Xu, Runsheng and Xiang, Hao and Xia, Xin and Han, Xu and Li, Jinlong and Ma, Jiaqi},
  booktitle=ICRA,
  year={2022},
}

@inproceedings{xu2023v2v4real,
  title={V2v4real: A real-world large-scale dataset for vehicle-to-vehicle cooperative perception},
  author={Xu, Runsheng and Xia, Xin and Li, Jinlong and Li, Hanzhao and Zhang, Shuo and Tu, Zhengzhong and Meng, Zonglin and Xiang, Hao and Dong, Xiaoyu and Song, Rui and others},
  booktitle=CVPR,
  year={2023}
}

@inproceedings{zyrianov2022learning-lidargen,
  title={Learning to generate realistic lidar point clouds},
  author={Zyrianov, Vlas and Zhu, Xiyue and Wang, Shenlong},
  booktitle=ECCV,
  year={2022},
}

@article{zyrianov2024lidardm,
  title={LidarDM: Generative LiDAR Simulation in a Generated World},
  author={Zyrianov, Vlas and Che, Henry and Liu, Zhijian and Wang, Shenlong},
  journal={arXiv preprint arXiv:2404.02903},
  year={2024}
}

