@String(PAMI = {IEEE Trans. Pattern Anal. Mach. Intell.})
@String(IJCV = {Int. J. Comput. Vis.})
@String(CVPR= {IEEE Conf. Comput. Vis. Pattern Recog.})
@String(ICCV= {Int. Conf. Comput. Vis.})
@String(ECCV= {Eur. Conf. Comput. Vis.})
@String(NIPS= {Adv. Neural Inform. Process. Syst.})
@String(ICPR = {Int. Conf. Pattern Recog.})
@String(BMVC= {Brit. Mach. Vis. Conf.})
@String(TOG= {ACM Trans. Graph.})
@String(TIP  = {IEEE Trans. Image Process.})
@String(TVCG  = {IEEE Trans. Vis. Comput. Graph.})
@String(TMM  = {IEEE Trans. Multimedia})
@String(ACMMM= {ACM Int. Conf. Multimedia})
@String(ICME = {Int. Conf. Multimedia and Expo})
@String(ICASSP=	{ICASSP})
@String(ICIP = {IEEE Int. Conf. Image Process.})
@String(ACCV  = {ACCV})
@String(ICLR = {Int. Conf. Learn. Represent.})
@String(IJCAI = {IJCAI})
@String(PR   = {Pattern Recognition})
@String(AAAI = {AAAI})
@String(CVPRW= {IEEE Conf. Comput. Vis. Pattern Recog. Worksh.})
@String(CSVT = {IEEE Trans. Circuit Syst. Video Technol.})

@String(SPL	= {IEEE Sign. Process. Letters})
@String(VR   = {Vis. Res.})
@String(JOV	 = {J. Vis.})
@String(TVC  = {The Vis. Comput.})
@String(JCST  = {J. Comput. Sci. Tech.})
@String(CGF  = {Comput. Graph. Forum})
@String(CVM = {Computational Visual Media})


@String(PAMI  = {IEEE TPAMI})
@String(IJCV  = {IJCV})
@String(CVPR  = {CVPR})
@String(ICCV  = {ICCV})
@String(ECCV  = {ECCV})
@String(NIPS  = {NeurIPS})
@String(ICPR  = {ICPR})
@String(BMVC  =	{BMVC})
@String(TOG   = {ACM TOG})
@String(TIP   = {IEEE TIP})
@String(TVCG  = {IEEE TVCG})
@String(TCSVT = {IEEE TCSVT})
@String(TMM   =	{IEEE TMM})
@String(ACMMM = {ACM MM})
@String(ICME  =	{ICME})
@String(ICASSP=	{ICASSP})
@String(ICIP  = {ICIP})
@String(ACCV  = {ACCV})
@String(ICLR  = {ICLR})
@String(IJCAI = {IJCAI})
@String(PR = {PR})
@String(AAAI = {AAAI})
@String(CVPRW= {CVPRW})
@String(CSVT = {IEEE TCSVT})
@string(ICRA = {ICRA})
@string(IROS = {IROS})
@string(CoRL = {CoRL})
@string(ICML = {ICML})



@inproceedings{chen2017multi,
  title={Multi-view 3d object detection network for autonomous driving},
  author={Chen, Xiaozhi and Ma, Huimin and Wan, Ji and Li, Bo and Xia, Tian},
  booktitle=CVPR,
  year={2017}
}

@inproceedings{zhang2018efficient,
  title={Efficient convolutions for real-time semantic segmentation of 3d point clouds},
  author={Zhang, Chris and Luo, Wenjie and Urtasun, Raquel},
  booktitle={3DV},
  year={2018},
}

@inproceedings{xiong2023learning,
  title={Learning compact representations for lidar completion and generation},
  author={Xiong, Yuwen and Ma, Wei-Chiu and Wang, Jingkang and Urtasun, Raquel},
  booktitle=CVPR,
  year={2023}
}

@inproceedings{van2017neural,
  title={Neural discrete representation learning},
  author={Van Den Oord, Aaron and Vinyals, Oriol and others},
  booktitle=NIPS,
  volume={30},
  year={2017}
}

@inproceedings{ross2017focal,
  title={Focal loss for dense object detection},
  author={Ross, T-YLPG and Doll{\'a}r, GKHP},
  booktitle=CVPR,
  year={2017}
}

@inproceedings{rombach2022high,
  title={High-resolution image synthesis with latent diffusion models},
  author={Rombach, Robin and Blattmann, Andreas and Lorenz, Dominik and Esser, Patrick and Ommer, Bj{\"o}rn},
  booktitle=CVPR,
  year={2022}
}

@inproceedings{dhariwal2021diffusion,
  title={Diffusion models beat gans on image synthesis},
  author={Dhariwal, Prafulla and Nichol, Alexander},
  booktitle=NIPS,
  year={2021}
}

@inproceedings{ho2020denoising,
  title={Denoising diffusion probabilistic models},
  author={Ho, Jonathan and Jain, Ajay and Abbeel, Pieter},
  booktitle=NIPS,
  year={2020}
}

@inproceedings{kingma2021variational,
  title={Variational diffusion models},
  author={Kingma, Diederik and Salimans, Tim and Poole, Ben and Ho, Jonathan},
  booktitle=NIPS,
  year={2021}
}

@inproceedings{ronneberger2015u,
  title={U-net: Convolutional networks for biomedical image segmentation},
  author={Ronneberger, Olaf and Fischer, Philipp and Brox, Thomas},
  booktitle={MICCAI},
  year={2015},
}

@inproceedings{mou2024t2i,
  title={T2i-adapter: Learning adapters to dig out more controllable ability for text-to-image diffusion models},
  author={Mou, Chong and Wang, Xintao and Xie, Liangbin and Wu, Yanze and Zhang, Jian and Qi, Zhongang and Shan, Ying},
  booktitle=AAAI,
  year={2024}
}

@inproceedings{goodfellow2014generative,
  title={Generative adversarial nets},
  author={Goodfellow, Ian and Pouget-Abadie, Jean and Mirza, Mehdi and Xu, Bing and Warde-Farley, David and Ozair, Sherjil and Courville, Aaron and Bengio, Yoshua},
  booktitle=NIPS,
  volume={27},
  year={2014}
}

@article{lim2017geometric,
  title={Geometric gan},
  author={Lim, Jae Hyun and Ye, Jong Chul},
  journal={arXiv preprint arXiv:1705.02894},
  year={2017}
}

@inproceedings{yoo2024learning,
  title={Learning 3D Perception from Others' Predictions},
  author={Yoo, Jinsu and Feng, Zhenyang and Pan, Tai-Yu and Sun, Yihong and Phoo, Cheng Perng and Chen, Xiangyu and Campbell, Mark and Weinberger, Kilian Q and Hariharan, Bharath and Chao, Wei-Lun},
  booktitle=ICLR,
  year={2025}
}

@inproceedings{xu2022v2x,
  title={V2x-vit: Vehicle-to-everything cooperative perception with vision transformer},
  author={Xu, Runsheng and Xiang, Hao and Tu, Zhengzhong and Xia, Xin and Yang, Ming-Hsuan and Ma, Jiaqi},
  booktitle=ECCV,
  year={2022},
}

@inproceedings{xu2022opv2v,
  title={Opv2v: An open benchmark dataset and fusion pipeline for perception with vehicle-to-vehicle communication},
  author={Xu, Runsheng and Xiang, Hao and Xia, Xin and Han, Xu and Li, Jinlong and Ma, Jiaqi},
  booktitle=ICRA,
  year={2022},
}

@inproceedings{you2022hindsight,
  title={Hindsight is 20/20: Leveraging past traversals to aid 3d perception},
  author={You, Yurong and Luo, Katie Z and Chen, Xiangyu and Chen, Junan and Chao, Wei-Lun and Sun, Wen and Hariharan, Bharath and Campbell, Mark and Weinberger, Kilian Q},
  booktitle=ICLR,
  year={2022}
}

@inproceedings{pan2023pre,
  title={Pre-training LiDAR-based 3D Object Detectors through Colorization},
  author={Pan, Tai-Yu and Ma, Chenyang and Chen, Tianle and Phoo, Cheng Perng and Luo, Katie Z and You, Yurong and Campbell, Mark and Weinberger, Kilian Q and Hariharan, Bharath and Chao, Wei-Lun},
  booktitle=ICLR,
  year={2023}
}

@inproceedings{xie2020pointcontrast,
  title={Pointcontrast: Unsupervised pre-training for 3d point cloud understanding},
  author={Xie, Saining and Gu, Jiatao and Guo, Demi and Qi, Charles R and Guibas, Leonidas and Litany, Or},
  booktitle=ECCV,
  year={2020},
}

@inproceedings{yin2022proposalcontrast,
  title={Proposalcontrast: Unsupervised pre-training for lidar-based 3d object detection},
  author={Yin, Junbo and Zhou, Dingfu and Zhang, Liangjun and Fang, Jin and Xu, Cheng-Zhong and Shen, Jianbing and Wang, Wenguan},
  booktitle=ECCV,
  year={2022},
}

@inproceedings{boulch2023also,
  title={Also: Automotive lidar self-supervision by occupancy estimation},
  author={Boulch, Alexandre and Sautier, Corentin and Michele, Bj{\"o}rn and Puy, Gilles and Marlet, Renaud},
  booktitle=CVPR,
  year={2023}
}

@inproceedings{song2020denoising,
  title={Denoising diffusion implicit models},
  author={Song, Jiaming and Meng, Chenlin and Ermon, Stefano},
  booktitle=ICLR,
  year={2021}
}

@inproceedings{jang2016categorical,
  title={Categorical reparameterization with gumbel-softmax},
  author={Jang, Eric and Gu, Shixiang and Poole, Ben},
  booktitle=ICLR,
  year={2017}
}

@inproceedings{lang2019pointpillars,
  title={Pointpillars: Fast encoders for object detection from point clouds},
  author={Lang, Alex H and Vora, Sourabh and Caesar, Holger and Zhou, Lubing and Yang, Jiong and Beijbom, Oscar},
  booktitle=CVPR,
  year={2019}
}

@inproceedings{gulino2024waymax,
  title={Waymax: An accelerated, data-driven simulator for large-scale autonomous driving research},
  author={Gulino, Cole and Fu, Justin and Luo, Wenjie and Tucker, George and Bronstein, Eli and Lu, Yiren and Harb, Jean and Pan, Xinlei and Wang, Yan and Chen, Xiangyu and others},
  booktitle=NIPS,
  volume={36},
  year={2024}
}

@inproceedings{shi2019pointrcnn,
  title={Pointrcnn: 3d object proposal generation and detection from point cloud},
  author={Shi, Shaoshuai and Wang, Xiaogang and Li, Hongsheng},
  booktitle=CVPR,
  year={2019}
}

@inproceedings{qi2017pointnet,
  title={Pointnet: Deep learning on point sets for 3d classification and segmentation},
  author={Qi, Charles R and Su, Hao and Mo, Kaichun and Guibas, Leonidas J},
  booktitle=CVPR,
  year={2017}
}

@inproceedings{qi2017pointnet++,
  title={Pointnet++: Deep hierarchical feature learning on point sets in a metric space},
  author={Qi, Charles Ruizhongtai and Yi, Li and Su, Hao and Guibas, Leonidas J},
  booktitle=NIPS,
  volume={30},
  year={2017}
}

@inproceedings{maturana2015voxnet,
  title={Voxnet: A 3d convolutional neural network for real-time object recognition},
  author={Maturana, Daniel and Scherer, Sebastian},
  booktitle=IROS,
  year={2015},
}

@article{yan2018second,
  title={Second: Sparsely embedded convolutional detection},
  author={Yan, Yan and Mao, Yuxing and Li, Bo},
  journal={Sensors},
  volume={18},
  number={10},
  pages={3337},
  year={2018},
  publisher={Multidisciplinary Digital Publishing Institute}
}

@inproceedings{zhou2018voxelnet,
  title={Voxelnet: End-to-end learning for point cloud based 3d object detection},
  author={Zhou, Yin and Tuzel, Oncel},
  booktitle=CVPR,
  year={2018}
}

%%%% v2x

@inproceedings{chen2019cooper,
  title={Cooper: Cooperative perception for connected autonomous vehicles based on 3d point clouds},
  author={Chen, Qi and Tang, Sihai and Yang, Qing and Fu, Song},
  booktitle={International Conference on Distributed Computing Systems (ICDCS)},
  year={2019},
  organization={IEEE}
}

@inproceedings{geiger2012kitti,
  title={Are we ready for autonomous driving? the kitti vision benchmark suite},
  author={Geiger, Andreas and Lenz, Philip and Urtasun, Raquel},
  booktitle=CVPR,
  year={2012},
}

@inproceedings{sun2020waymo,
  title={Scalability in perception for autonomous driving: Waymo open dataset},
  author={Sun, Pei and Kretzschmar, Henrik and Dotiwalla, Xerxes and Chouard, Aurelien and Patnaik, Vijaysai and Tsui, Paul and Guo, James and Zhou, Yin and Chai, Yuning and Caine, Benjamin and others},
  booktitle=CVPR,
  year={2020}
}

@inproceedings{caesar2020nuscenes,
  title={nuscenes: A multimodal dataset for autonomous driving},
  author={Caesar, Holger and Bankiti, Varun and Lang, Alex H and Vora, Sourabh and Liong, Venice Erin and Xu, Qiang and Krishnan, Anush and Pan, Yu and Baldan, Giancarlo and Beijbom, Oscar},
  booktitle=CVPR,
  year={2020}
}

@article{liao2022kitti360,
  title={Kitti-360: A novel dataset and benchmarks for urban scene understanding in 2d and 3d},
  author={Liao, Yiyi and Xie, Jun and Geiger, Andreas},
  journal=PAMI,
  volume={45},
  number={3},
  pages={3292--3310},
  year={2022},
  publisher={IEEE}
}

@inproceedings{xiao2021pandaset,
  title={Pandaset: Advanced sensor suite dataset for autonomous driving},
  author={Xiao, Pengchuan and Shao, Zhenlei and Hao, Steven and Zhang, Zishuo and Chai, Xiaolin and Jiao, Judy and Li, Zesong and Wu, Jian and Sun, Kai and Jiang, Kun and others},
  booktitle={International Intelligent Transportation Systems Conference (ITSC)},
  year={2021},
  organization={IEEE}
}

@inproceedings{lee2013pseudo,
  title={Pseudo-label: The simple and efficient semi-supervised learning method for deep neural networks},
  author={Lee, Dong-Hyun and others},
  booktitle={Workshop on challenges in representation learning, ICML},
  year={2013},
}

@inproceedings{zou2018unsupervised,
  title={Unsupervised domain adaptation for semantic segmentation via class-balanced self-training},
  author={Zou, Yang and Yu, Zhiding and Kumar, BVK and Wang, Jinsong},
  booktitle=ECCV,
  year={2018}
}

@inproceedings{zoph2020rethinking,
  title={Rethinking pre-training and self-training},
  author={Zoph, Barret and Ghiasi, Golnaz and Lin, Tsung-Yi and Cui, Yin and Liu, Hanxiao and Cubuk, Ekin Dogus and Le, Quoc},
  booktitle=NIPS,
  year={2020}
}

@inproceedings{pan2023towards,
  title={Towards open-world segmentation of parts},
  author={Pan, Tai-Yu and Liu, Qing and Chao, Wei-Lun and Price, Brian},
  booktitle=CVPR,
  year={2023}
}

@inproceedings{Dosovitskiy17carla,
  title = { {CARLA}: {An} Open Urban Driving Simulator},
  author = {Alexey Dosovitskiy and German Ros and Felipe Codevilla and Antonio Lopez and Vladlen Koltun},
  booktitle=CoRL,
  year = {2017}
}

@inproceedings{rawashdeh2018collaborative,
  title={Collaborative automated driving: A machine learning-based method to enhance the accuracy of shared information},
  author={Rawashdeh, Zaydoun Yahya and Wang, Zheng},
  booktitle={International Conference on Intelligent Transportation Systems (ITSC)},
  year={2018},
  organization={IEEE}
}

@inproceedings{chen2019fcooper,
  title={F-cooper: Feature based cooperative perception for autonomous vehicle edge computing system using 3D point clouds},
  author={Chen, Qi and Ma, Xu and Tang, Sihai and Guo, Jingda and Yang, Qing and Fu, Song},
  booktitle={Proceedings of the 4th ACM/IEEE Symposium on Edge Computing},
  year={2019}
}

@inproceedings{wang2020v2vnet,
  title={V2vnet: Vehicle-to-vehicle communication for joint perception and prediction},
  author={Wang, Tsun-Hsuan and Manivasagam, Sivabalan and Liang, Ming and Yang, Bin and Zeng, Wenyuan and Urtasun, Raquel},
  booktitle=ECCV,
  year={2020},
}

@inproceedings{xu2022v2xvit,
  title={V2x-vit: Vehicle-to-everything cooperative perception with vision transformer},
  author={Xu, Runsheng and Xiang, Hao and Tu, Zhengzhong and Xia, Xin and Yang, Ming-Hsuan and Ma, Jiaqi},
  booktitle=ECCV,
  year={2022},
}

@inproceedings{liu2020when2com,
  title={When2com: Multi-agent perception via communication graph grouping},
  author={Liu, Yen-Cheng and Tian, Junjiao and Glaser, Nathaniel and Kira, Zsolt},
  booktitle=CVPR,
  year={2020}
}

@inproceedings{li2021learning,
  title={Learning distilled collaboration graph for multi-agent perception},
  author={Li, Yiming and Ren, Shunli and Wu, Pengxiang and Chen, Siheng and Feng, Chen and Zhang, Wenjun},
  booktitle=NIPS,
  year={2021}
}

@inproceedings{hu2022where2comm,
  title={Where2comm: Communication-efficient collaborative perception via spatial confidence maps},
  author={Hu, Yue and Fang, Shaoheng and Lei, Zixing and Zhong, Yiqi and Chen, Siheng},
  booktitle=NIPS,
  year={2022}
}

@inproceedings{nichol2022glide,
  title={GLIDE: Towards Photorealistic Image Generation and Editing with Text-Guided Diffusion Models},
  author={Nichol, Alexander Quinn and Dhariwal, Prafulla and Ramesh, Aditya and Shyam, Pranav and Mishkin, Pamela and Mcgrew, Bob and Sutskever, Ilya and Chen, Mark},
  booktitle=ICML,
  year={2022},
}

@inproceedings{ramesh2021zero,
  title={Zero-shot text-to-image generation},
  author={Ramesh, Aditya and Pavlov, Mikhail and Goh, Gabriel and Gray, Scott and Voss, Chelsea and Radford, Alec and Chen, Mark and Sutskever, Ilya},
  booktitle=ICML,
  year={2021},
}

@inproceedings{ding2021cogview,
  title={Cogview: Mastering text-to-image generation via transformers},
  author={Ding, Ming and Yang, Zhuoyi and Hong, Wenyi and Zheng, Wendi and Zhou, Chang and Yin, Da and Lin, Junyang and Zou, Xu and Shao, Zhou and Yang, Hongxia and others},
  booktitle=NIPS,
  year={2021}
}

@inproceedings{gafni2022make,
  title={Make-a-scene: Scene-based text-to-image generation with human priors},
  author={Gafni, Oran and Polyak, Adam and Ashual, Oron and Sheynin, Shelly and Parikh, Devi and Taigman, Yaniv},
  booktitle=ECCV,
  year={2022},
}

@inproceedings{saharia2022photorealistic,
  title={Photorealistic text-to-image diffusion models with deep language understanding},
  author={Saharia, Chitwan and Chan, William and Saxena, Saurabh and Li, Lala and Whang, Jay and Denton, Emily L and Ghasemipour, Kamyar and Gontijo Lopes, Raphael and Karagol Ayan, Burcu and Salimans, Tim and others},
  booktitle=NIPS,
  year={2022}
}

@article{wang2022pretraining,
  title={Pretraining is all you need for image-to-image translation},
  author={Wang, Tengfei and Zhang, Ting and Zhang, Bo and Ouyang, Hao and Chen, Dong and Chen, Qifeng and Wen, Fang},
  journal={arXiv preprint arXiv:2205.12952},
  year={2022}
}

@inproceedings{voynov2023sketch,
  title={Sketch-guided text-to-image diffusion models},
  author={Voynov, Andrey and Aberman, Kfir and Cohen-Or, Daniel},
  booktitle={ACM SIGGRAPH},
  year={2023}
}

@inproceedings{hertzprompt,
  title={Prompt-to-Prompt Image Editing with Cross-Attention Control},
  author={Hertz, Amir and Mokady, Ron and Tenenbaum, Jay and Aberman, Kfir and Pritch, Yael and Cohen-or, Daniel},
  booktitle=ICLR,
  year={2023}
}

@inproceedings{feng2023training,
  title={Training-Free Structured Diffusion Guidance for Compositional Text-to-Image Synthesis},
  author={Feng, Weixi and He, Xuehai and Fu, Tsu-Jui and Jampani, Varun and Akula, Arjun and Narayana, Pradyumna and Basu, Sugato and Wang, Xin Eric and Wang, William Yang},
  year={2023},
  booktitle=ICLR
}

@article{balaji2022ediff,
  title={ediff-i: Text-to-image diffusion models with an ensemble of expert denoisers},
  author={Balaji, Yogesh and Nah, Seungjun and Huang, Xun and Vahdat, Arash and Song, Jiaming and Zhang, Qinsheng and Kreis, Karsten and Aittala, Miika and Aila, Timo and Laine, Samuli and others},
  journal={arXiv preprint arXiv:2211.01324},
  year={2022}
}

@inproceedings{zhang2023adding,
  title={Adding conditional control to text-to-image diffusion models},
  author={Zhang, Lvmin and Rao, Anyi and Agrawala, Maneesh},
  booktitle=CVPR,
  year={2023}
}

@inproceedings{li2025controlnet,
  title={ControlNet++: Improving Conditional Controls with Efficient Consistency Feedback},
  author={Li, Ming and Yang, Taojiannan and Kuang, Huafeng and Wu, Jie and Wang, Zhaoning and Xiao, Xuefeng and Chen, Chen},
  booktitle=ECCV,
  year={2025},
}

% UDA
@inproceedings{long2015learning,
  title={Learning transferable features with deep adaptation networks},
  author={Long, Mingsheng and Cao, Yue and Wang, Jianmin and Jordan, Michael},
  booktitle=ICML,
  year={2015},
}

@inproceedings{sun2016deep,
  title={Deep coral: Correlation alignment for deep domain adaptation},
  author={Sun, Baochen and Saenko, Kate},
  booktitle={ECCV Workshops},
  year={2016},
}

@inproceedings{tzeng2015simultaneous,
  title={Simultaneous deep transfer across domains and tasks},
  author={Tzeng, Eric and Hoffman, Judy and Darrell, Trevor and Saenko, Kate},
  booktitle=ICCV,
  year={2015}
}

@article{tzeng2014deep,
  title={Deep domain confusion: Maximizing for domain invariance},
  author={Tzeng, Eric and Hoffman, Judy and Zhang, Ning and Saenko, Kate and Darrell, Trevor},
  journal={arXiv preprint arXiv:1412.3474},
  year={2014}
}

@article{ajakan2014domain,
  title={Domain-adversarial neural networks},
  author={Ajakan, Hana and Germain, Pascal and Larochelle, Hugo and Laviolette, Fran{\c{c}}ois and Marchand, Mario},
  journal={arXiv preprint arXiv:1412.4446},
  year={2014}
}

@inproceedings{ganin2015unsupervised,
  title={Unsupervised domain adaptation by backpropagation},
  author={Ganin, Yaroslav and Lempitsky, Victor},
  booktitle=ICML,
  year={2015},
}

@article{ganin2016domain,
  title={Domain-adversarial training of neural networks},
  author={Ganin, Yaroslav and Ustinova, Evgeniya and Ajakan, Hana and Germain, Pascal and Larochelle, Hugo and Laviolette, Fran{\c{c}}ois and March, Mario and Lempitsky, Victor},
  journal={Journal of machine learning research},
  volume={17},
  number={59},
  pages={1--35},
  year={2016}
}

@inproceedings{tzeng2017adversarial,
  title={Adversarial discriminative domain adaptation},
  author={Tzeng, Eric and Hoffman, Judy and Saenko, Kate and Darrell, Trevor},
  booktitle=CVPR,
  year={2017}
}

@inproceedings{isola2017image,
  title={Image-to-image translation with conditional adversarial networks},
  author={Isola, Phillip and Zhu, Jun-Yan and Zhou, Tinghui and Efros, Alexei A},
  booktitle=CVPR,
  year={2017}
}

@inproceedings{bousmalis2017unsupervised,
  title={Unsupervised pixel-level domain adaptation with generative adversarial networks},
  author={Bousmalis, Konstantinos and Silberman, Nathan and Dohan, David and Erhan, Dumitru and Krishnan, Dilip},
  booktitle=CVPR,
  year={2017}
}




@inproceedings{xu2023v2v4real,
  title={V2v4real: A real-world large-scale dataset for vehicle-to-vehicle cooperative perception},
  author={Xu, Runsheng and Xia, Xin and Li, Jinlong and Li, Hanzhao and Zhang, Shuo and Tu, Zhengzhong and Meng, Zonglin and Xiang, Hao and Dong, Xiaoyu and Song, Rui and others},
  booktitle=CVPR,
  year={2023}
}

@article{xiang2024v2x,
  title={V2X-Real: a Largs-Scale Dataset for Vehicle-to-Everything Cooperative Perception},
  author={Xiang, Hao and Zheng, Zhaoliang and Xia, Xin and Xu, Runsheng and Gao, Letian and Zhou, Zewei and Han, Xu and Ji, Xinkai and Li, Mingxi and Meng, Zonglin and others},
  journal={arXiv preprint arXiv:2403.16034},
  year={2024}
}

@inproceedings{zhang2024chatscene,
  title={ChatScene: Knowledge-Enabled Safety-Critical Scenario Generation for Autonomous Vehicles},
  author={Zhang, Jiawei and Xu, Chejian and Li, Bo},
  booktitle=CVPR,
  year={2024}
}

@inproceedings{
    tan2024promptable,
    title={Promptable Closed-loop Traffic Simulation},
    author={Tan, Shuhan and Ivanovic, Boris and Chen, Yuxiao and Li, Boyi and Weng, Xinshuo and Cao, Yulong and Kr{\"a}henb{\"u}hl, Philipp and Pavone, Marco},
    booktitle={8th Annual Conference on Robot Learning},
    year={2024},
}  

@article{liu2024controllable,
  title={Controllable Traffic Simulation through LLM-Guided Hierarchical Chain-of-Thought Reasoning},
  author={Liu, Zhiyuan and Li, Leheng and Wang, Yuning and Lin, Haotian and Liu, Zhizhe and He, Lei and Wang, Jianqiang},
  journal={arXiv preprint arXiv:2409.15135},
  year={2024}
}

@inproceedings{li2024driving,
  title={Driving everywhere with large language model policy adaptation},
  author={Li, Boyi and Wang, Yue and Mao, Jiageng and Ivanovic, Boris and Veer, Sushant and Leung, Karen and Pavone, Marco},
  booktitle=CVPR,
  year={2024}
}

@inproceedings{wang2024drive,
  title={Drive anywhere: Generalizable end-to-end autonomous driving with multi-modal foundation models},
  author={Wang, Tsun-Hsuan and Maalouf, Alaa and Xiao, Wei and Ban, Yutong and Amini, Alexander and Rosman, Guy and Karaman, Sertac and Rus, Daniela},
  booktitle=ICRA,
  year={2024},
}

@inproceedings{pan2024vlp,
  title={VLP: Vision Language Planning for Autonomous Driving},
  author={Pan, Chenbin and Yaman, Burhaneddin and Nesti, Tommaso and Mallik, Abhirup and Allievi, Alessandro G and Velipasalar, Senem and Ren, Liu},
  booktitle=CVPR,
  year={2024}
}

@article{mao2023gpt,
  title={Gpt-driver: Learning to drive with gpt},
  author={Mao, Jiageng and Qian, Yuxi and Ye, Junjie and Zhao, Hang and Wang, Yue},
  journal={arXiv preprint arXiv:2310.01415},
  year={2023}
}

@inproceedings{philion2024trajeglish,
  title={Trajeglish: Traffic Modeling as Next-Token Prediction},
  author={Philion, Jonah and Peng, Xue Bin and Fidler, Sanja},
  booktitle=ICLR,
  year={2024}
}

@inproceedings{seff2023motionlm,
  title={Motionlm: Multi-agent motion forecasting as language modeling},
  author={Seff, Ari and Cera, Brian and Chen, Dian and Ng, Mason and Zhou, Aurick and Nayakanti, Nigamaa and Refaat, Khaled S and Al-Rfou, Rami and Sapp, Benjamin},
  booktitle=ICCV,
  year={2023}
}

@article{cho2024language,
  title={Language-Image Models with 3D Understanding},
  author={Cho, Jang Hyun and Ivanovic, Boris and Cao, Yulong and Schmerling, Edward and Wang, Yue and Weng, Xinshuo and Li, Boyi and You, Yurong and Kr{\"a}henb{\"u}hl, Philipp and Wang, Yan and others},
  journal={arXiv preprint arXiv:2405.03685},
  year={2024}
}

@inproceedings{shao2024lmdrive,
  title={Lmdrive: Closed-loop end-to-end driving with large language models},
  author={Shao, Hao and Hu, Yuxuan and Wang, Letian and Song, Guanglu and Waslander, Steven L and Liu, Yu and Li, Hongsheng},
  booktitle=CVPR,
  year={2024}
}

@inproceedings{ding2024holistic,
  title={Holistic Autonomous Driving Understanding by Bird's-Eye-View Injected Multi-Modal Large Models},
  author={Ding, Xinpeng and Han, Jianhua and Xu, Hang and Liang, Xiaodan and Zhang, Wei and Li, Xiaomeng},
  booktitle=CVPR,
  year={2024}
}

@inproceedings{kim2019grounding,
  title={Grounding human-to-vehicle advice for self-driving vehicles},
  author={Kim, Jinkyu and Misu, Teruhisa and Chen, Yi-Ting and Tawari, Ashish and Canny, John},
  booktitle=CVPR,
  year={2019}
}

@article{chen2024autonomous,
  title={An Autonomous Large Language Model Agent for Chemical Literature Data Mining},
  author={Chen, Kexin and Cao, Hanqun and Li, Junyou and Du, Yuyang and Guo, Menghao and Zeng, Xin and Li, Lanqing and Qiu, Jiezhong and Heng, Pheng Ann and Chen, Guangyong},
  journal={arXiv preprint arXiv:2402.12993},
  year={2024}
}

% for nips, change article to inproceedings, journal to booktitle

% References added by Sooyoung

% LIDMs
@inproceedings{ran2024towards,
  title={Towards Realistic Scene Generation with LiDAR Diffusion Models},
  author={Ran, Haoxi and Guizilini, Vitor and Wang, Yue},
  booktitle=CVPR,
  year={2024}
}

% RangeLDM
@inproceedings{hu2025rangeldm,
  title={Rangeldm: Fast realistic lidar point cloud generation},
  author={Hu, Qianjiang and Zhang, Zhimin and Hu, Wei},
  booktitle=ECCV,
  year={2025},
}

% Text 2 Lidar
@inproceedings{wu2024text2lidar,
  title={Text2LiDAR: Text-guided LiDAR Point Cloud Generation via Equirectangular Transformer},
  author={Wu, Yang and Zhang, Kaihua and Qian, Jianjun and Xie, Jin and Yang, Jian},
  booktitle=ECCV,
  year={2024},
  publisher={Springer}
}

% V2X-Sim
@inproceedings{li2022v2xsim,
  title={V2X-Sim: Multi-agent collaborative perception dataset and benchmark for autonomous driving},
  author={Li, Yiming and Ma, Dekun and An, Ziyan and Wang, Zixun and Zhong, Yiqi and Chen, Siheng and Feng, Chen},
  booktitle={Robotics and Automation Letters},
  volume={7},
  number={4},
  pages={10914--10921},
  year={2022},
  publisher={IEEE}
}

% Dair-V2X
@inproceedings{dair-v2x,
  title={Dair-v2x: A large-scale dataset for vehicle-infrastructure cooperative 3d object detection},
  author={Yu, Haibao and Luo, Yizhen and Shu, Mao and Huo, Yiyi and Yang, Zebang and Shi, Yifeng and Guo, Zhenglong and Li, Hanyu and Hu, Xing and Yuan, Jirui and Nie, Zaiqing},
  booktitle=CVPR,
  year={2022}
}

% R2DM
@inproceedings{nakashima2024lidar-r2dm,
  title={Lidar data synthesis with denoising diffusion probabilistic models},
  author={Nakashima, Kazuto and Kurazume, Ryo},
  booktitle=ICRA,
  year={2024},
}

% LiDARGen
@inproceedings{zyrianov2022learning-lidargen,
  title={Learning to generate realistic lidar point clouds},
  author={Zyrianov, Vlas and Zhu, Xiyue and Wang, Shenlong},
  booktitle=ECCV,
  year={2022},
}

% LiDAR DM
@article{zyrianov2024lidardm,
  title={LidarDM: Generative LiDAR Simulation in a Generated World},
  author={Zyrianov, Vlas and Che, Henry and Liu, Zhijian and Wang, Shenlong},
  journal={arXiv preprint arXiv:2404.02903},
  year={2024}
}

% Ultra Lidar
@inproceedings{xiong2023ultralidar,
  title={Ultralidar: Learning compact representations for lidar completion and generation},
  author={Xiong, Yuwen and Ma, Wei-Chiu and Wang, Jingkang and Urtasun, Raquel},
  booktitle=CVPR,
  year={2023}
}

% Range Image Related Citations
@inproceedings{wu2018squeezeseg,
  title={Squeezeseg: Convolutional neural nets with recurrent crf for real-time road-object segmentation from 3d lidar point cloud},
  author={Wu, Bichen and Wan, Alvin and Yue, Xiangyu and Keutzer, Kurt},
  booktitle=ICRA,
  year={2018},
}

@inproceedings{milioto2019rangenet++,
  title={Rangenet++: Fast and accurate lidar semantic segmentation},
  author={Milioto, Andres and Vizzo, Ignacio and Behley, Jens and Stachniss, Cyrill},
  booktitle=IROS,
  year={2019},
}

@inproceedings{sohl2015deep,
  title={Deep unsupervised learning using nonequilibrium thermodynamics},
  author={Sohl-Dickstein, Jascha and Weiss, Eric and Maheswaranathan, Niru and Ganguli, Surya},
  booktitle=ICML,
  year={2015}
}

@inproceedings{nichol2021glide,
  title={Glide: Towards photorealistic image generation and editing with text-guided diffusion models},
  author={Nichol, Alex and Dhariwal, Prafulla and Ramesh, Aditya and Shyam, Pranav and Mishkin, Pamela and McGrew, Bob and Sutskever, Ilya and Chen, Mark},
  booktitle=ICML,
  year={2022}
}

@article{ramesh2022hierarchical,
  title={Hierarchical text-conditional image generation with clip latents},
  author={Ramesh, Aditya and Dhariwal, Prafulla and Nichol, Alex and Chu, Casey and Chen, Mark},
  journal={arXiv preprint arXiv:2204.06125},
  year={2022}
}

% 3D Point Cloud generation for Object only (NO SCENE)
@inproceedings{achlioptas2018learning,
  title={Learning representations and generative models for 3d point clouds},
  author={Achlioptas, Panos and Diamanti, Olga and Mitliagkas, Ioannis and Guibas, Leonidas},
  booktitle=ICML,
  year={2018}
}

@inproceedings{fan2017point,
  title={A point set generation network for 3d object reconstruction from a single image},
  author={Fan, Haoqiang and Su, Hao and Guibas, Leonidas J},
  booktitle=CVPR,
  year={2017}
}

@inproceedings{shu20193d,
  title={3d point cloud generative adversarial network based on tree structured graph convolutions},
  author={Shu, Dong Wook and Park, Sung Woo and Kwon, Junseok},
  booktitle=ICCV,
  year={2019}
}

@inproceedings{valsesia2018learning,
  title={Learning localized generative models for 3d point clouds via graph convolution},
  author={Valsesia, Diego and Fracastoro, Giulia and Magli, Enrico},
  booktitle=ICLR,
  year={2018}
}

@inproceedings{eskandar2024empirical,
  title={An Empirical Study of the Generalization Ability of Lidar 3D Object Detectors to Unseen Domains},
  author={Eskandar, George},
  booktitle=CVPR,
  year={2024}
}

@inproceedings{li2023pcgen,
  title={Pcgen: Point cloud generator for lidar simulation},
  author={Li, Chenqi and Ren, Yuan and Liu, Bingbing},
  booktitle=ICRA,
  year={2023},
}

@inproceedings{tao2024lidarnerf,
  title={LiDAR-NeRF: Novel lidar view synthesis via neural radiance fields},
  author={Tao, Tang and Gao, Longfei and Wang, Guangrun and Lao, Yixing and Chen, Peng and Zhao, Hengshuang and Hao, Dayang and Liang, Xiaodan and Salzmann, Mathieu and Yu, Kaicheng},
  booktitle={ACM MM},
  year={2024}
}

@inproceedings{chang2023nerflidar,
  title={Neural radiance field with lidar maps},
  author={Chang, MingFang and Sharma, Akash and Kaess, Michael and Lucey, Simon},
  booktitle=ICCV,
  year={2023}
}

@inproceedings{zheng2024lidar4d,
  title={LiDAR4D: Dynamic Neural Fields for Novel Space-time View LiDAR Synthesis},
  author={Zheng, Zehan and Lu, Fan and Xue, Weiyi and Chen, Guang and Jiang, Changjun},
  booktitle=CVPR,
  year={2024}
}

@inproceedings{mildenhall2021nerf,
  title={Nerf: Representing scenes as neural radiance fields for view synthesis},
  author={Mildenhall, Ben and Srinivasan, Pratul P and Tancik, Matthew and Barron, Jonathan T and Ramamoorthi, Ravi and Ng, Ren},
  booktitle=ECCV,
  year={2021},
  publisher={ACM New York, NY, USA}
}

@inproceedings{barron2021mip,
  title={Mip-nerf: A multiscale representation for anti-aliasing neural radiance fields},
  author={Barron, Jonathan T and Mildenhall, Ben and Tancik, Matthew and Hedman, Peter and Martin-Brualla, Ricardo and Srinivasan, Pratul P},
  booktitle=CVPR,
  year={2021}
}

@inproceedings{barron2022mip,
  title={Mip-nerf 360: Unbounded anti-aliased neural radiance fields},
  author={Barron, Jonathan T and Mildenhall, Ben and Verbin, Dor and Srinivasan, Pratul P and Hedman, Peter},
  booktitle=CVPR,
  year={2022}
}

@inproceedings{deng2022depth,
  title={Depth-supervised nerf: Fewer views and faster training for free},
  author={Deng, Kangle and Liu, Andrew and Zhu, Jun-Yan and Ramanan, Deva},
  booktitle=CVPR,
  year={2022}
}

@inproceedings{roessle2022dense,
  title={Dense depth priors for neural radiance fields from sparse input views},
  author={Roessle, Barbara and Barron, Jonathan T and Mildenhall, Ben and Srinivasan, Pratul P and Nie{\ss}ner, Matthias},
  booktitle=CVPR,
  year={2022}
}

@inproceedings{huang2023neural,
  title={Neural lidar fields for novel view synthesis},
  author={Huang, Shengyu and Gojcic, Zan and Wang, Zian and Williams, Francis and Kasten, Yoni and Fidler, Sanja and Schindler, Konrad and Litany, Or},
  booktitle=ICCV,
  year={2023}
}

@inproceedings{zhang2024nerf,
  title={Nerf-lidar: Generating realistic lidar point clouds with neural radiance fields},
  author={Zhang, Junge and Zhang, Feihu and Kuang, Shaochen and Zhang, Li},
  booktitle=AAAI,
  year={2024}
}