@inproceedings{radford2021learning,
  title={Learning transferable visual models from natural language supervision},
  author={Radford, Alec and Kim, Jong Wook and Hallacy, Chris and Ramesh, Aditya and Goh, Gabriel and Agarwal, Sandhini and Sastry, Girish and Askell, Amanda and Mishkin, Pamela and Clark, Jack and others},
  booktitle={International conference on machine learning},
  pages={8748--8763},
  year={2021},
  organization={PMLR}
}

@inproceedings{rombach2022high,
  title={High-resolution image synthesis with latent diffusion models},
  author={Rombach, Robin and Blattmann, Andreas and Lorenz, Dominik and Esser, Patrick and Ommer, Bj{\"o}rn},
  booktitle={Proceedings of the IEEE/CVF conference on computer vision and pattern recognition},
  pages={10684--10695},
  year={2022}
}

@article{muttenthaler2024improving,
  title={Improving neural network representations using human similarity judgments},
  author={Muttenthaler, Lukas and Linhardt, Lorenz and Dippel, Jonas and Vandermeulen, Robert A and Hermann, Katherine and Lampinen, Andrew and Kornblith, Simon},
  journal={Advances in Neural Information Processing Systems},
  volume={36},
  year={2023}
}

@inproceedings{muttenthalerhuman,
  title={Human alignment of neural network representations},
  author={Muttenthaler, Lukas and Dippel, Jonas and Linhardt, Lorenz and Vandermeulen, Robert A and Kornblith, Simon},
  booktitle={The Eleventh International Conference on Learning Representations},
  year={2022}
}

@inproceedings{sundaramdoes,
  title={When does perceptual alignment benefit vision representations?},
  author={Sundaram, Shobhita and Fu, Stephanie and Muttenthaler, Lukas and Tamir, Netanel Yakir and Chai, Lucy and Kornblith, Simon and Darrell, Trevor and Isola, Phillip},
  booktitle={The Thirty-eighth Annual Conference on Neural Information Processing Systems},
  year={2024}
}

@article{fu2024dreamsim,
  title={DreamSim: Learning New Dimensions of Human Visual Similarity using Synthetic Data},
  author={Fu, Stephanie and Tamir, Netanel and Sundaram, Shobhita and Chai, Lucy and Zhang, Richard and Dekel, Tali and Isola, Phillip},
  journal={Advances in Neural Information Processing Systems},
  volume={36},
  year={2023}
}

@article{hubel1962receptive,
  title={Receptive fields, binocular interaction and functional architecture in the cat's visual cortex},
  author={Hubel, David H and Wiesel, Torsten N},
  journal={The Journal of Physiology},
  volume={160},
  number={1},
  pages={106},
  year={1962},
  publisher={Wiley}
}

@article{kamitani2005decoding,
  title={Decoding the visual and subjective contents of the human brain},
  author={Kamitani, Yukiyasu and Tong, Frank},
  journal={Nature neuroscience},
  volume={8},
  number={5},
  pages={679--685},
  year={2005},
  publisher={Nature Publishing Group US New York}
}

@article{scotti2024reconstructing,
  title={Reconstructing the mind's eye: fMRI-to-image with contrastive learning and diffusion priors},
  author={Scotti, Paul and Banerjee, Atmadeep and Goode, Jimmie and Shabalin, Stepan and Nguyen, Alex and Dempster, Aidan and Verlinde, Nathalie and Yundler, Elad and Weisberg, David and Norman, Kenneth and others},
  journal={Advances in Neural Information Processing Systems},
  volume={36},
  year={2023}
}

@inproceedings{scottimindeye2,
  title={MindEye2: Shared-Subject Models Enable fMRI-To-Image With 1 Hour of Data},
  author={Scotti, Paul Steven and Tripathy, Mihir and Torrico, Cesar and Kneeland, Reese and Chen, Tong and Narang, Ashutosh and Santhirasegaran, Charan and Xu, Jonathan and Naselaris, Thomas and Norman, Kenneth A and others},
  booktitle={Forty-first International Conference on Machine Learning},
  year={2024}
}

@inproceedings{spampinato2017deep,
  title={Deep learning human mind for automated visual classification},
  author={Spampinato, Concetto and Palazzo, Simone and Kavasidis, Isaak and Giordano, Daniela and Souly, Nasim and Shah, Mubarak},
  booktitle={Proceedings of the IEEE conference on computer vision and pattern recognition},
  pages={6809--6817},
  year={2017}
}

@inproceedings{du2017sharing,
  title={Sharing deep generative representation for perceived image reconstruction from human brain activity},
  author={Du, Changde and Du, Changying and He, Huiguang},
  booktitle={2017 international joint conference on neural networks (ijcnn)},
  pages={1049--1056},
  year={2017},
  organization={IEEE}
}

@article{gifford2022large,
  title={A large and rich EEG dataset for modeling human visual object recognition},
  author={Gifford, Alessandro T and Dwivedi, Kshitij and Roig, Gemma and Cichy, Radoslaw M},
  journal={NeuroImage},
  volume={264},
  pages={119754},
  year={2022},
  publisher={Elsevier}
}

@inproceedings{songdecoding,
  title={Decoding Natural Images from EEG for Object Recognition},
  author={Song, Yonghao and Liu, Bingchuan and Li, Xiang and Shi, Nanlin and Wang, Yijun and Gao, Xiaorong},
  booktitle={The Twelfth International Conference on Learning Representations},
  year={2024}
}

@article{li2024visual,
  title={Visual decoding and reconstruction via eeg embeddings with guided diffusion},
  author={Li, Dongyang and Wei, Chen and Li, Shiying and Zou, Jiachen and Qin, Haoyang and Liu, Quanying},
  journal={Advances in Neural Information Processing Systems},
  year={2024}
}

@article{dosovitskiy2020image,
  title={An image is worth 16x16 words: Transformers for image recognition at scale},
  author={Dosovitskiy, Alexey},
  journal={arXiv preprint arXiv:2010.11929},
  year={2020}
}

@inproceedings{caron2021emerging,
  title={Emerging properties in self-supervised vision transformers},
  author={Caron, Mathilde and Touvron, Hugo and Misra, Ishan and J{\'e}gou, Herv{\'e} and Mairal, Julien and Bojanowski, Piotr and Joulin, Armand},
  booktitle={Proceedings of the IEEE/CVF international conference on computer vision},
  pages={9650--9660},
  year={2021}
}

@inproceedings{cherti2023reproducible,
  title={Reproducible scaling laws for contrastive language-image learning},
  author={Cherti, Mehdi and Beaumont, Romain and Wightman, Ross and Wortsman, Mitchell and Ilharco, Gabriel and Gordon, Cade and Schuhmann, Christoph and Schmidt, Ludwig and Jitsev, Jenia},
  booktitle={Proceedings of the IEEE/CVF Conference on Computer Vision and Pattern Recognition},
  pages={2818--2829},
  year={2023}
}

@article{oquabdinov2,
  title={DINOv2: Learning Robust Visual Features without Supervision},
  author={Oquab, Maxime and Darcet, Timoth{\'e}e and Moutakanni, Th{\'e}o and Vo, Huy V and Szafraniec, Marc and Khalidov, Vasil and Fernandez, Pierre and HAZIZA, Daniel and Massa, Francisco and El-Nouby, Alaaeldin and others},
  journal={Transactions on Machine Learning Research},
  year={2024}
}

@inproceedings{tian2024learning,
  title={Learning vision from models rivals learning vision from data},
  author={Tian, Yonglong and Fan, Lijie and Chen, Kaifeng and Katabi, Dina and Krishnan, Dilip and Isola, Phillip},
  booktitle={Proceedings of the IEEE/CVF Conference on Computer Vision and Pattern Recognition},
  pages={15887--15898},
  year={2024}
}

@article{fel2022harmonizing,
  title={Harmonizing the object recognition strategies of deep neural networks with humans},
  author={Fel, Thomas and Rodriguez Rodriguez, Ivan F and Linsley, Drew and Serre, Thomas},
  journal={Advances in neural information processing systems},
  volume={35},
  pages={9432--9446},
  year={2022}
}

@article{russakovsky2015imagenet,
  title={Imagenet large scale visual recognition challenge},
  author={Russakovsky, Olga and Deng, Jia and Su, Hao and Krause, Jonathan and Satheesh, Sanjeev and Ma, Sean and Huang, Zhiheng and Karpathy, Andrej and Khosla, Aditya and Bernstein, Michael and others},
  journal={International journal of computer vision},
  volume={115},
  pages={211--252},
  year={2015},
  publisher={Springer}
}

@article{golan2020controversial,
  title={Controversial stimuli: Pitting neural networks against each other as models of human cognition},
  author={Golan, Tal and Raju, Prashant C and Kriegeskorte, Nikolaus},
  journal={Proceedings of the National Academy of Sciences},
  volume={117},
  number={47},
  pages={29330--29337},
  year={2020},
  publisher={National Acad Sciences}
}

@article{lindsay2021convolutional,
  title={Convolutional neural networks as a model of the visual system: Past, present, and future},
  author={Lindsay, Grace W},
  journal={Journal of cognitive neuroscience},
  volume={33},
  number={10},
  pages={2017--2031},
  year={2021},
  publisher={MIT Press One Rogers Street, Cambridge, MA 02142-1209, USA journals-info~â€¦}
}

@article{hebart2023things,
  title={THINGS-data, a multimodal collection of large-scale datasets for investigating object representations in human brain and behavior},
  author={Hebart, Martin N and Contier, Oliver and Teichmann, Lina and Rockter, Adam H and Zheng, Charles Y and Kidder, Alexis and Corriveau, Anna and Vaziri-Pashkam, Maryam and Baker, Chris I},
  journal={Elife},
  volume={12},
  pages={e82580},
  year={2023},
  publisher={eLife Sciences Publications Limited}
}

@article{kumarbetter,
  title={Do better ImageNet classifiers assess perceptual similarity better?},
  author={Kumar, Manoj and Houlsby, Neil and Kalchbrenner, Nal and Cubuk, Ekin Dogus},
  journal={Transactions on Machine Learning Research},
  year={2022}
}

@article{lawhern2018eegnet,
  title={EEGNet: a compact convolutional neural network for EEG-based brain--computer interfaces},
  author={Lawhern, Vernon J and Solon, Amelia J and Waytowich, Nicholas R and Gordon, Stephen M and Hung, Chou P and Lance, Brent J},
  journal={Journal of neural engineering},
  volume={15},
  number={5},
  pages={056013},
  year={2018},
  publisher={iOP Publishing}
}

@article{song2022eeg,
  title={EEG conformer: Convolutional transformer for EEG decoding and visualization},
  author={Song, Yonghao and Zheng, Qingqing and Liu, Bingchuan and Gao, Xiaorong},
  journal={IEEE Transactions on Neural Systems and Rehabilitation Engineering},
  volume={31},
  pages={710--719},
  year={2022},
  publisher={IEEE}
}

@article{fukushima1980neocognitron,
  title={Neocognitron: A self-organizing neural network model for a mechanism of pattern recognition unaffected by shift in position},
  author={Fukushima, Kunihiko},
  journal={Biological cybernetics},
  volume={36},
  number={4},
  pages={193--202},
  year={1980},
  publisher={Springer}
}

@article{serre2007feedforward,
  title={A feedforward architecture accounts for rapid categorization},
  author={Serre, Thomas and Oliva, Aude and Poggio, Tomaso},
  journal={Proceedings of the national academy of sciences},
  volume={104},
  number={15},
  pages={6424--6429},
  year={2007},
  publisher={National Acad Sciences}
}

@article{krizhevsky2012imagenet,
  title={Imagenet classification with deep convolutional neural networks},
  author={Krizhevsky, Alex and Sutskever, Ilya and Hinton, Geoffrey E},
  journal={Advances in neural information processing systems},
  volume={25},
  year={2012}
}

@inproceedings{benchetritbrain,
  title={Brain decoding: toward real-time reconstruction of visual perception},
  author={Benchetrit, Yohann and Banville, Hubert and King, Jean-Remi},
  booktitle={The Twelfth International Conference on Learning Representations},
  year={2023}
}

@article{allen2022massive,
  title={A massive 7T fMRI dataset to bridge cognitive neuroscience and artificial intelligence},
  author={Allen, Emily J and St-Yves, Ghislain and Wu, Yihan and Breedlove, Jesse L and Prince, Jacob S and Dowdle, Logan T and Nau, Matthias and Caron, Brad and Pestilli, Franco and Charest, Ian and others},
  journal={Nature neuroscience},
  volume={25},
  number={1},
  pages={116--126},
  year={2022},
  publisher={Nature Publishing Group US New York}
}

@inproceedings{zhai2022lit,
  title={Lit: Zero-shot transfer with locked-image text tuning},
  author={Zhai, Xiaohua and Wang, Xiao and Mustafa, Basil and Steiner, Andreas and Keysers, Daniel and Kolesnikov, Alexander and Beyer, Lucas},
  booktitle={Proceedings of the IEEE/CVF conference on computer vision and pattern recognition},
  pages={18123--18133},
  year={2022}
}

@article{hebart2019things,
  title={THINGS: A database of 1,854 object concepts and more than 26,000 naturalistic object images},
  author={Hebart, Martin N and Dickter, Adam H and Kidder, Alexis and Kwok, Wan Y and Corriveau, Anna and Van Wicklin, Caitlin and Baker, Chris I},
  journal={PloS one},
  volume={14},
  number={10},
  pages={e0223792},
  year={2019},
  publisher={Public Library of Science San Francisco, CA USA}
}

@article{li2020perils,
  title={The perils and pitfalls of block design for EEG classification experiments},
  author={Li, Ren and Johansen, Jared S and Ahmed, Hamad and Ilyevsky, Thomas V and Wilbur, Ronnie B and Bharadwaj, Hari M and Siskind, Jeffrey Mark},
  journal={IEEE Transactions on Pattern Analysis and Machine Intelligence},
  volume={43},
  number={1},
  pages={316--333},
  year={2020},
  publisher={IEEE}
}

@inproceedings{selvaraju2017grad,
  title={Grad-cam: Visual explanations from deep networks via gradient-based localization},
  author={Selvaraju, Ramprasaath R and Cogswell, Michael and Das, Abhishek and Vedantam, Ramakrishna and Parikh, Devi and Batra, Dhruv},
  booktitle={Proceedings of the IEEE international conference on computer vision},
  pages={618--626},
  year={2017}
}

@article{lamme2000distinct,
  title={The distinct modes of vision offered by feedforward and recurrent processing},
  author={Lamme, Victor AF and Roelfsema, Pieter R},
  journal={Trends in neurosciences},
  volume={23},
  number={11},
  pages={571--579},
  year={2000},
  publisher={Elsevier}
}

@article{hillyard1998event,
  title={Event-related brain potentials in the study of visual selective attention},
  author={Hillyard, Steven A and Anllo-Vento, Lourdes},
  journal={Proceedings of the National Academy of Sciences},
  volume={95},
  number={3},
  pages={781--787},
  year={1998},
  publisher={National Acad Sciences}
}

@article{michalareas2016alpha,
  title={Alpha-beta and gamma rhythms subserve feedback and feedforward influences among human visual cortical areas},
  author={Michalareas, Georgios and Vezoli, Julien and Van Pelt, Stan and Schoffelen, Jan-Mathijs and Kennedy, Henry and Fries, Pascal},
  journal={Neuron},
  volume={89},
  number={2},
  pages={384--397},
  year={2016},
  publisher={Elsevier}
}

@article{bastos2015visual,
  title={Visual areas exert feedforward and feedback influences through distinct frequency channels},
  author={Bastos, Andre Moraes and Vezoli, Julien and Bosman, Conrado Arturo and Schoffelen, Jan-Mathijs and Oostenveld, Robert and Dowdall, Jarrod Robert and De Weerd, Peter and Kennedy, Henry and Fries, Pascal},
  journal={Neuron},
  volume={85},
  number={2},
  pages={390--401},
  year={2015},
  publisher={Elsevier}
}

@article{wandell2007visual,
  title={Visual field maps in human cortex},
  author={Wandell, Brian A and Dumoulin, Serge O and Brewer, Alyssa A},
  journal={Neuron},
  volume={56},
  number={2},
  pages={366--383},
  year={2007},
  publisher={Elsevier}
}

@article{grill2004human,
  title={The human visual cortex},
  author={Grill-Spector, Kalanit and Malach, Rafael},
  journal={Annu. Rev. Neurosci.},
  volume={27},
  number={1},
  pages={649--677},
  year={2004},
  publisher={Annual Reviews}
}

@article{ferrante2024decoding,
  title={Decoding visual brain representations from electroencephalography through knowledge distillation and latent diffusion models},
  author={Ferrante, Matteo and Boccato, Tommaso and Bargione, Stefano and Toschi, Nicola},
  journal={Computers in Biology and Medicine},
  pages={108701},
  year={2024},
  publisher={Elsevier}
}

@inproceedings{linsleylearning,
  title={Learning what and where to attend},
  author={Linsley, Drew and Shiebler, Dan and Eberhardt, Sven and Serre, Thomas},
  booktitle={International Conference on Learning Representations},
  year={2019}
}

@inproceedings{linsley2017visual,
  title={What are the visual features underlying human versus machine vision?},
  author={Linsley, Drew and Eberhardt, Sven and Sharma, Tarun and Gupta, Pankaj and Serre, Thomas},
  booktitle={Proceedings of the IEEE International Conference on Computer Vision Workshops},
  pages={2706--2714},
  year={2017}
}

@article{sucholutsky2023getting,
  title={Getting aligned on representational alignment},
  author={Sucholutsky, Ilia and Muttenthaler, Lukas and Weller, Adrian and Peng, Andi and Bobu, Andreea and Kim, Been and Love, Bradley C and Grant, Erin and Groen, Iris and Achterberg, Jascha and others},
  journal={arXiv preprint arXiv:2310.13018},
  year={2023}
}

@article{guggenmos2018multivariate,
  title={Multivariate pattern analysis for MEG: A comparison of dissimilarity measures},
  author={Guggenmos, Matthias and Sterzer, Philipp and Cichy, Radoslaw Martin},
  journal={Neuroimage},
  volume={173},
  pages={434--447},
  year={2018},
  publisher={Elsevier}
}

