@String(PAMI = {IEEE Trans. Pattern Anal. Mach. Intell.})
@String(IJCV = {Int. J. Comput. Vis.})
@String(CVPR= {IEEE Conf. Comput. Vis. Pattern Recog.})
@String(ICCV= {Int. Conf. Comput. Vis.})
@String(ECCV= {Eur. Conf. Comput. Vis.})
@String(NIPS= {Adv. Neural Inform. Process. Syst.})
@String(ICPR = {Int. Conf. Pattern Recog.})
@String(BMVC= {Brit. Mach. Vis. Conf.})
@String(TOG= {ACM Trans. Graph.})
@String(TIP  = {IEEE Trans. Image Process.})
@String(TVCG  = {IEEE Trans. Vis. Comput. Graph.})
@String(TMM  = {IEEE Trans. Multimedia})
@String(ACMMM= {ACM Int. Conf. Multimedia})
@String(ICME = {Int. Conf. Multimedia and Expo})
@String(ICASSP=	{ICASSP})
@String(ICIP = {IEEE Int. Conf. Image Process.})
@String(ACCV  = {ACCV})
@String(ICLR = {Int. Conf. Learn. Represent.})
@String(IJCAI = {IJCAI})
@String(PR   = {Pattern Recognition})
@String(AAAI = {AAAI})
@String(CVPRW= {IEEE Conf. Comput. Vis. Pattern Recog. Worksh.})
@String(CSVT = {IEEE Trans. Circuit Syst. Video Technol.})

@String(SPL	= {IEEE Sign. Process. Letters})
@String(VR   = {Vis. Res.})
@String(JOV	 = {J. Vis.})
@String(TVC  = {The Vis. Comput.})
@String(JCST  = {J. Comput. Sci. Tech.})
@String(CGF  = {Comput. Graph. Forum})
@String(CVM = {Computational Visual Media})


@String(PAMI  = {IEEE TPAMI})
@String(IJCV  = {IJCV})
@String(CVPR  = {CVPR})
@String(ICCV  = {ICCV})
@String(ECCV  = {ECCV})
@String(NIPS  = {NeurIPS})
@String(ICPR  = {ICPR})
@String(BMVC  =	{BMVC})
@String(TOG   = {ACM TOG})
@String(TIP   = {IEEE TIP})
@String(TVCG  = {IEEE TVCG})
@String(TCSVT = {IEEE TCSVT})
@String(TMM   =	{IEEE TMM})
@String(ACMMM = {ACM MM})
@String(ICME  =	{ICME})
@String(ICASSP=	{ICASSP})
@String(ICIP  = {ICIP})
@String(ACCV  = {ACCV})
@String(ICLR  = {ICLR})
@String(IJCAI = {IJCAI})
@String(PR = {PR})
@String(AAAI = {AAAI})
@String(CVPRW= {CVPRW})
@String(CSVT = {IEEE TCSVT})

@inproceedings{attribute_chage,
  title={Exploring Diffusion Time-steps for Unsupervised Representation Learning},
  author={Yue, Zhongqi and Wang, Jiankun and Sun, Qianru and Ji, Lei and Eric, I and Chang, Chao and Zhang, Hanwang},
  booktitle={ICLR},
  year={2023}
}

@inproceedings{pullback,
  title={Understanding the latent space of diffusion models through the lens of Riemannian geometry},
  author={Park, Yong-Hyun and Kwon, Mingi and Choi, Jaewoong and Jo, Junghyo and Uh, Youngjung},
  booktitle={NeurIPS},
  year={2023}
}

@inproceedings{kwondiffusion,
  title={Diffusion Models Already Have A Semantic Latent Space},
  author={Kwon, Mingi and Jeong, Jaeseok and Uh, Youngjung},
  booktitle={ICLR},
  year={2023}
}

@article{ho2020denoising,
  title={Denoising diffusion probabilistic models},
  author={Ho, Jonathan and Jain, Ajay and Abbeel, Pieter},
  journal={Advances in neural information processing systems},
  volume={33},
  pages={6840--6851},
  year={2020}
}

@article{song2020denoising,
  title={Denoising diffusion implicit models},
  author={Song, Jiaming and Meng, Chenlin and Ermon, Stefano},
  journal={arXiv preprint arXiv:2010.02502},
  year={2020}
}

@article{song2020score,
  title={Score-based generative modeling through stochastic differential equations},
  author={Song, Yang and Sohl-Dickstein, Jascha and Kingma, Diederik P and Kumar, Abhishek and Ermon, Stefano and Poole, Ben},
  journal={arXiv preprint arXiv:2011.13456},
  year={2020}
}

@article{dhariwal2021diffusion,
  title={Diffusion models beat gans on image synthesis},
  author={Dhariwal, Prafulla and Nichol, Alexander},
  journal={Advances in neural information processing systems},
  volume={34},
  pages={8780--8794},
  year={2021}
}

@inproceedings{nichol2021improved,
  title={Improved denoising diffusion probabilistic models},
  author={Nichol, Alexander Quinn and Dhariwal, Prafulla},
  booktitle={International conference on machine learning},
  pages={8162--8171},
  year={2021},
  organization={PMLR}
}

@article{yang2023diffusion,
  title={Diffusion models: A comprehensive survey of methods and applications},
  author={Yang, Ling and Zhang, Zhilong and Song, Yang and Hong, Shenda and Xu, Runsheng and Zhao, Yue and Zhang, Wentao and Cui, Bin and Yang, Ming-Hsuan},
  journal={ACM Computing Surveys},
  volume={56},
  number={4},
  pages={1--39},
  year={2023},
  publisher={ACM New York, NY, USA}
}

@article{croitoru2023diffusion,
  title={Diffusion models in vision: A survey},
  author={Croitoru, Florinel-Alin and Hondru, Vlad and Ionescu, Radu Tudor and Shah, Mubarak},
  journal={IEEE Transactions on Pattern Analysis and Machine Intelligence},
  volume={45},
  number={9},
  pages={10850--10869},
  year={2023},
  publisher={IEEE}
}

@article{zhang2023text,
  title={Text-to-image diffusion models in generative ai: A survey},
  author={Zhang, Chenshuang and Zhang, Chaoning and Zhang, Mengchun and Kweon, In So},
  journal={arXiv preprint arXiv:2303.07909},
  year={2023}
}

@article{cao2024high,
  title={High-frequency space diffusion model for accelerated mri},
  author={Cao, Chentao and Cui, Zhuo-Xu and Wang, Yue and Liu, Shaonan and Chen, Taijin and Zheng, Hairong and Liang, Dong and Zhu, Yanjie},
  journal={IEEE Transactions on Medical Imaging},
  year={2024},
  publisher={IEEE}
}

@article{amit2021segdiff,
  title={Segdiff: Image segmentation with diffusion probabilistic models},
  author={Amit, Tomer and Shaharbany, Tal and Nachmani, Eliya and Wolf, Lior},
  journal={arXiv preprint arXiv:2112.00390},
  year={2021}
}

@article{baranchuk2021label,
  title={Label-efficient semantic segmentation with diffusion models},
  author={Baranchuk, Dmitry and Rubachev, Ivan and Voynov, Andrey and Khrulkov, Valentin and Babenko, Artem},
  journal={arXiv preprint arXiv:2112.03126},
  year={2021}
}

@article{li2022srdiff,
  title={Srdiff: Single image super-resolution with diffusion probabilistic models},
  author={Li, Haoying and Yang, Yifan and Chang, Meng and Chen, Shiqi and Feng, Huajun and Xu, Zhihai and Li, Qi and Chen, Yueting},
  journal={Neurocomputing},
  volume={479},
  pages={47--59},
  year={2022},
  publisher={Elsevier}
}

@inproceedings{whang2022deblurring,
  title={Deblurring via stochastic refinement},
  author={Whang, Jay and Delbracio, Mauricio and Talebi, Hossein and Saharia, Chitwan and Dimakis, Alexandros G and Milanfar, Peyman},
  booktitle={Proceedings of the IEEE/CVF Conference on Computer Vision and Pattern Recognition},
  pages={16293--16303},
  year={2022}
}

@inproceedings{huang2005inverse,
  title={Inverse problems in atmospheric science and their application},
  author={Huang, Sixun and Xiang, Jie and Du, Huadong and Cao, Xiaoqun},
  booktitle={Journal of Physics: Conference Series},
  volume={12},
  number={1},
  pages={45},
  year={2005},
  organization={IOP Publishing}
}

@book{wunsch1996ocean,
  title={The ocean circulation inverse problem},
  author={Wunsch, Carl},
  year={1996},
  publisher={Cambridge University Press}
}

@inproceedings{kawar2023imagic,
  title={Imagic: Text-based real image editing with diffusion models},
  author={Kawar, Bahjat and Zada, Shiran and Lang, Oran and Tov, Omer and Chang, Huiwen and Dekel, Tali and Mosseri, Inbar and Irani, Michal},
  booktitle={Proceedings of the IEEE/CVF Conference on Computer Vision and Pattern Recognition},
  pages={6007--6017},
  year={2023}
}

@inproceedings{ruiz2023dreambooth,
  title={Dreambooth: Fine tuning text-to-image diffusion models for subject-driven generation},
  author={Ruiz, Nataniel and Li, Yuanzhen and Jampani, Varun and Pritch, Yael and Rubinstein, Michael and Aberman, Kfir},
  booktitle={Proceedings of the IEEE/CVF conference on computer vision and pattern recognition},
  pages={22500--22510},
  year={2023}
}

@article{bar2023multidiffusion,
  title={Multidiffusion: Fusing diffusion paths for controlled image generation},
  author={Bar-Tal, Omer and Yariv, Lior and Lipman, Yaron and Dekel, Tali},
  year={2023}
}

@inproceedings{zhang2023sine,
  title={Sine: Single image editing with text-to-image diffusion models},
  author={Zhang, Zhixing and Han, Ligong and Ghosh, Arnab and Metaxas, Dimitris N and Ren, Jian},
  booktitle={Proceedings of the IEEE/CVF Conference on Computer Vision and Pattern Recognition},
  pages={6027--6037},
  year={2023}
}

@inproceedings{yang2023paint,
  title={Paint by example: Exemplar-based image editing with diffusion models},
  author={Yang, Binxin and Gu, Shuyang and Zhang, Bo and Zhang, Ting and Chen, Xuejin and Sun, Xiaoyan and Chen, Dong and Wen, Fang},
  booktitle={Proceedings of the IEEE/CVF Conference on Computer Vision and Pattern Recognition},
  pages={18381--18391},
  year={2023}
}

@article{chen2024textdiffuser,
  title={Textdiffuser: Diffusion models as text painters},
  author={Chen, Jingye and Huang, Yupan and Lv, Tengchao and Cui, Lei and Chen, Qifeng and Wei, Furu},
  journal={Advances in Neural Information Processing Systems},
  volume={36},
  year={2024}
}

@article{xue2024raphael,
  title={Raphael: Text-to-image generation via large mixture of diffusion paths},
  author={Xue, Zeyue and Song, Guanglu and Guo, Qiushan and Liu, Boxiao and Zong, Zhuofan and Liu, Yu and Luo, Ping},
  journal={Advances in Neural Information Processing Systems},
  volume={36},
  year={2024}
}

@inproceedings{zhu2023conditional,
  title={Conditional text image generation with diffusion models},
  author={Zhu, Yuanzhi and Li, Zhaohai and Wang, Tianwei and He, Mengchao and Yao, Cong},
  booktitle={Proceedings of the IEEE/CVF Conference on Computer Vision and Pattern Recognition},
  pages={14235--14245},
  year={2023}
}

@article{saharia2022photorealistic,
  title={Photorealistic text-to-image diffusion models with deep language understanding},
  author={Saharia, Chitwan and Chan, William and Saxena, Saurabh and Li, Lala and Whang, Jay and Denton, Emily L and Ghasemipour, Kamyar and Gontijo Lopes, Raphael and Karagol Ayan, Burcu and Salimans, Tim and others},
  journal={Advances in neural information processing systems},
  volume={35},
  pages={36479--36494},
  year={2022}
}

@article{ho2022cascaded,
  title={Cascaded diffusion models for high fidelity image generation},
  author={Ho, Jonathan and Saharia, Chitwan and Chan, William and Fleet, David J and Norouzi, Mohammad and Salimans, Tim},
  journal={Journal of Machine Learning Research},
  volume={23},
  number={47},
  pages={1--33},
  year={2022}
}

@inproceedings{shen2020interpreting,
  title={Interpreting the latent space of gans for semantic face editing},
  author={Shen, Yujun and Gu, Jinjin and Tang, Xiaoou and Zhou, Bolei},
  booktitle={Proceedings of the IEEE/CVF conference on computer vision and pattern recognition},
  pages={9243--9252},
  year={2020}
}

@article{chen2016infogan,
  title={Infogan: Interpretable representation learning by information maximizing generative adversarial nets},
  author={Chen, Xi and Duan, Yan and Houthooft, Rein and Schulman, John and Sutskever, Ilya and Abbeel, Pieter},
  journal={Advances in neural information processing systems},
  volume={29},
  year={2016}
}

@article{radford2015unsupervised,
  title={Unsupervised representation learning with deep convolutional generative adversarial networks},
  author={Radford, Alec},
  journal={arXiv preprint arXiv:1511.06434},
  year={2015}
}

@inproceedings{voynov2020unsupervised,
  title={Unsupervised discovery of interpretable directions in the gan latent space},
  author={Voynov, Andrey and Babenko, Artem},
  booktitle={International conference on machine learning},
  pages={9786--9796},
  year={2020},
  organization={PMLR}
}

@inproceedings{mukherjee2019clustergan,
  title={Clustergan: Latent space clustering in generative adversarial networks},
  author={Mukherjee, Sudipto and Asnani, Himanshu and Lin, Eugene and Kannan, Sreeram},
  booktitle={Proceedings of the AAAI conference on artificial intelligence},
  volume={33},
  number={01},
  pages={4610--4617},
  year={2019}
}

@article{ho2022classifier,
  title={Classifier-free diffusion guidance},
  author={Ho, Jonathan and Salimans, Tim},
  journal={arXiv preprint arXiv:2207.12598},
  year={2022}
}

@inproceedings{zhang2023adding,
  title={Adding conditional control to text-to-image diffusion models},
  author={Zhang, Lvmin and Rao, Anyi and Agrawala, Maneesh},
  booktitle={Proceedings of the IEEE/CVF International Conference on Computer Vision},
  pages={3836--3847},
  year={2023}
}

@article{gandikota2023concept,
  title={Concept sliders: Lora adaptors for precise control in diffusion models},
  author={Gandikota, Rohit and Materzynska, Joanna and Zhou, Tingrui and Torralba, Antonio and Bau, David},
  journal={arXiv preprint arXiv:2311.12092},
  year={2023}
}

@inproceedings{hartley2024domain,
  title={Domain Targeted Synthetic Plant Style Transfer using Stable Diffusion LoRA and ControlNet},
  author={Hartley, Zane KJ and Lind, Rob J and Pound, Michael P and French, Andrew P},
  booktitle={Proceedings of the IEEE/CVF Conference on Computer Vision and Pattern Recognition},
  pages={5375--5383},
  year={2024}
}

@inproceedings{pascual2024enhancing,
  title={Enhancing DreamBooth With LoRA for Generating Unlimited Characters With Stable Diffusion},
  author={Pascual, Rub{\'e}n and Maiza, Adri{\'a}n and Sesma-Sara, Mikel and Paternain, Daniel and Galar, Mikel},
  booktitle={2024 International Joint Conference on Neural Networks (IJCNN)},
  pages={1--8},
  year={2024},
  organization={IEEE}
}

@article{zhao2024uni,
  title={Uni-controlnet: All-in-one control to text-to-image diffusion models},
  author={Zhao, Shihao and Chen, Dongdong and Chen, Yen-Chun and Bao, Jianmin and Hao, Shaozhe and Yuan, Lu and Wong, Kwan-Yee K},
  journal={Advances in Neural Information Processing Systems},
  volume={36},
  year={2024}
}

@article{kwon2022diffusion,
  title={Diffusion models already have a semantic latent space},
  author={Kwon, Mingi and Jeong, Jaeseok and Uh, Youngjung},
  journal={arXiv preprint arXiv:2210.10960},
  year={2022}
}

@article{park2023understanding,
  title={Understanding the latent space of diffusion models through the lens of riemannian geometry},
  author={Park, Yong-Hyun and Kwon, Mingi and Choi, Jaewoong and Jo, Junghyo and Uh, Youngjung},
  journal={Advances in Neural Information Processing Systems},
  volume={36},
  pages={24129--24142},
  year={2023}
}

@inproceedings{li2024self,
  title={Self-discovering interpretable diffusion latent directions for responsible text-to-image generation},
  author={Li, Hang and Shen, Chengzhi and Torr, Philip and Tresp, Volker and Gu, Jindong},
  booktitle={Proceedings of the IEEE/CVF Conference on Computer Vision and Pattern Recognition},
  pages={12006--12016},
  year={2024}
}

@article{yue2024exploring,
  title={Exploring diffusion time-steps for unsupervised representation learning},
  author={Yue, Zhongqi and Wang, Jiankun and Sun, Qianru and Ji, Lei and Chang, Eric I and Zhang, Hanwang and others},
  journal={arXiv preprint arXiv:2401.11430},
  year={2024}
}

@article{kingma2014adam,
  title={Adam: A method for stochastic optimization},
  author={Kingma, Diederik P},
  journal={arXiv preprint arXiv:1412.6980},
  year={2014}
}


@inproceedings{radford2021learning,
  title={Learning transferable visual models from natural language supervision},
  author={Radford, Alec and Kim, Jong Wook and Hallacy, Chris and Ramesh, Aditya and Goh, Gabriel and Agarwal, Sandhini and Sastry, Girish and Askell, Amanda and Mishkin, Pamela and Clark, Jack and others},
  booktitle={International conference on machine learning},
  pages={8748--8763},
  year={2021},
  organization={PMLR}
}

@article{choi2021not,
  title={Do not escape from the manifold: Discovering the local coordinates on the latent space of GANs},
  author={Choi, Jaewoong and Lee, Junho and Yoon, Changyeon and Park, Jung Ho and Hwang, Geonho and Kang, Myungjoo},
  journal={arXiv preprint arXiv:2106.06959},
  year={2021}
}

@inproceedings{shaham2019singan,
  title={Singan: Learning a generative model from a single natural image},
  author={Shaham, Tamar Rott and Dekel, Tali and Michaeli, Tomer},
  booktitle={Proceedings of the IEEE/CVF international conference on computer vision},
  pages={4570--4580},
  year={2019}
}



@inproceedings{xu2023open,
  title={Open-vocabulary panoptic segmentation with text-to-image diffusion models},
  author={Xu, Jiarui and Liu, Sifei and Vahdat, Arash and Byeon, Wonmin and Wang, Xiaolong and De Mello, Shalini},
  booktitle={Proceedings of the IEEE/CVF Conference on Computer Vision and Pattern Recognition},
  pages={2955--2966},
  year={2023}
}


@inproceedings{kim2022diffusionclip,
  title={Diffusionclip: Text-guided diffusion models for robust image manipulation},
  author={Kim, Gwanghyun and Kwon, Taesung and Ye, Jong Chul},
  booktitle={Proceedings of the IEEE/CVF conference on computer vision and pattern recognition},
  pages={2426--2435},
  year={2022}
}

@inproceedings{wang2023stylediffusion,
  title={Stylediffusion: Controllable disentangled style transfer via diffusion models},
  author={Wang, Zhizhong and Zhao, Lei and Xing, Wei},
  booktitle={Proceedings of the IEEE/CVF International Conference on Computer Vision},
  pages={7677--7689},
  year={2023}
}

@article{huang2024diffstyler,
  title={Diffstyler: Controllable dual diffusion for text-driven image stylization},
  author={Huang, Nisha and Zhang, Yuxin and Tang, Fan and Ma, Chongyang and Huang, Haibin and Dong, Weiming and Xu, Changsheng},
  journal={IEEE Transactions on Neural Networks and Learning Systems},
  year={2024},
  publisher={IEEE}
}

@article{huang2024diffusion,
  title={Diffusion model-based image editing: A survey},
  author={Huang, Yi and Huang, Jiancheng and Liu, Yifan and Yan, Mingfu and Lv, Jiaxi and Liu, Jianzhuang and Xiong, Wei and Zhang, He and Chen, Shifeng and Cao, Liangliang},
  journal={arXiv preprint arXiv:2402.17525},
  year={2024}
}

@article{valevski2023unitune,
  title={Unitune: Text-driven image editing by fine tuning a diffusion model on a single image},
  author={Valevski, Dani and Kalman, Matan and Molad, Eyal and Segalis, Eyal and Matias, Yossi and Leviathan, Yaniv},
  journal={ACM Transactions on Graphics (TOG)},
  volume={42},
  number={4},
  pages={1--10},
  year={2023},
  publisher={ACM New York, NY, USA}
}

@article{choi2023custom,
  title={Custom-edit: Text-guided image editing with customized diffusion models},
  author={Choi, Jooyoung and Choi, Yunjey and Kim, Yunji and Kim, Junho and Yoon, Sungroh},
  journal={arXiv preprint arXiv:2305.15779},
  year={2023}
}

@inproceedings{huang2023kv,
  title={Kv inversion: Kv embeddings learning for text-conditioned real image action editing},
  author={Huang, Jiancheng and Liu, Yifan and Qin, Jin and Chen, Shifeng},
  booktitle={Chinese Conference on Pattern Recognition and Computer Vision (PRCV)},
  pages={172--184},
  year={2023},
  organization={Springer}
}

@article{mou2023dragondiffusion,
  title={Dragondiffusion: Enabling drag-style manipulation on diffusion models},
  author={Mou, Chong and Wang, Xintao and Song, Jiechong and Shan, Ying and Zhang, Jian},
  journal={arXiv preprint arXiv:2307.02421},
  year={2023}
}

@inproceedings{shi2024dragdiffusion,
  title={Dragdiffusion: Harnessing diffusion models for interactive point-based image editing},
  author={Shi, Yujun and Xue, Chuhui and Liew, Jun Hao and Pan, Jiachun and Yan, Hanshu and Zhang, Wenqing and Tan, Vincent YF and Bai, Song},
  booktitle={Proceedings of the IEEE/CVF Conference on Computer Vision and Pattern Recognition},
  pages={8839--8849},
  year={2024}
}

@inproceedings{nam2024contrastive,
  title={Contrastive denoising score for text-guided latent diffusion image editing},
  author={Nam, Hyelin and Kwon, Gihyun and Park, Geon Yeong and Ye, Jong Chul},
  booktitle={Proceedings of the IEEE/CVF Conference on Computer Vision and Pattern Recognition},
  pages={9192--9201},
  year={2024}
}

@article{yang2023magicremover,
  title={Magicremover: Tuning-free text-guided image inpainting with diffusion models},
  author={Yang, Siyuan and Zhang, Lu and Ma, Liqian and Liu, Yu and Fu, JingJing and He, You},
  journal={arXiv preprint arXiv:2310.02848},
  year={2023}
}

@inproceedings{wu2023uncovering,
  title={Uncovering the disentanglement capability in text-to-image diffusion models},
  author={Wu, Qiucheng and Liu, Yujian and Zhao, Handong and Kale, Ajinkya and Bui, Trung and Yu, Tong and Lin, Zhe and Zhang, Yang and Chang, Shiyu},
  booktitle={Proceedings of the IEEE/CVF conference on computer vision and pattern recognition},
  pages={1900--1910},
  year={2023}
}

@inproceedings{dong2023prompt,
  title={Prompt tuning inversion for text-driven image editing using diffusion models},
  author={Dong, Wenkai and Xue, Song and Duan, Xiaoyue and Han, Shumin},
  booktitle={Proceedings of the IEEE/CVF International Conference on Computer Vision},
  pages={7430--7440},
  year={2023}
}

@article{kim2023user,
  title={User-friendly Image Editing with Minimal Text Input: Leveraging Captioning and Injection Techniques},
  author={Kim, Sunwoo and Jang, Wooseok and Kim, Hyunsu and Kim, Junho and Choi, Yunjey and Kim, Seungryong and Lee, Gayeong},
  journal={arXiv preprint arXiv:2306.02717},
  year={2023}
}

@article{elarabawy2022direct,
  title={Direct inversion: Optimization-free text-driven real image editing with diffusion models},
  author={Elarabawy, Adham and Kamath, Harish and Denton, Samuel},
  journal={arXiv preprint arXiv:2211.07825},
  year={2022}
}

@inproceedings{huberman2024edit,
  title={An edit friendly ddpm noise space: Inversion and manipulations},
  author={Huberman-Spiegelglas, Inbar and Kulikov, Vladimir and Michaeli, Tomer},
  booktitle={Proceedings of the IEEE/CVF Conference on Computer Vision and Pattern Recognition},
  pages={12469--12478},
  year={2024}
}

@article{gholami2023diffusion,
  title={Diffusion Brush: A Latent Diffusion Model-based Editing Tool for AI-generated Images},
  author={Gholami, Peyman and Xiao, Robert},
  journal={arXiv preprint arXiv:2306.00219},
  year={2023}
}

@inproceedings{patashnik2023localizing,
  title={Localizing object-level shape variations with text-to-image diffusion models},
  author={Patashnik, Or and Garibi, Daniel and Azuri, Idan and Averbuch-Elor, Hadar and Cohen-Or, Daniel},
  booktitle={Proceedings of the IEEE/CVF International Conference on Computer Vision},
  pages={23051--23061},
  year={2023}
}

@inproceedings{park2024shape,
  title={Shape-guided diffusion with inside-outside attention},
  author={Park, Dong Huk and Luo, Grace and Toste, Clayton and Azadi, Samaneh and Liu, Xihui and Karalashvili, Maka and Rohrbach, Anna and Darrell, Trevor},
  booktitle={Proceedings of the IEEE/CVF Winter Conference on Applications of Computer Vision},
  pages={4198--4207},
  year={2024}
}

@inproceedings{shen2021closed,
  title={Closed-form factorization of latent semantics in gans},
  author={Shen, Yujun and Zhou, Bolei},
  booktitle={Proceedings of the IEEE/CVF conference on computer vision and pattern recognition},
  pages={1532--1540},
  year={2021}
}

@article{higgins2017beta,
  title={beta-vae: Learning basic visual concepts with a constrained variational framework.},
  author={Higgins, Irina and Matthey, Loic and Pal, Arka and Burgess, Christopher P and Glorot, Xavier and Botvinick, Matthew M and Mohamed, Shakir and Lerchner, Alexander},
  journal={ICLR (Poster)},
  volume={3},
  year={2017}
}

@article{laine2018feature,
  title={Feature-based metrics for exploring the latent space of generative models},
  author={Laine, Samuli},
  year={2018}
}

@inproceedings{shao2018riemannian,
  title={The riemannian geometry of deep generative models},
  author={Shao, Hang and Kumar, Abhishek and Thomas Fletcher, P},
  booktitle={Proceedings of the IEEE Conference on Computer Vision and Pattern Recognition Workshops},
  pages={315--323},
  year={2018}
}

@article{choi2021ilvr,
  title={Ilvr: Conditioning method for denoising diffusion probabilistic models},
  author={Choi, Jooyoung and Kim, Sungwon and Jeong, Yonghyun and Gwon, Youngjune and Yoon, Sungroh},
  journal={arXiv preprint arXiv:2108.02938},
  year={2021}
}

@article{meng2108sdedit,
  title={Sdedit: Image synthesis and editing with stochastic differential equations. arXiv 2021},
  author={Meng, C and Song, Y and Song, J and Wu, J and Zhu, JY and Ermon, S},
  journal={arXiv preprint arXiv:2108.01073}
}

@inproceedings{rombach2022high,
  title={High-resolution image synthesis with latent diffusion models},
  author={Rombach, Robin and Blattmann, Andreas and Lorenz, Dominik and Esser, Patrick and Ommer, Bj{\"o}rn},
  booktitle={Proceedings of the IEEE/CVF conference on computer vision and pattern recognition},
  pages={10684--10695},
  year={2022}
}