@article{choi2021ilvr,
  title={Ilvr: Conditioning method for denoising diffusion probabilistic models},
  author={Choi, Jooyoung and Kim, Sungwon and Jeong, Yonghyun and Gwon, Youngjune and Yoon, Sungroh},
  journal={arXiv preprint arXiv:2108.02938},
  year={2021}
}

@article{choi2023custom,
  title={Custom-edit: Text-guided image editing with customized diffusion models},
  author={Choi, Jooyoung and Choi, Yunjey and Kim, Yunji and Kim, Junho and Yoon, Sungroh},
  journal={arXiv preprint arXiv:2305.15779},
  year={2023}
}

@inproceedings{dong2023prompt,
  title={Prompt tuning inversion for text-driven image editing using diffusion models},
  author={Dong, Wenkai and Xue, Song and Duan, Xiaoyue and Han, Shumin},
  booktitle={Proceedings of the IEEE/CVF International Conference on Computer Vision},
  pages={7430--7440},
  year={2023}
}

@article{elarabawy2022direct,
  title={Direct inversion: Optimization-free text-driven real image editing with diffusion models},
  author={Elarabawy, Adham and Kamath, Harish and Denton, Samuel},
  journal={arXiv preprint arXiv:2211.07825},
  year={2022}
}

@article{gholami2023diffusion,
  title={Diffusion Brush: A Latent Diffusion Model-based Editing Tool for AI-generated Images},
  author={Gholami, Peyman and Xiao, Robert},
  journal={arXiv preprint arXiv:2306.00219},
  year={2023}
}

@inproceedings{huang2023kv,
  title={Kv inversion: Kv embeddings learning for text-conditioned real image action editing},
  author={Huang, Jiancheng and Liu, Yifan and Qin, Jin and Chen, Shifeng},
  booktitle={Chinese Conference on Pattern Recognition and Computer Vision (PRCV)},
  pages={172--184},
  year={2023},
  organization={Springer}
}

@article{huang2024diffstyler,
  title={Diffstyler: Controllable dual diffusion for text-driven image stylization},
  author={Huang, Nisha and Zhang, Yuxin and Tang, Fan and Ma, Chongyang and Huang, Haibin and Dong, Weiming and Xu, Changsheng},
  journal={IEEE Transactions on Neural Networks and Learning Systems},
  year={2024},
  publisher={IEEE}
}

@article{huang2024diffusion,
  title={Diffusion model-based image editing: A survey},
  author={Huang, Yi and Huang, Jiancheng and Liu, Yifan and Yan, Mingfu and Lv, Jiaxi and Liu, Jianzhuang and Xiong, Wei and Zhang, He and Chen, Shifeng and Cao, Liangliang},
  journal={arXiv preprint arXiv:2402.17525},
  year={2024}
}

@inproceedings{huberman2024edit,
  title={An edit friendly ddpm noise space: Inversion and manipulations},
  author={Huberman-Spiegelglas, Inbar and Kulikov, Vladimir and Michaeli, Tomer},
  booktitle={Proceedings of the IEEE/CVF Conference on Computer Vision and Pattern Recognition},
  pages={12469--12478},
  year={2024}
}

@inproceedings{kawar2023imagic,
  title={Imagic: Text-based real image editing with diffusion models},
  author={Kawar, Bahjat and Zada, Shiran and Lang, Oran and Tov, Omer and Chang, Huiwen and Dekel, Tali and Mosseri, Inbar and Irani, Michal},
  booktitle={Proceedings of the IEEE/CVF Conference on Computer Vision and Pattern Recognition},
  pages={6007--6017},
  year={2023}
}

@inproceedings{kim2022diffusionclip,
  title={Diffusionclip: Text-guided diffusion models for robust image manipulation},
  author={Kim, Gwanghyun and Kwon, Taesung and Ye, Jong Chul},
  booktitle={Proceedings of the IEEE/CVF conference on computer vision and pattern recognition},
  pages={2426--2435},
  year={2022}
}

@article{kim2023user,
  title={User-friendly Image Editing with Minimal Text Input: Leveraging Captioning and Injection Techniques},
  author={Kim, Sunwoo and Jang, Wooseok and Kim, Hyunsu and Kim, Junho and Choi, Yunjey and Kim, Seungryong and Lee, Gayeong},
  journal={arXiv preprint arXiv:2306.02717},
  year={2023}
}

@article{kwon2022diffusion,
  title={Diffusion models already have a semantic latent space},
  author={Kwon, Mingi and Jeong, Jaeseok and Uh, Youngjung},
  journal={arXiv preprint arXiv:2210.10960},
  year={2022}
}

@inproceedings{li2024self,
  title={Self-discovering interpretable diffusion latent directions for responsible text-to-image generation},
  author={Li, Hang and Shen, Chengzhi and Torr, Philip and Tresp, Volker and Gu, Jindong},
  booktitle={Proceedings of the IEEE/CVF Conference on Computer Vision and Pattern Recognition},
  pages={12006--12016},
  year={2024}
}

@article{meng2108sdedit,
  title={Sdedit: Image synthesis and editing with stochastic differential equations. arXiv 2021},
  author={Meng, C and Song, Y and Song, J and Wu, J and Zhu, JY and Ermon, S},
  journal={arXiv preprint arXiv:2108.01073}
}

@article{mou2023dragondiffusion,
  title={Dragondiffusion: Enabling drag-style manipulation on diffusion models},
  author={Mou, Chong and Wang, Xintao and Song, Jiechong and Shan, Ying and Zhang, Jian},
  journal={arXiv preprint arXiv:2307.02421},
  year={2023}
}

@inproceedings{nam2024contrastive,
  title={Contrastive denoising score for text-guided latent diffusion image editing},
  author={Nam, Hyelin and Kwon, Gihyun and Park, Geon Yeong and Ye, Jong Chul},
  booktitle={Proceedings of the IEEE/CVF Conference on Computer Vision and Pattern Recognition},
  pages={9192--9201},
  year={2024}
}

@article{park2023understanding,
  title={Understanding the latent space of diffusion models through the lens of riemannian geometry},
  author={Park, Yong-Hyun and Kwon, Mingi and Choi, Jaewoong and Jo, Junghyo and Uh, Youngjung},
  journal={Advances in Neural Information Processing Systems},
  volume={36},
  pages={24129--24142},
  year={2023}
}

@inproceedings{park2024shape,
  title={Shape-guided diffusion with inside-outside attention},
  author={Park, Dong Huk and Luo, Grace and Toste, Clayton and Azadi, Samaneh and Liu, Xihui and Karalashvili, Maka and Rohrbach, Anna and Darrell, Trevor},
  booktitle={Proceedings of the IEEE/CVF Winter Conference on Applications of Computer Vision},
  pages={4198--4207},
  year={2024}
}

@inproceedings{patashnik2023localizing,
  title={Localizing object-level shape variations with text-to-image diffusion models},
  author={Patashnik, Or and Garibi, Daniel and Azuri, Idan and Averbuch-Elor, Hadar and Cohen-Or, Daniel},
  booktitle={Proceedings of the IEEE/CVF International Conference on Computer Vision},
  pages={23051--23061},
  year={2023}
}

@inproceedings{radford2021learning,
  title={Learning transferable visual models from natural language supervision},
  author={Radford, Alec and Kim, Jong Wook and Hallacy, Chris and Ramesh, Aditya and Goh, Gabriel and Agarwal, Sandhini and Sastry, Girish and Askell, Amanda and Mishkin, Pamela and Clark, Jack and others},
  booktitle={International conference on machine learning},
  pages={8748--8763},
  year={2021},
  organization={PMLR}
}

@inproceedings{shi2024dragdiffusion,
  title={Dragdiffusion: Harnessing diffusion models for interactive point-based image editing},
  author={Shi, Yujun and Xue, Chuhui and Liew, Jun Hao and Pan, Jiachun and Yan, Hanshu and Zhang, Wenqing and Tan, Vincent YF and Bai, Song},
  booktitle={Proceedings of the IEEE/CVF Conference on Computer Vision and Pattern Recognition},
  pages={8839--8849},
  year={2024}
}

@article{valevski2023unitune,
  title={Unitune: Text-driven image editing by fine tuning a diffusion model on a single image},
  author={Valevski, Dani and Kalman, Matan and Molad, Eyal and Segalis, Eyal and Matias, Yossi and Leviathan, Yaniv},
  journal={ACM Transactions on Graphics (TOG)},
  volume={42},
  number={4},
  pages={1--10},
  year={2023},
  publisher={ACM New York, NY, USA}
}

@inproceedings{wang2023stylediffusion,
  title={Stylediffusion: Controllable disentangled style transfer via diffusion models},
  author={Wang, Zhizhong and Zhao, Lei and Xing, Wei},
  booktitle={Proceedings of the IEEE/CVF International Conference on Computer Vision},
  pages={7677--7689},
  year={2023}
}

@inproceedings{wu2023uncovering,
  title={Uncovering the disentanglement capability in text-to-image diffusion models},
  author={Wu, Qiucheng and Liu, Yujian and Zhao, Handong and Kale, Ajinkya and Bui, Trung and Yu, Tong and Lin, Zhe and Zhang, Yang and Chang, Shiyu},
  booktitle={Proceedings of the IEEE/CVF conference on computer vision and pattern recognition},
  pages={1900--1910},
  year={2023}
}

@article{yang2023magicremover,
  title={Magicremover: Tuning-free text-guided image inpainting with diffusion models},
  author={Yang, Siyuan and Zhang, Lu and Ma, Liqian and Liu, Yu and Fu, JingJing and He, You},
  journal={arXiv preprint arXiv:2310.02848},
  year={2023}
}

