
% Journals

% First the Full Name is given, then the abbreviation used in the AMS Math
% Reviews, with an indication if it could not be found there.
% Note the 2nd overwrites the 1st, so swap them if you want the full name.

 %{AMS}
 @String{AMSTrans = "American Mathematical Society Translations" }
 @String{AMSTrans = "Amer. Math. Soc. Transl." }
 @String{BullAMS = "Bulletin of the American Mathematical Society" }
 @String{BullAMS = "Bull. Amer. Math. Soc." }
 @String{ProcAMS = "Proceedings of the American Mathematical Society" }
 @String{ProcAMS = "Proc. Amer. Math. Soc." }
 @String{TransAMS = "Transactions of the American Mathematical Society" }
 @String{TransAMS = "Trans. Amer. Math. Soc." }

 %ACM
 @String{CACM = "Communications of the {ACM}" }
 @String{CACM = "Commun. {ACM}" }
 @String{CompServ = "Comput. Surveys" }
 @String{JACM = "J. ACM" }
 @String{ACMMathSoft = "{ACM} Transactions on Mathematical Software" }
 @String{ACMMathSoft = "{ACM} Trans. Math. Software" }
 @String{SIGNUM = "{ACM} {SIGNUM} Newsletter" }
 @String{SIGNUM = "{ACM} {SIGNUM} Newslett." }

 @String{AmerSocio = "American Journal of Sociology" }
 @String{AmerStatAssoc = "Journal of the American Statistical Association" }
 @String{AmerStatAssoc = "J. Amer. Statist. Assoc." }
 @String{ApplMathComp = "Applied Mathematics and Computation" }
 @String{ApplMathComp = "Appl. Math. Comput." }
 @String{AmerMathMonthly = "American Mathematical Monthly" }
 @String{AmerMathMonthly = "Amer. Math. Monthly" }
 @String{BIT = "{BIT}" }
 @String{BritStatPsych = "British Journal of Mathematical and Statistical
          Psychology" }
 @String{BritStatPsych = "Brit. J. Math. Statist. Psych." }
 @String{CanMathBull = "Canadian Mathematical Bulletin" }
 @String{CanMathBull = "Canad. Math. Bull." }
 @String{CompApplMath = "Journal of Computational and Applied Mathematics" }
 @String{CompApplMath = "J. Comput. Appl. Math." }
 @String{CompPhys = "Journal of Computational Physics" }
 @String{CompPhys = "J. Comput. Phys." }
 @String{CompStruct = "Computers and Structures" }
 @String{CompStruct = "Comput. \& Structures" }
 @String{CompJour = "The Computer Journal" }
 @String{CompJour = "Comput. J." }
 @String{CompSysSci = "Journal of Computer and System Sciences" }
 @String{CompSysSci = "J. Comput. System Sci." }
 @String{Computing = "Computing" }
 @String{ContempMath = "Contemporary Mathematics" }
 @String{ContempMath = "Contemp. Math." }
 @String{Crelle = "Crelle's Journal" }
 @String{GiornaleMath = "Giornale di Mathematiche" }
 @String{GiornaleMath = "Giorn. Mat." } % didn't find in AMS MR., ibid.

 %IEEE
 @String{Computer = "{IEEE} Computer" }
 @String{IEEETransComp = "{IEEE} Transactions on Computers" }
 @String{IEEETransComp = "{IEEE} Trans. Comput." }
 @String{IEEETransAC = "{IEEE} Transactions on Automatic Control" }
 @String{IEEETransAC = "{IEEE} Trans. Automat. Control" }
 @String{IEEESpec = "{IEEE} Spectrum" } % didn't find in AMS MR
 @String{ProcIEEE = "Proceedings of the {IEEE}" }
 @String{ProcIEEE = "Proc. {IEEE}" } % didn't find in AMS MR
 @String{IEEETransAeroElec = "{IEEE} Transactions on Aerospace and Electronic
     Systems" }
 @String{IEEETransAeroElec = "{IEEE} Trans. Aerospace Electron. Systems" }

 @String{IMANumerAna = "{IMA} Journal of Numerical Analysis" }
 @String{IMANumerAna = "{IMA} J. Numer. Anal." }
 @String{InfProcLet = "Information Processing Letters" }
 @String{InfProcLet = "Inform. Process. Lett." }
 @String{InstMathApp = "Journal of the Institute of Mathematics and
     its Applications" }
 @String{InstMathApp = "J. Inst. Math. Appl." }
 @String{IntControl = "International Journal of Control" }
 @String{IntControl = "Internat. J. Control" }
 @String{IntNumerEng = "International Journal for Numerical Methods in
     Engineering" }
 @String{IntNumerEng = "Internat. J. Numer. Methods Engrg." }
 @String{IntSuper = "International Journal of Supercomputing Applications" }
 @String{IntSuper = "Internat. J. Supercomputing Applic." } % didn't find
%% in AMS MR
 @String{Kibernetika = "Kibernetika" }
 @String{JResNatBurStand = "Journal of Research of the National Bureau
     of Standards" }
 @String{JResNatBurStand = "J. Res. Nat. Bur. Standards" }
 @String{LinAlgApp = "Linear Algebra and its Applications" }
 @String{LinAlgApp = "Linear Algebra Appl." }
 @String{MathAnaAppl = "Journal of Mathematical Analysis and Applications" }
 @String{MathAnaAppl = "J. Math. Anal. Appl." }
 @String{MathAnnalen = "Mathematische Annalen" }
 @String{MathAnnalen = "Math. Ann." }
 @String{MathPhys = "Journal of Mathematical Physics" }
 @String{MathPhys = "J. Math. Phys." }
 @String{MathComp = "Mathematics of Computation" }
 @String{MathComp = "Math. Comp." }
 @String{MathScand = "Mathematica Scandinavica" }
 @String{MathScand = "Math. Scand." }
 @String{TablesAidsComp = "Mathematical Tables and Other Aids to Computation" }
 @String{TablesAidsComp = "Math. Tables Aids Comput." }
 @String{NumerMath = "Numerische Mathematik" }
 @String{NumerMath = "Numer. Math." }
 @String{PacificMath = "Pacific Journal of Mathematics" }
 @String{PacificMath = "Pacific J. Math." }
 @String{ParDistComp = "Journal of Parallel and Distributed Computing" }
 @String{ParDistComp = "J. Parallel and Distrib. Comput." } % didn't find
%% in AMS MR
 @String{ParComputing = "Parallel Computing" }
 @String{ParComputing = "Parallel Comput." }
 @String{PhilMag = "Philosophical Magazine" }
 @String{PhilMag = "Philos. Mag." }
 @String{ProcNAS = "Proceedings of the National Academy of Sciences
                    of the USA" }
 @String{ProcNAS = "Proc. Nat. Acad. Sci. U. S. A." }
 @String{Psychometrika = "Psychometrika" }
 @String{QuartMath = "Quarterly Journal of Mathematics, Oxford, Series (2)" }
 @String{QuartMath = "Quart. J. Math. Oxford Ser. (2)" }
 @String{QuartApplMath = "Quarterly of Applied Mathematics" }
 @String{QuartApplMath = "Quart. Appl. Math." }
 @String{RevueInstStat = "Review of the International Statisical Institute" }
 @String{RevueInstStat = "Rev. Inst. Internat. Statist." }

 %SIAM
 @String{JSIAM = "Journal of the Society for Industrial and Applied
     Mathematics" }
 @String{JSIAM = "J. Soc. Indust. Appl. Math." }
 @String{JSIAMB = "Journal of the Society for Industrial and Applied
     Mathematics, Series B, Numerical Analysis" }
 @String{JSIAMB = "J. Soc. Indust. Appl. Math. Ser. B Numer. Anal." }
 @String{SIAMAlgMeth = "{SIAM} Journal on Algebraic and Discrete Methods" }
 @String{SIAMAlgMeth = "{SIAM} J. Algebraic Discrete Methods" }
 @String{SIAMAppMath = "{SIAM} Journal on Applied Mathematics" }
 @String{SIAMAppMath = "{SIAM} J. Appl. Math." }
 @String{SIAMComp = "{SIAM} Journal on Computing" }
 @String{SIAMComp = "{SIAM} J. Comput." }
 @String{SIAMMatrix = "{SIAM} Journal on Matrix Analysis and Applications" }
 @String{SIAMMatrix = "{SIAM} J. Matrix Anal. Appl." }
 @String{SIAMNumAnal = "{SIAM} Journal on Numerical Analysis" }
 @String{SIAMNumAnal = "{SIAM} J. Numer. Anal." }
 @String{SIAMReview = "{SIAM} Review" }
 @String{SIAMReview = "{SIAM} Rev." }
 @String{SIAMSciStat = "{SIAM} Journal on Scientific and Statistical
     Computing" }
 @String{SIAMSciStat = "{SIAM} J. Sci. Statist. Comput." }

 @String{SoftPracExp = "Software Practice and Experience" }
 @String{SoftPracExp = "Software Prac. Experience" } % didn't find in AMS MR
 @String{StatScience = "Statistical Science" }
 @String{StatScience = "Statist. Sci." }
 @String{Techno = "Technometrics" }
 @String{USSRCompMathPhys = "{USSR} Computational Mathematics and Mathematical
     Physics" }
 @String{USSRCompMathPhys = "{U. S. S. R.} Comput. Math. and Math. Phys." }
 @String{VLSICompSys = "Journal of {VLSI} and Computer Systems" }
 @String{VLSICompSys = "J. {VLSI} Comput. Syst." }
 @String{ZAngewMathMech = "Zeitschrift fur Angewandte Mathematik und
     Mechanik" }
 @String{ZAngewMathMech = "Z. Angew. Math. Mech." }
 @String{ZAngewMathPhys = "Zeitschrift fur Angewandte Mathematik und Physik" }
 @String{ZAngewMathPhys = "Z. Angew. Math. Phys." }

% Publishers % ================================================= |

 @String{Academic = "Academic Press" }
 @String{ACMPress = "{ACM} Press" }
 @String{AdamHilger = "Adam Hilger" }
 @String{AddisonWesley = "Addison-Wesley" }
 @String{AllynBacon = "Allyn and Bacon" }
 @String{AMS = "American Mathematical Society" }
 @String{Birkhauser = "Birkha{\"u}ser" }
 @String{CambridgePress = "Cambridge University Press" }
 @String{Chelsea = "Chelsea" }
 @String{ClaredonPress = "Claredon Press" }
 @String{DoverPub = "Dover Publications" }
 @String{Eyolles = "Eyolles" }
 @String{HoltRinehartWinston = "Holt, Rinehart and Winston" }
 @String{Interscience = "Interscience" }
 @String{JohnsHopkinsPress = "The Johns Hopkins University Press" }
 @String{JohnWileySons = "John Wiley and Sons" }
 @String{Macmillan = "Macmillan" }
 @String{MathWorks = "The Math Works Inc." }
 @String{McGrawHill = "McGraw-Hill" }
 @String{NatBurStd = "National Bureau of Standards" }
 @String{NorthHolland = "North-Holland" }
 @String{OxfordPress = "Oxford University Press" }  %address Oxford or London?
 @String{PergamonPress = "Pergamon Press" }
 @String{PlenumPress = "Plenum Press" }
 @String{PrenticeHall = "Prentice-Hall" }
 @String{SIAMPub = "{SIAM} Publications" }
 @String{Springer = "Springer-Verlag" }
 @String{TexasPress = "University of Texas Press" }
 @String{VanNostrand = "Van Nostrand" }
 @String{WHFreeman = "W. H. Freeman and Co." }

%Entries

@article{XunYang01,
  author    = {Xun Yang and
               Yu Yuan and
               Zhiyuan Liu},
  title     = {Short-Term Traffic Speed Prediction of Urban Road With Multi-Source
               Data},
  journal   = {{IEEE} Access},
  volume    = {8},
  pages     = {87541--87551},
  year      = {2020},
  url       = {https://doi.org/10.1109/ACCESS.2020.2992507},
  doi       = {10.1109/ACCESS.2020.2992507},
  timestamp = {Tue, 16 Jun 2020 17:14:59 +0200},
  biburl    = {https://dblp.org/rec/journals/access/YangYL20.bib},
  bibsource = {dblp computer science bibliography, https://dblp.org}
}

@inproceedings{Res-gru,
  author    = {Julieta Martinez and
               Michael J. Black and
               Javier Romero},
  title     = {On Human Motion Prediction Using Recurrent Neural Networks},
  booktitle = {2017 {IEEE} Conference on Computer Vision and Pattern Recognition,
               {CVPR} 2017, Honolulu, HI, USA, July 21-26, 2017},
  pages     = {4674--4683},
  year      = {2017},
  url       = {https://doi.org/10.1109/CVPR.2017.497},
  doi       = {10.1109/CVPR.2017.497},
  timestamp = {Wed, 16 Oct 2019 14:14:50 +0200},
  biburl    = {https://dblp.org/rec/conf/cvpr/MartinezB017.bib},
  bibsource = {dblp computer science bibliography, https://dblp.org}
}

@inproceedings{Liuzgpe01,
  author    = {Zhenguang Liu and
               Haoming Chen and
               Runyang Feng and
               Shuang Wu and
               Shouling Ji and
               Bailin Yang and
               Xun Wang},
  title     = {Deep Dual Consecutive Network for Human Pose Estimation},
  booktitle = {{IEEE} Conference on Computer Vision and Pattern Recognition, {CVPR}
               2021, virtual, June 19-25, 2021},
  pages     = {525--534},
  publisher = {Computer Vision Foundation / {IEEE}},
  year      = {2021},
  url       = {https://openaccess.thecvf.com/content/CVPR2021/html/Liu\_Deep\_Dual\_Consecutive\_Network\_for\_Human\_Pose\_Estimation\_CVPR\_2021\_paper.html},
  timestamp = {Wed, 05 Jan 2022 08:32:53 +0100},
  biburl    = {https://dblp.org/rec/conf/cvpr/LiuCFWJYW21.bib},
  bibsource = {dblp computer science bibliography, https://dblp.org}
}

@inproceedings{AMGAN,
  author    = {Zhenguang Liu and
               Kedi Lyu and
               Shuang Wu and
               Haipeng Chen and
               Yanbin Hao and
               Shouling Ji},
  title     = {Aggregated Multi-GANs for Controlled 3D Human Motion Prediction},
  booktitle = {Thirty-Fifth {AAAI} Conference on Artificial Intelligence, {AAAI}
               2021, Thirty-Third Conference on Innovative Applications of Artificial
               Intelligence, {IAAI} 2021, The Eleventh Symposium on Educational Advances
               in Artificial Intelligence, {EAAI} 2021, Virtual Event, February 2-9,
               2021},
  pages     = {2225--2232},
  year      = {2021},
  url       = {https://ojs.aaai.org/index.php/AAAI/article/view/16321},
  timestamp = {Wed, 02 Jun 2021 18:09:11 +0200},
  biburl    = {https://dblp.org/rec/conf/aaai/LiuLWCHJ21.bib},
  bibsource = {dblp computer science bibliography, https://dblp.org}
}

@inproceedings{animation,
  author    = {Li Zhang and
               Ling Li},
  editor    = {Tomoyuki Nishita and
               Qunsheng Peng and
               Hans{-}Peter Seidel},
  title     = {Human Animation from 2D Correspondence Based on Motion Trend Prediction},
  booktitle = {Advances in Computer Graphics, 24th Computer Graphics International
               Conference, {CGI} 2006, Hangzhou, China, June 26-28, 2006, Proceedings},
  series    = {Lecture Notes in Computer Science},
  volume    = {4035},
  pages     = {546--553},
  year      = {2006},
}

@inproceedings{AR,
  author    = {Thomas Nescher and
               Andreas M. Kunz},
  editor    = {Arjan Kuijper and
               Alexei Sourin},
  title     = {Analysis of Short Term Path Prediction of Human Locomotion for Augmented
               and Virtual Reality Applications},
  booktitle = {2012 International Conference on Cyberworlds, Darmstadt, Germany,
               September 25-27, 2012},
  pages     = {15--22},
  year      = {2012}
}

@inproceedings{HAR,
  author    = {Rui Zhao and
               Wanru Xu and
               Hui Su and
               Qiang Ji},
  title     = {Bayesian Hierarchical Dynamic Model for Human Action Recognition},
  booktitle = {{IEEE} Conference on Computer Vision and Pattern Recognition, {CVPR}
               2019, Long Beach, CA, USA, June 16-20, 2019},
  pages     = {7733--7742},
  publisher = {Computer Vision Foundation / {IEEE}},
  year      = {2019},
  url       = {http://openaccess.thecvf.com/content\_CVPR\_2019/html/Zhao\_Bayesian\_Hierarchical\_Dynamic\_Model\_for\_Human\_Action\_Recognition\_CVPR\_2019\_paper.html},
  doi       = {10.1109/CVPR.2019.00792},
  timestamp = {Mon, 30 Aug 2021 17:01:14 +0200},
  biburl    = {https://dblp.org/rec/conf/cvpr/ZhaoXSJ19.bib},
  bibsource = {dblp computer science bibliography, https://dblp.org}
}

@inproceedings{HMM,
  author    = {Shiloh L. Dockstader and
               Nikita S. Imennov and
               A. Murat Tekalp},
  title     = {Markov-Based Failure Prediction for Human Motion Analysis},
  booktitle = {9th {IEEE} International Conference on Computer Vision {(ICCV} 2003),
               14-17 October 2003, Nice, France},
  pages     = {1283--1288},
  publisher = {{IEEE} Computer Society},
  year      = {2003},
  url       = {https://doi.org/10.1109/ICCV.2003.1238638},
  doi       = {10.1109/ICCV.2003.1238638},
  timestamp = {Wed, 16 Oct 2019 14:14:51 +0200},
  biburl    = {https://dblp.org/rec/conf/iccv/DockstaderIT03.bib},
  bibsource = {dblp computer science bibliography, https://dblp.org}
}

@article{GP,
  title={Gaussian process dynamical models for human motion},
  author={Wang, Jack M and Fleet, David J and Hertzmann, Aaron},
  journal={IEEE transactions on pattern analysis and machine intelligence},
  volume={30},
  number={2},
  pages={283--298},
  year={2007},
  publisher={IEEE}
}

@inproceedings{CRBM,
  title={Modeling human-skeleton motion patterns using conditional deep Boltzmann machine},
  author={Lei, Peng and Todorovic, Sinisa},
  booktitle={2016 23rd International Conference on Pattern Recognition (ICPR)},
  pages={1845--1850},
  year={2016},
  organization={IEEE}
}

@article{H36M,
  author    = {Catalin Ionescu and
               Dragos Papava and
               Vlad Olaru and
               Cristian Sminchisescu},
  title     = {Human3.6M: Large Scale Datasets and Predictive Methods for 3D Human
               Sensing in Natural Environments},
  journal   = {{IEEE} Trans. Pattern Anal. Mach. Intell.},
  volume    = {36},
  number    = {7},
  pages     = {1325--1339},
  year      = {2014},
  url       = {https://doi.org/10.1109/TPAMI.2013.248},
  doi       = {10.1109/TPAMI.2013.248},
  timestamp = {Wed, 14 Nov 2018 10:51:05 +0100},
  biburl    = {https://dblp.org/rec/journals/pami/IonescuPOS14.bib},
  bibsource = {dblp computer science bibliography, https://dblp.org}
}

@article{cmu,
  author    = {CMU graphics lab motion capture database},
  year      = {2003},
  url       = {http://mocap.cs.cmu.edu}
}

@article{VR,
  author    = {Jiacheng Yao and
               Jing Zhang and
               Jiafeng Li and
               Li Zhuo},
  title     = {Anchor voiceprint recognition in live streaming via RawNet-SA and
               gated recurrent unit},
  journal   = {{EURASIP} J. Audio Speech Music. Process.},
  volume    = {2021},
  number    = {1},
  pages     = {45},
  year      = {2021},
  url       = {https://doi.org/10.1186/s13636-021-00234-3},
  doi       = {10.1186/s13636-021-00234-3},
  timestamp = {Thu, 06 Jan 2022 17:48:18 +0100},
  biburl    = {https://dblp.org/rec/journals/ejasmp/YaoZLZ21.bib},
  bibsource = {dblp computer science bibliography, https://dblp.org}
}

@inproceedings{G3D,
  author    = {Victoria Bloom and
               Dimitrios Makris and
               Vasileios Argyriou},
  title     = {{G3D:} {A} gaming action dataset and real time action recognition
               evaluation framework},
  booktitle = {2012 {IEEE} Computer Society Conference on Computer Vision and Pattern
               Recognition Workshops, Providence, RI, USA, June 16-21, 2012},
  pages     = {7--12},
  publisher = {{IEEE} Computer Society},
  year      = {2012},
  url       = {https://doi.org/10.1109/CVPRW.2012.6239175},
  doi       = {10.1109/CVPRW.2012.6239175},
  timestamp = {Sun, 21 Jun 2020 17:42:38 +0200},
  biburl    = {https://dblp.org/rec/conf/cvpr/BloomMA12.bib},
  bibsource = {dblp computer science bibliography, https://dblp.org}
}

@article{oRNN,
  author    = {Wojciech Zaremba and
               Ilya Sutskever and
               Oriol Vinyals},
  title     = {Recurrent Neural Network Regularization},
  journal   = {CoRR},
  volume    = {abs/1409.2329},
  year      = {2014},
  url       = {http://arxiv.org/abs/1409.2329},
  eprinttype = {arXiv},
  eprint    = {1409.2329},
  timestamp = {Mon, 13 Aug 2018 16:47:17 +0200},
  biburl    = {https://dblp.org/rec/journals/corr/ZarembaSV14.bib},
  bibsource = {dblp computer science bibliography, https://dblp.org}
}

@inproceedings{GRU,
  author    = {Kyunghyun Cho and
               Bart van Merrienboer and
               {\c{C}}aglar G{\"{u}}l{\c{c}}ehre and
               Dzmitry Bahdanau and
               Fethi Bougares and
               Holger Schwenk and
               Yoshua Bengio},
  title     = {Learning Phrase Representations using {RNN} Encoder-Decoder for Statistical
               Machine Translation},
  booktitle = {Proceedings of the 2014 Conference on Empirical Methods in Natural
               Language Processing, {EMNLP} 2014, October 25-29, 2014, Doha, Qatar,
               {A} meeting of SIGDAT, a Special Interest Group of the {ACL}},
  pages     = {1724--1734},
  year      = {2014},
  url       = {https://doi.org/10.3115/v1/d14-1179},
  doi       = {10.3115/v1/d14-1179},
  timestamp = {Fri, 06 Aug 2021 00:40:23 +0200},
  biburl    = {https://dblp.org/rec/conf/emnlp/ChoMGBBSB14.bib},
  bibsource = {dblp computer science bibliography, https://dblp.org}
}

@article{LSTM,
  author    = {Sepp Hochreiter and
               J{\"{u}}rgen Schmidhuber},
  title     = {Long Short-Term Memory},
  journal   = {Neural Comput.},
  volume    = {9},
  number    = {8},
  pages     = {1735--1780},
  year      = {1997},
  url       = {https://doi.org/10.1162/neco.1997.9.8.1735},
  doi       = {10.1162/neco.1997.9.8.1735},
  timestamp = {Tue, 01 Sep 2020 13:12:40 +0200},
  biburl    = {https://dblp.org/rec/journals/neco/HochreiterS97.bib},
  bibsource = {dblp computer science bibliography, https://dblp.org}
}

@inproceedings{HMR,
  author    = {Zhenguang Liu and
               Shuang Wu and
               Shuyuan Jin and
               Qi Liu and
               Shijian Lu and
               Roger Zimmermann and
               Li Cheng},
  title     = {Towards Natural and Accurate Future Motion Prediction of Humans and
               Animals},
  booktitle = {{IEEE} Conference on Computer Vision and Pattern Recognition, {CVPR}
               2019, Long Beach, CA, USA, June 16-20, 2019},
  pages     = {10004--10012},
  year      = {2019},
  url       = {http://openaccess.thecvf.com/content\_CVPR\_2019/html/Liu\_Towards\_Natural\_and\_Accurate\_Future\_Motion\_Prediction\_of\_Humans\_and\_CVPR\_2019\_paper.html},
  doi       = {10.1109/CVPR.2019.01024},
  timestamp = {Mon, 30 Aug 2021 17:01:14 +0200},
  biburl    = {https://dblp.org/rec/conf/cvpr/LiuWJLLZC19.bib},
  bibsource = {dblp computer science bibliography, https://dblp.org}
}

@inproceedings{ERD,
  author    = {Katerina Fragkiadaki and
               Sergey Levine and
               Panna Felsen and
               Jitendra Malik},
  title     = {Recurrent Network Models for Human Dynamics},
  booktitle = {2015 {IEEE} International Conference on Computer Vision, {ICCV} 2015,
               Santiago, Chile, December 7-13, 2015},
  pages     = {4346--4354},
  year      = {2015},
  url       = {https://doi.org/10.1109/ICCV.2015.494},
  doi       = {10.1109/ICCV.2015.494},
  timestamp = {Wed, 16 Oct 2019 14:14:51 +0200},
  biburl    = {https://dblp.org/rec/conf/iccv/FragkiadakiLFM15.bib},
  bibsource = {dblp computer science bibliography, https://dblp.org}
}

@article{CHA,
  author    = {Yanran Li and
               Zhao Wang and
               Xiaosong Yang and
               Meili Wang and
               Sebastian Iulian Poiana and
               Ehtzaz Chaudhry and
               Jian{-}Jun Zhang},
  title     = {Efficient convolutional hierarchical autoencoder for human motion
               prediction},
  journal   = {Vis. Comput.},
  volume    = {35},
  number    = {6-8},
  pages     = {1143--1156},
  year      = {2019},
  url       = {https://doi.org/10.1007/s00371-019-01692-9},
  doi       = {10.1007/s00371-019-01692-9},
  timestamp = {Mon, 26 Oct 2020 08:43:42 +0100},
  biburl    = {https://dblp.org/rec/journals/vc/LiWYWPCZ19.bib},
  bibsource = {dblp computer science bibliography, https://dblp.org}
}

@inproceedings{ST-gcn,
  author    = {Sijie Yan and
               Yuanjun Xiong and
               Dahua Lin},
  title     = {Spatial Temporal Graph Convolutional Networks for Skeleton-Based Action
               Recognition},
  booktitle = {Proceedings of the Thirty-Second {AAAI} Conference on Artificial Intelligence,
               (AAAI-18), the 30th innovative Applications of Artificial Intelligence
               (IAAI-18), and the 8th {AAAI} Symposium on Educational Advances in
               Artificial Intelligence (EAAI-18), New Orleans, Louisiana, USA, February
               2-7, 2018},
  pages     = {7444--7452},
  year      = {2018},
  url       = {https://www.aaai.org/ocs/index.php/AAAI/AAAI18/paper/view/17135},
  timestamp = {Thu, 18 Feb 2021 14:22:23 +0100},
  biburl    = {https://dblp.org/rec/conf/aaai/YanXL18.bib},
  bibsource = {dblp computer science bibliography, https://dblp.org}
}

@inproceedings{Bigan,
  author    = {Jogendra Nath Kundu and
               Maharshi Gor and
               R. Venkatesh Babu},
  title     = {BiHMP-GAN: Bidirectional 3D Human Motion Prediction {GAN}},
  booktitle = {The Thirty-Third {AAAI} Conference on Artificial Intelligence, {AAAI}
               2019, The Thirty-First Innovative Applications of Artificial Intelligence
               Conference, {IAAI} 2019, The Ninth {AAAI} Symposium on Educational
               Advances in Artificial Intelligence, {EAAI} 2019, Honolulu, Hawaii,
               USA, January 27 - February 1, 2019},
  pages     = {8553--8560},
  year      = {2019},
  url       = {https://doi.org/10.1609/aaai.v33i01.33018553},
  doi       = {10.1609/aaai.v33i01.33018553},
  timestamp = {Tue, 02 Feb 2021 07:59:58 +0100},
  biburl    = {https://dblp.org/rec/conf/aaai/KunduGB19.bib},
  bibsource = {dblp computer science bibliography, https://dblp.org}
}

@inproceedings{HPgan,
  author    = {Emad Barsoum and
               John Kender and
               Zicheng Liu},
  title     = {{HP-GAN:} Probabilistic 3D Human Motion Prediction via {GAN}},
  booktitle = {2018 {IEEE} Conference on Computer Vision and Pattern Recognition Workshops, {CVPR} Workshops 2018, Salt Lake City, UT, USA, June 18-22,
               2018},
  pages     = {1418--1427},
  year      = {2018},
}

@inproceedings{vae,
  author    = {Kihyuk Sohn and
               Honglak Lee and
               Xinchen Yan},
  title     = {Learning Structured Output Representation using Deep Conditional Generative
               Models},
  booktitle = {Advances in Neural Information Processing Systems 28: Annual Conference
               on Neural Information Processing Systems 2015, December 7-12, 2015,
               Montreal, Quebec, Canada},
  pages     = {3483--3491},
  year      = {2015},
  url       = {https://proceedings.neurips.cc/paper/2015/hash/8d55a249e6baa5c06772297520da2051-Abstract.html},
  timestamp = {Thu, 21 Jan 2021 15:15:22 +0100},
  biburl    = {https://dblp.org/rec/conf/nips/SohnLY15.bib},
  bibsource = {dblp computer science bibliography, https://dblp.org}
}

@inproceedings{SKEL,
  author    = {Xiao Guo and
               Jongmoo Choi},
  title     = {Human Motion Prediction via Learning Local Structure Representations
               and Temporal Dependencies},
  booktitle = {The Thirty-Third {AAAI} Conference on Artificial Intelligence, {AAAI}
               2019, The Thirty-First Innovative Applications of Artificial Intelligence
               Conference, {IAAI} 2019, The Ninth {AAAI} Symposium on Educational
               Advances in Artificial Intelligence, {EAAI} 2019, Honolulu, Hawaii,
               USA, January 27 - February 1, 2019},
  pages     = {2580--2587},
  year      = {2019},
}



@inproceedings{DSR,
  author    = {Yachuan Wang and
               Xuan Wang and
               Peilin Jiang and
               Fei Wang},
  title     = {{RNN} -based Human Motion Prediction via Differential Sequence Representation},
  booktitle = {6th {IEEE} International Conference on Cloud Computing and Intelligence
               Systems, {CCIS} 2019, Singapore, December 19-21, 2019},
  pages     = {138--143},
  year      = {2019},
  url       = {https://doi.org/10.1109/CCIS48116.2019.9073734},
  doi       = {10.1109/CCIS48116.2019.9073734},
  timestamp = {Tue, 05 May 2020 12:26:39 +0200},
  biburl    = {https://dblp.org/rec/conf/ccis/WangWJW19.bib},
  bibsource = {dblp computer science bibliography, https://dblp.org}
}

@inproceedings{MGCN,
  author    = {Honghong Zhou and
               Caili Guo and
               Hao Zhang and
               Yanjun Wang},
  title     = {Learning Multiscale Correlations for Human Motion Prediction},
  booktitle = {{IEEE} International Conference on Development and Learning, {ICDL}
               2021, Beijing, China, August 23-26, 2021},
  pages     = {1--7},
  year      = {2021},
  url       = {https://doi.org/10.1109/ICDL49984.2021.9515609},
  doi       = {10.1109/ICDL49984.2021.9515609},
  timestamp = {Wed, 25 Aug 2021 16:24:46 +0200},
  biburl    = {https://dblp.org/rec/conf/icdl/ZhouGZW21.bib},
  bibsource = {dblp computer science bibliography, https://dblp.org}
}

@inproceedings{HRI,
  author    = {Wei Mao and
               Miaomiao Liu and
               Mathieu Salzmann},
  title     = {History Repeats Itself: Human Motion Prediction via Motion Attention},
  booktitle = {Computer Vision - {ECCV} 2020 - 16th European Conference, Glasgow,
               UK, August 23-28, 2020, Proceedings, Part {XIV}},
  pages     = {474--489},
  year      = {2020},
  url       = {https://doi.org/10.1007/978-3-030-58568-6\_28},
  doi       = {10.1007/978-3-030-58568-6\_28},
  timestamp = {Fri, 13 Nov 2020 12:36:48 +0100},
  biburl    = {https://dblp.org/rec/conf/eccv/MaoLS20.bib},
  bibsource = {dblp computer science bibliography, https://dblp.org}
}

@inproceedings{LTD,
  author    = {Wei Mao and
               Miaomiao Liu and
               Mathieu Salzmann and
               Hongdong Li},
  title     = {Learning Trajectory Dependencies for Human Motion Prediction},
  booktitle = {2019 {IEEE/CVF} International Conference on Computer Vision, {ICCV}
               2019, Seoul, Korea (South), October 27 - November 2, 2019},
  pages     = {9488--9496},
  year      = {2019},
  url       = {https://doi.org/10.1109/ICCV.2019.00958},
  doi       = {10.1109/ICCV.2019.00958},
  timestamp = {Sat, 05 Sep 2020 18:07:55 +0200},
  biburl    = {https://dblp.org/rec/conf/iccv/MaoLSL19.bib},
  bibsource = {dblp computer science bibliography, https://dblp.org}
}

@article{MMA,
  author    = {Wei Mao and
               Miaomiao Liu and
               Mathieu Salzmann and
               Hongdong Li},
  title     = {Multi-level Motion Attention for Human Motion Prediction},
  journal   = {Int. J. Comput. Vis.},
  volume    = {129},
  number    = {9},
  pages     = {2513--2535},
  year      = {2021},
  url       = {https://doi.org/10.1007/s11263-021-01483-7},
  doi       = {10.1007/s11263-021-01483-7},
  timestamp = {Fri, 13 Aug 2021 14:56:49 +0200},
  biburl    = {https://dblp.org/rec/journals/ijcv/MaoLSL21.bib},
  bibsource = {dblp computer science bibliography, https://dblp.org}
}

@inproceedings{DMGNN,
  author    = {Maosen Li and
               Siheng Chen and
               Yangheng Zhao and
               Ya Zhang and
               Yanfeng Wang and
               Qi Tian},
  title     = {Dynamic Multiscale Graph Neural Networks for 3D Skeleton Based Human
               Motion Prediction},
  booktitle = {2020 {IEEE/CVF} Conference on Computer Vision and Pattern Recognition,
               {CVPR} 2020, Seattle, WA, USA, June 13-19, 2020},
  pages     = {211--220},
  year      = {2020},
  url       = {https://openaccess.thecvf.com/content\_CVPR\_2020/html/Li\_Dynamic\_Multiscale\_Graph\_Neural\_Networks\_for\_3D\_Skeleton\_Based\_Human\_CVPR\_2020\_paper.html},
  doi       = {10.1109/CVPR42600.2020.00029},
  timestamp = {Tue, 31 Aug 2021 14:00:04 +0200},
  biburl    = {https://dblp.org/rec/conf/cvpr/LiCZZW020.bib},
  bibsource = {dblp computer science bibliography, https://dblp.org}
}

@article{MSGNN,
  author    = {Maosen Li and
               Siheng Chen and
               Yangheng Zhao and
               Ya Zhang and
               Yanfeng Wang and
               Qi Tian},
  title     = {Multiscale Spatio-Temporal Graph Neural Networks for 3D Skeleton-Based
               Motion Prediction},
  journal   = {{IEEE} Trans. Image Process.},
  volume    = {30},
  pages     = {7760--7775},
  year      = {2021},
  url       = {https://doi.org/10.1109/TIP.2021.3108708},
  doi       = {10.1109/TIP.2021.3108708},
  timestamp = {Tue, 05 Oct 2021 10:02:18 +0200},
  biburl    = {https://dblp.org/rec/journals/tip/LiCZZWT21.bib},
  bibsource = {dblp computer science bibliography, https://dblp.org}
}

@inproceedings{QN,
  author    = {Dario Pavllo and
               David Grangier and
               Michael Auli},
  title     = {QuaterNet: {A} Quaternion-based Recurrent Model for Human Motion},
  booktitle = {British Machine Vision Conference 2018, {BMVC} 2018, Newcastle, UK,
               September 3-6, 2018},
  pages     = {299},
  year      = {2018},
  url       = {http://bmvc2018.org/contents/papers/0675.pdf},
  timestamp = {Tue, 21 Apr 2020 23:17:57 +0200},
  biburl    = {https://dblp.org/rec/conf/bmvc/PavlloGA18.bib},
  bibsource = {dblp computer science bibliography, https://dblp.org}
}\textbf{}

@inproceedings{DCT,
  author    = {Ijaz Akhter and
               Yaser Sheikh and
               Sohaib Khan and
               Takeo Kanade},
  title     = {Nonrigid Structure from Motion in Trajectory Space},
  booktitle = {Advances in Neural Information Processing Systems 21, Proceedings
               of the Twenty-Second Annual Conference on Neural Information Processing
               Systems, Vancouver, British Columbia, Canada, December 8-11, 2008},
  pages     = {41--48},
  year      = {2008},
  url       = {https://proceedings.neurips.cc/paper/2008/hash/dc82d632c9fcecb0778afbc7924494a6-Abstract.html},
  timestamp = {Thu, 21 Jan 2021 15:15:24 +0100},
  biburl    = {https://dblp.org/rec/conf/nips/AkhterSKK08.bib},
  bibsource = {dblp computer science bibliography, https://dblp.org}
}

@inproceedings{SGRU,
  author    = {Kedi Lyu and
               Zhenguang Liu and
               Shuang Wu and
               Haipeng Chen and
               Xuhong Zhang and
               Yuyu Yin},
  title     = {Learning Human Motion Prediction via Stochastic Differential Equations},
  booktitle = {{MM} '21: {ACM} Multimedia Conference, Virtual Event, China, October
               20 - 24, 2021},
  pages     = {4976--4984},
  year      = {2021},
  url       = {https://doi.org/10.1145/3474085.3475630},
  doi       = {10.1145/3474085.3475630},
  timestamp = {Fri, 05 Nov 2021 13:22:27 +0100},
  biburl    = {https://dblp.org/rec/conf/mm/LyuLWCZY21.bib},
  bibsource = {dblp computer science bibliography, https://dblp.org}
}

@article{TCN,
  author    = {Shaojie Bai and
               J. Zico Kolter and
               Vladlen Koltun},
  title     = {An Empirical Evaluation of Generic Convolutional and Recurrent Networks
               for Sequence Modeling},
  journal   = {CoRR},
  volume    = {abs/1803.01271},
  year      = {2018},
  url       = {http://arxiv.org/abs/1803.01271},
  eprinttype = {arXiv},
  eprint    = {1803.01271},
  timestamp = {Mon, 13 Aug 2018 16:47:39 +0200},
  biburl    = {https://dblp.org/rec/journals/corr/abs-1803-01271.bib},
  bibsource = {dblp computer science bibliography, https://dblp.org}
}

@article{TCGAN,
  author    = {Qiongjie Cui and
               Huaijiang Sun and
               Yue Kong and
               Xiaoqian Zhang and
               Yanmeng Li},
  title     = {Efficient human motion prediction using temporal convolutional generative
               adversarial network},
  journal   = {Inf. Sci.},
  volume    = {545},
  pages     = {427--447},
  year      = {2021},
  url       = {https://doi.org/10.1016/j.ins.2020.08.123},
  doi       = {10.1016/j.ins.2020.08.123},
  timestamp = {Tue, 29 Dec 2020 18:20:12 +0100},
  biburl    = {https://dblp.org/rec/journals/isci/CuiSKZL21.bib},
  bibsource = {dblp computer science bibliography, https://dblp.org}
}

@inproceedings{MoP,
  author    = {Chuanqi Zang and
               Mingtao Pei and
               Yu Kong},
  title     = {Few-shot Human Motion Prediction via Learning Novel Motion Dynamics},
  booktitle = {Proceedings of the Twenty-Ninth International Joint Conference on
               Artificial Intelligence, {IJCAI} 2020},
  pages     = {846--852},
  year      = {2020},
  url       = {https://doi.org/10.24963/ijcai.2020/118},
  doi       = {10.24963/ijcai.2020/118},
  timestamp = {Mon, 20 Jul 2020 12:38:52 +0200},
  biburl    = {https://dblp.org/rec/conf/ijcai/ZangPK20.bib},
  bibsource = {dblp computer science bibliography, https://dblp.org}
}

@inproceedings{oGan,
  author    = {Ian J. Goodfellow and
               Jean Pouget{-}Abadie and
               Mehdi Mirza and
               Bing Xu and
               David Warde{-}Farley and
               Sherjil Ozair and
               Aaron C. Courville and
               Yoshua Bengio},
  title     = {Generative Adversarial Nets},
  booktitle = {Advances in Neural Information Processing Systems 27: Annual Conference
               on Neural Information Processing Systems 2014, December 8-13 2014,
               Montreal, Quebec, Canada},
  pages     = {2672--2680},
  year      = {2014},
  url       = {https://proceedings.neurips.cc/paper/2014/hash/5ca3e9b122f61f8f06494c97b1afccf3-Abstract.html},
  timestamp = {Thu, 21 Jan 2021 15:15:23 +0100},
  biburl    = {https://dblp.org/rec/conf/nips/GoodfellowPMXWOCB14.bib},
  bibsource = {dblp computer science bibliography, https://dblp.org}
}

@article{Gan-poser,
  author    = {Deepak Kumar Jain and
               Masoumeh Zareapoor and
               Rachna Jain and
               Abhishek Kathuria and
               Shivam Bachhety},
  title     = {GAN-Poser: an improvised bidirectional {GAN} model for human motion
               prediction},
  journal   = {Neural Comput. Appl.},
  volume    = {32},
  number    = {18},
  pages     = {14579--14591},
  year      = {2020},
  url       = {https://doi.org/10.1007/s00521-020-04941-4},
  doi       = {10.1007/s00521-020-04941-4},
  timestamp = {Wed, 07 Oct 2020 17:05:18 +0200},
  biburl    = {https://dblp.org/rec/journals/nca/JainZJKB20.bib},
  bibsource = {dblp computer science bibliography, https://dblp.org}
}


@inproceedings{ARNET,
  author    = {Xianjin Chao and
               Yanrui Bin and
               Wenqing Chu and
               Xuan Cao and
               Yanhao Ge and
               Chengjie Wang and
               Jilin Li and
               Feiyue Huang and
               Howard Leung},
  title     = {Adversarial Refinement Network for Human Motion Prediction},
  booktitle = {Computer Vision - {ACCV} 2020 - 15th Asian Conference on Computer Vision, Kyoto, Japan, November 30 - December 4, 2020, Revised Selected
               Papers, Part {II}},
  pages     = {454--469},
  year      = {2020},
}

@inproceedings{AGED,
  author    = {Liang{-}Yan Gui and
               Yu{-}Xiong Wang and
               Xiaodan Liang and
               Jos{\'{e}} M. F. Moura},
  title     = {Adversarial Geometry-Aware Human Motion Prediction},
  booktitle = {Computer Vision - {ECCV} 2018 - 15th European Conference, Munich,
               Germany, September 8-14, 2018, Proceedings, Part {IV}},
  pages     = {823--842},
  year      = {2018},
  url       = {https://doi.org/10.1007/978-3-030-01225-0\_48},
  doi       = {10.1007/978-3-030-01225-0\_48},
  timestamp = {Tue, 14 May 2019 10:00:45 +0200},
  biburl    = {https://dblp.org/rec/conf/eccv/GuiWLM18.bib},
  bibsource = {dblp computer science bibliography, https://dblp.org}
}

@inproceedings{Cs2s,
  author    = {Chen Li and
               Zhen Zhang and
               Wee Sun Lee and
               Gim Hee Lee},
  title     = {Convolutional Sequence to Sequence Model for Human Dynamics},
  booktitle = {2018 {IEEE} Conference on Computer Vision and Pattern Recognition,
               {CVPR} 2018, Salt Lake City, UT, USA, June 18-22, 2018},
  pages     = {5226--5234},
  year      = {2018},
  url       = {http://openaccess.thecvf.com/content\_cvpr\_2018/html/Li\_Convolutional\_Sequence\_to\_CVPR\_2018\_paper.html},
  doi       = {10.1109/CVPR.2018.00548},
  timestamp = {Tue, 31 Aug 2021 14:00:32 +0200},
  biburl    = {https://dblp.org/rec/conf/cvpr/LiZLL18.bib},
  bibsource = {dblp computer science bibliography, https://dblp.org}
}

@article{Ludger2009Optimal,
  title={Optimal Transport. Old and New},
  author={Ludger and Rüschendorf},
  journal={Jahresbericht der Deutschen Mathematiker-Vereinigung},
  volume={111},
  number={2},
  pages={18-21},
  year={2009},
}

@article{Dudley1969TheSO,
  title={The Speed of Mean Glivenko-Cantelli Convergence},
  author={Richard M. Dudley},
  journal={Annals of Mathematical Statistics},
  year={1969},
  volume={40},
  pages={40-50},
  url={https://api.semanticscholar.org/CorpusID:121048606}
}

@article{2019Sharp,
  title={Sharp asymptotic and finite-sample rates of convergence of empirical measures in Wasserstein distance},
  author={ Weed, J.  and  Bach, F. },
  journal={Bernoulli Society for Mathematical Statistics and Probability},
  year={2019},
}


@inproceedings{FDU,
  author       = {Xuehao Gao and
                  Shaoyi Du and
                  Yang Wu and
                  Yang Yang},
  title        = {Decompose More and Aggregate Better: Two Closer Looks at Frequency
                  Representation Learning for Human Motion Prediction},
  booktitle    = {{IEEE/CVF} Conference on Computer Vision and Pattern Recognition,
                  {CVPR} 2023, Vancouver, BC, Canada, June 17-24, 2023},
  pages        = {6451--6460},
  publisher    = {{IEEE}},
  year         = {2023},
  url          = {https://doi.org/10.1109/CVPR52729.2023.00624},
  doi          = {10.1109/CVPR52729.2023.00624},
  timestamp    = {Mon, 28 Aug 2023 16:14:40 +0200},
  biburl       = {https://dblp.org/rec/conf/cvpr/GaoDW023.bib},
  bibsource    = {dblp computer science bibliography, https://dblp.org}
}

@inproceedings{DBLP:conf/iccv/LiuS0SCH021,
  author       = {Zhenguang Liu and
                  Pengxiang Su and
                  Shuang Wu and
                  Xuanjing Shen and
                  Haipeng Chen and
                  Yanbin Hao and
                  Meng Wang},
  title        = {Motion Prediction using Trajectory Cues},
  booktitle    = {2021 {IEEE/CVF} International Conference on Computer Vision, {ICCV}
                  2021, Montreal, QC, Canada, October 10-17, 2021},
  pages        = {13279--13288},
  publisher    = {{IEEE}},
  year         = {2021},
  url          = {https://doi.org/10.1109/ICCV48922.2021.01305},
  doi          = {10.1109/ICCV48922.2021.01305},
  timestamp    = {Sun, 02 Oct 2022 16:04:26 +0200},
  biburl       = {https://dblp.org/rec/conf/iccv/LiuS0SCH021.bib},
  bibsource    = {dblp computer science bibliography, https://dblp.org}
}

@article{TN,
title = {Hierarchical organization and functional streams in the visual cortex},
journal = {Trends in Neurosciences},
volume = {6},
pages = {370-375},
year = {1983},
author = {David C. {Van Essen} and John H.R. Maunsell},
}

@inproceedings{PGS,
author = {Li, Maosen and Chen, Siheng and Zhang, Zijing and Xie, Lingxi and Tian, Qi and Zhang, Ya},
title = {Skeleton-Parted Graph Scattering Networks for 3D Human Motion Prediction},
year = {2022},
pages = {18–36},
numpages = {19},
keywords = {Bipartite cross-part fusion, Spatial separation, Adaptive graph scattering, Human motion prediction},
location = {Tel Aviv, Israel}
}



@inproceedings{MM23_deepfake,
  author       = {Chao Shuai and Jieming Zhong and Shuang Wu and Feng Lin and Zhibo Wang and Zhongjie Ba and Zhenguang Liu and Lorenzo Cavallaro and Kui Ren},
  title        = {Locate and Verify: {A} Two-Stream Network for Improved Deepfake Detection},
  booktitle    = {{ACM} Multimedia},
  pages        = {7131--7142},
  year         = {2023},
  doi          = {10.1145/3581783.3612386}
}

@inproceedings{Liu1,
  author       = {Pengxiang Su and Zhenguang Liu and Shuang Wu and Lei Zhu and Yifang Yin and Xuanjing Shen},
  title        = {Motion Prediction via Joint Dependency Modeling in Phase Space},
  booktitle    = {{ACM} Multimedia},
  pages        = {713--721},
  year         = {2021},
  doi          = {10.1145/3474085.3475237}
}


@article{yao2024swift,
  title={Swift Sampler: Efficient Learning of Sampler by 10 Parameters},
  author={Yao, Jiawei and Li, Chuming and Xiao, Canran},
  journal={arXiv preprint arXiv:2410.05578},
  year={2024}
}


@inproceedings{yao2024qe,
  title={QE-BEV: Query evolution for bird's eye view object detection in varied contexts},
  author={Yao, Jiawei and Lai, Yingxin and Kou, Hongrui and Wu, Tong and Liu, Ruixi},
  booktitle={Proceedings of the 32nd ACM International Conference on Multimedia},
  pages={2927--2935},
  year={2024}
}











































































































































































