@inproceedings{AGED,
  author    = {Liang{-}Yan Gui and
               Yu{-}Xiong Wang and
               Xiaodan Liang and
               Jos{\'{e}} M. F. Moura},
  title     = {Adversarial Geometry-Aware Human Motion Prediction},
  booktitle = {Computer Vision - {ECCV} 2018 - 15th European Conference, Munich,
               Germany, September 8-14, 2018, Proceedings, Part {IV}},
  pages     = {823--842},
  year      = {2018},
  url       = {https://doi.org/10.1007/978-3-030-01225-0\_48},
  doi       = {10.1007/978-3-030-01225-0\_48},
  timestamp = {Tue, 14 May 2019 10:00:45 +0200},
  biburl    = {https://dblp.org/rec/conf/eccv/GuiWLM18.bib},
  bibsource = {dblp computer science bibliography, https://dblp.org}
}

@inproceedings{AMGAN,
  author    = {Zhenguang Liu and
               Kedi Lyu and
               Shuang Wu and
               Haipeng Chen and
               Yanbin Hao and
               Shouling Ji},
  title     = {Aggregated Multi-GANs for Controlled 3D Human Motion Prediction},
  booktitle = {Thirty-Fifth {AAAI} Conference on Artificial Intelligence, {AAAI}
               2021, Thirty-Third Conference on Innovative Applications of Artificial
               Intelligence, {IAAI} 2021, The Eleventh Symposium on Educational Advances
               in Artificial Intelligence, {EAAI} 2021, Virtual Event, February 2-9,
               2021},
  pages     = {2225--2232},
  year      = {2021},
  url       = {https://ojs.aaai.org/index.php/AAAI/article/view/16321},
  timestamp = {Wed, 02 Jun 2021 18:09:11 +0200},
  biburl    = {https://dblp.org/rec/conf/aaai/LiuLWCHJ21.bib},
  bibsource = {dblp computer science bibliography, https://dblp.org}
}

@inproceedings{ARNET,
  author    = {Xianjin Chao and
               Yanrui Bin and
               Wenqing Chu and
               Xuan Cao and
               Yanhao Ge and
               Chengjie Wang and
               Jilin Li and
               Feiyue Huang and
               Howard Leung},
  title     = {Adversarial Refinement Network for Human Motion Prediction},
  booktitle = {Computer Vision - {ACCV} 2020 - 15th Asian Conference on Computer Vision, Kyoto, Japan, November 30 - December 4, 2020, Revised Selected
               Papers, Part {II}},
  pages     = {454--469},
  year      = {2020},
}

@inproceedings{Bigan,
  author    = {Jogendra Nath Kundu and
               Maharshi Gor and
               R. Venkatesh Babu},
  title     = {BiHMP-GAN: Bidirectional 3D Human Motion Prediction {GAN}},
  booktitle = {The Thirty-Third {AAAI} Conference on Artificial Intelligence, {AAAI}
               2019, The Thirty-First Innovative Applications of Artificial Intelligence
               Conference, {IAAI} 2019, The Ninth {AAAI} Symposium on Educational
               Advances in Artificial Intelligence, {EAAI} 2019, Honolulu, Hawaii,
               USA, January 27 - February 1, 2019},
  pages     = {8553--8560},
  year      = {2019},
  url       = {https://doi.org/10.1609/aaai.v33i01.33018553},
  doi       = {10.1609/aaai.v33i01.33018553},
  timestamp = {Tue, 02 Feb 2021 07:59:58 +0100},
  biburl    = {https://dblp.org/rec/conf/aaai/KunduGB19.bib},
  bibsource = {dblp computer science bibliography, https://dblp.org}
}

@inproceedings{DBLP:conf/iccv/LiuS0SCH021,
  author       = {Zhenguang Liu and
                  Pengxiang Su and
                  Shuang Wu and
                  Xuanjing Shen and
                  Haipeng Chen and
                  Yanbin Hao and
                  Meng Wang},
  title        = {Motion Prediction using Trajectory Cues},
  booktitle    = {2021 {IEEE/CVF} International Conference on Computer Vision, {ICCV}
                  2021, Montreal, QC, Canada, October 10-17, 2021},
  pages        = {13279--13288},
  publisher    = {{IEEE}},
  year         = {2021},
  url          = {https://doi.org/10.1109/ICCV48922.2021.01305},
  doi          = {10.1109/ICCV48922.2021.01305},
  timestamp    = {Sun, 02 Oct 2022 16:04:26 +0200},
  biburl       = {https://dblp.org/rec/conf/iccv/LiuS0SCH021.bib},
  bibsource    = {dblp computer science bibliography, https://dblp.org}
}

@inproceedings{DMGNN,
  author    = {Maosen Li and
               Siheng Chen and
               Yangheng Zhao and
               Ya Zhang and
               Yanfeng Wang and
               Qi Tian},
  title     = {Dynamic Multiscale Graph Neural Networks for 3D Skeleton Based Human
               Motion Prediction},
  booktitle = {2020 {IEEE/CVF} Conference on Computer Vision and Pattern Recognition,
               {CVPR} 2020, Seattle, WA, USA, June 13-19, 2020},
  pages     = {211--220},
  year      = {2020},
  url       = {https://openaccess.thecvf.com/content\_CVPR\_2020/html/Li\_Dynamic\_Multiscale\_Graph\_Neural\_Networks\_for\_3D\_Skeleton\_Based\_Human\_CVPR\_2020\_paper.html},
  doi       = {10.1109/CVPR42600.2020.00029},
  timestamp = {Tue, 31 Aug 2021 14:00:04 +0200},
  biburl    = {https://dblp.org/rec/conf/cvpr/LiCZZW020.bib},
  bibsource = {dblp computer science bibliography, https://dblp.org}
}

@article{Gan-poser,
  author    = {Deepak Kumar Jain and
               Masoumeh Zareapoor and
               Rachna Jain and
               Abhishek Kathuria and
               Shivam Bachhety},
  title     = {GAN-Poser: an improvised bidirectional {GAN} model for human motion
               prediction},
  journal   = {Neural Comput. Appl.},
  volume    = {32},
  number    = {18},
  pages     = {14579--14591},
  year      = {2020},
  url       = {https://doi.org/10.1007/s00521-020-04941-4},
  doi       = {10.1007/s00521-020-04941-4},
  timestamp = {Wed, 07 Oct 2020 17:05:18 +0200},
  biburl    = {https://dblp.org/rec/journals/nca/JainZJKB20.bib},
  bibsource = {dblp computer science bibliography, https://dblp.org}
}

@inproceedings{HPgan,
  author    = {Emad Barsoum and
               John Kender and
               Zicheng Liu},
  title     = {{HP-GAN:} Probabilistic 3D Human Motion Prediction via {GAN}},
  booktitle = {2018 {IEEE} Conference on Computer Vision and Pattern Recognition Workshops, {CVPR} Workshops 2018, Salt Lake City, UT, USA, June 18-22,
               2018},
  pages     = {1418--1427},
  year      = {2018},
}

@inproceedings{HRI,
  author    = {Wei Mao and
               Miaomiao Liu and
               Mathieu Salzmann},
  title     = {History Repeats Itself: Human Motion Prediction via Motion Attention},
  booktitle = {Computer Vision - {ECCV} 2020 - 16th European Conference, Glasgow,
               UK, August 23-28, 2020, Proceedings, Part {XIV}},
  pages     = {474--489},
  year      = {2020},
  url       = {https://doi.org/10.1007/978-3-030-58568-6\_28},
  doi       = {10.1007/978-3-030-58568-6\_28},
  timestamp = {Fri, 13 Nov 2020 12:36:48 +0100},
  biburl    = {https://dblp.org/rec/conf/eccv/MaoLS20.bib},
  bibsource = {dblp computer science bibliography, https://dblp.org}
}

@inproceedings{LTD,
  author    = {Wei Mao and
               Miaomiao Liu and
               Mathieu Salzmann and
               Hongdong Li},
  title     = {Learning Trajectory Dependencies for Human Motion Prediction},
  booktitle = {2019 {IEEE/CVF} International Conference on Computer Vision, {ICCV}
               2019, Seoul, Korea (South), October 27 - November 2, 2019},
  pages     = {9488--9496},
  year      = {2019},
  url       = {https://doi.org/10.1109/ICCV.2019.00958},
  doi       = {10.1109/ICCV.2019.00958},
  timestamp = {Sat, 05 Sep 2020 18:07:55 +0200},
  biburl    = {https://dblp.org/rec/conf/iccv/MaoLSL19.bib},
  bibsource = {dblp computer science bibliography, https://dblp.org}
}

@inproceedings{MM23_deepfake,
  author       = {Chao Shuai and Jieming Zhong and Shuang Wu and Feng Lin and Zhibo Wang and Zhongjie Ba and Zhenguang Liu and Lorenzo Cavallaro and Kui Ren},
  title        = {Locate and Verify: {A} Two-Stream Network for Improved Deepfake Detection},
  booktitle    = {{ACM} Multimedia},
  pages        = {7131--7142},
  year         = {2023},
  doi          = {10.1145/3581783.3612386}
}

@article{MSGNN,
  author    = {Maosen Li and
               Siheng Chen and
               Yangheng Zhao and
               Ya Zhang and
               Yanfeng Wang and
               Qi Tian},
  title     = {Multiscale Spatio-Temporal Graph Neural Networks for 3D Skeleton-Based
               Motion Prediction},
  journal   = {{IEEE} Trans. Image Process.},
  volume    = {30},
  pages     = {7760--7775},
  year      = {2021},
  url       = {https://doi.org/10.1109/TIP.2021.3108708},
  doi       = {10.1109/TIP.2021.3108708},
  timestamp = {Tue, 05 Oct 2021 10:02:18 +0200},
  biburl    = {https://dblp.org/rec/journals/tip/LiCZZWT21.bib},
  bibsource = {dblp computer science bibliography, https://dblp.org}
}

@inproceedings{MoP,
  author    = {Chuanqi Zang and
               Mingtao Pei and
               Yu Kong},
  title     = {Few-shot Human Motion Prediction via Learning Novel Motion Dynamics},
  booktitle = {Proceedings of the Twenty-Ninth International Joint Conference on
               Artificial Intelligence, {IJCAI} 2020},
  pages     = {846--852},
  year      = {2020},
  url       = {https://doi.org/10.24963/ijcai.2020/118},
  doi       = {10.24963/ijcai.2020/118},
  timestamp = {Mon, 20 Jul 2020 12:38:52 +0200},
  biburl    = {https://dblp.org/rec/conf/ijcai/ZangPK20.bib},
  bibsource = {dblp computer science bibliography, https://dblp.org}
}

@inproceedings{QN,
  author    = {Dario Pavllo and
               David Grangier and
               Michael Auli},
  title     = {QuaterNet: {A} Quaternion-based Recurrent Model for Human Motion},
  booktitle = {British Machine Vision Conference 2018, {BMVC} 2018, Newcastle, UK,
               September 3-6, 2018},
  pages     = {299},
  year      = {2018},
  url       = {http://bmvc2018.org/contents/papers/0675.pdf},
  timestamp = {Tue, 21 Apr 2020 23:17:57 +0200},
  biburl    = {https://dblp.org/rec/conf/bmvc/PavlloGA18.bib},
  bibsource = {dblp computer science bibliography, https://dblp.org}
}\textbf{}

@inproceedings{SGRU,
  author    = {Kedi Lyu and
               Zhenguang Liu and
               Shuang Wu and
               Haipeng Chen and
               Xuhong Zhang and
               Yuyu Yin},
  title     = {Learning Human Motion Prediction via Stochastic Differential Equations},
  booktitle = {{MM} '21: {ACM} Multimedia Conference, Virtual Event, China, October
               20 - 24, 2021},
  pages     = {4976--4984},
  year      = {2021},
  url       = {https://doi.org/10.1145/3474085.3475630},
  doi       = {10.1145/3474085.3475630},
  timestamp = {Fri, 05 Nov 2021 13:22:27 +0100},
  biburl    = {https://dblp.org/rec/conf/mm/LyuLWCZY21.bib},
  bibsource = {dblp computer science bibliography, https://dblp.org}
}

@inproceedings{SKEL,
  author    = {Xiao Guo and
               Jongmoo Choi},
  title     = {Human Motion Prediction via Learning Local Structure Representations
               and Temporal Dependencies},
  booktitle = {The Thirty-Third {AAAI} Conference on Artificial Intelligence, {AAAI}
               2019, The Thirty-First Innovative Applications of Artificial Intelligence
               Conference, {IAAI} 2019, The Ninth {AAAI} Symposium on Educational
               Advances in Artificial Intelligence, {EAAI} 2019, Honolulu, Hawaii,
               USA, January 27 - February 1, 2019},
  pages     = {2580--2587},
  year      = {2019},
}

@article{TCGAN,
  author    = {Qiongjie Cui and
               Huaijiang Sun and
               Yue Kong and
               Xiaoqian Zhang and
               Yanmeng Li},
  title     = {Efficient human motion prediction using temporal convolutional generative
               adversarial network},
  journal   = {Inf. Sci.},
  volume    = {545},
  pages     = {427--447},
  year      = {2021},
  url       = {https://doi.org/10.1016/j.ins.2020.08.123},
  doi       = {10.1016/j.ins.2020.08.123},
  timestamp = {Tue, 29 Dec 2020 18:20:12 +0100},
  biburl    = {https://dblp.org/rec/journals/isci/CuiSKZL21.bib},
  bibsource = {dblp computer science bibliography, https://dblp.org}
}

@article{yao2024swift,
  title={Swift Sampler: Efficient Learning of Sampler by 10 Parameters},
  author={Yao, Jiawei and Li, Chuming and Xiao, Canran},
  journal={arXiv preprint arXiv:2410.05578},
  year={2024}
}

