@misc{Classifier-Free,
      title={Classifier-Free Diffusion Guidance}, 
      author={Jonathan Ho and Tim Salimans},
      year={2022},
      eprint={2207.12598},
      archivePrefix={arXiv},
      primaryClass={cs.LG},
      url={https://arxiv.org/abs/2207.12598}, 
}

@misc{DDIM,
      title={Denoising Diffusion Implicit Models}, 
      author={Jiaming Song and Chenlin Meng and Stefano Ermon},
      year={2022},
      eprint={2010.02502},
      archivePrefix={arXiv},
      primaryClass={cs.LG},
      url={https://arxiv.org/abs/2010.02502}, 
}

@misc{DDPM,
      title={Denoising Diffusion Probabilistic Models}, 
      author={Jonathan Ho and Ajay Jain and Pieter Abbeel},
      year={2020},
      eprint={2006.11239},
      archivePrefix={arXiv},
      primaryClass={cs.LG},
      url={https://arxiv.org/abs/2006.11239}, 
}

@misc{InST,
      title={Inversion-Based Style Transfer with Diffusion Models}, 
      author={Yuxin Zhang and Nisha Huang and Fan Tang and Haibin Huang and Chongyang Ma and Weiming Dong and Changsheng Xu},
      year={2023},
      eprint={2211.13203},
      archivePrefix={arXiv},
      primaryClass={cs.CV},
      url={https://arxiv.org/abs/2211.13203}, 
}

@misc{Misalign,
      title={Misalign, Contrast then Distill: Rethinking Misalignments in Language-Image Pretraining}, 
      author={Bumsoo Kim and Yeonsik Jo and Jinhyung Kim and Seung Hwan Kim},
      year={2023},
      eprint={2312.12661},
      archivePrefix={arXiv},
      primaryClass={cs.CV},
      url={https://arxiv.org/abs/2312.12661}, 
}

@misc{SDXL,
      title={SDXL: Improving Latent Diffusion Models for High-Resolution Image Synthesis}, 
      author={Dustin Podell and Zion English and Kyle Lacey and Andreas Blattmann and Tim Dockhorn and Jonas MÃ¼ller and Joe Penna and Robin Rombach},
      year={2023},
      eprint={2307.01952},
      archivePrefix={arXiv},
      primaryClass={cs.CV},
      url={https://arxiv.org/abs/2307.01952}, 
}

@misc{StyleAdapter,
      title={StyleAdapter: A Single-Pass LoRA-Free Model for Stylized Image Generation}, 
      author={Zhouxia Wang and Xintao Wang and Liangbin Xie and Zhongang Qi and Ying Shan and Wenping Wang and Ping Luo},
      year={2023},
      eprint={2309.01770},
      archivePrefix={arXiv},
      primaryClass={cs.CV},
      url={https://arxiv.org/abs/2309.01770}, 
}

@misc{StyleAligned,
      title={Style Aligned Image Generation via Shared Attention}, 
      author={Amir Hertz and Andrey Voynov and Shlomi Fruchter and Daniel Cohen-Or},
      year={2024},
      eprint={2312.02133},
      archivePrefix={arXiv},
      primaryClass={cs.CV},
      url={https://arxiv.org/abs/2312.02133}, 
}

@inproceedings{chung2024style,
  title={Style injection in diffusion: A training-free approach for adapting large-scale diffusion models for style transfer},
  author={Chung, Jiwoo and Hyun, Sangeek and Heo, Jae-Pil},
  booktitle={Proceedings of the IEEE/CVF Conference on Computer Vision and Pattern Recognition},
  pages={8795--8805},
  year={2024}
}

@article{couairon2022diffedit,
  title={Diffedit: Diffusion-based semantic image editing with mask guidance},
  author={Couairon, Guillaume and Verbeek, Jakob and Schwenk, Holger and Cord, Matthieu},
  journal={arXiv preprint arXiv:2210.11427},
  year={2022}
}

@misc{gal2022imageworthwordpersonalizing,
      title={An Image is Worth One Word: Personalizing Text-to-Image Generation using Textual Inversion}, 
      author={Rinon Gal and Yuval Alaluf and Yuval Atzmon and Or Patashnik and Amit H. Bermano and Gal Chechik and Daniel Cohen-Or},
      year={2022},
      eprint={2208.01618},
      archivePrefix={arXiv},
      primaryClass={cs.CV},
      url={https://arxiv.org/abs/2208.01618}, 
}

@inproceedings{gao2023masked,
  title={Masked diffusion transformer is a strong image synthesizer},
  author={Gao, Shanghua and Zhou, Pan and Cheng, Ming-Ming and Yan, Shuicheng},
  booktitle={Proceedings of the IEEE/CVF International Conference on Computer Vision},
  pages={23164--23173},
  year={2023}
}

@article{gordon2023mismatch,
  title={Mismatch quest: Visual and textual feedback for image-text misalignment},
  author={Gordon, Brian and Bitton, Yonatan and Shafir, Yonatan and Garg, Roopal and Chen, Xi and Lischinski, Dani and Cohen-Or, Daniel and Szpektor, Idan},
  journal={arXiv preprint arXiv:2312.03766},
  year={2023}
}

@article{hansen2024unified,
  title={Unified Auto-Encoding with Masked Diffusion},
  author={Hansen-Estruch, Philippe and Vishwanath, Sriram and Zhang, Amy and Tomar, Manan},
  journal={arXiv preprint arXiv:2406.17688},
  year={2024}
}

@inproceedings{huang2024learning,
  title={Learning disentangled identifiers for action-customized text-to-image generation},
  author={Huang, Siteng and Gong, Biao and Feng, Yutong and Chen, Xi and Fu, Yuqian and Liu, Yu and Wang, Donglin},
  booktitle={Proceedings of the IEEE/CVF Conference on Computer Vision and Pattern Recognition},
  pages={7797--7806},
  year={2024}
}

@article{kwon2022diffusion,
  title={Diffusion-based image translation using disentangled style and content representation},
  author={Kwon, Gihyun and Ye, Jong Chul},
  journal={arXiv preprint arXiv:2209.15264},
  year={2022}
}

@article{le2022styleid,
  title={Styleid: Identity disentanglement for anonymizing faces},
  author={Le, Minh-Ha and Carlsson, Niklas},
  journal={arXiv preprint arXiv:2212.13791},
  year={2022}
}

@article{lei2023masked,
  title={Masked diffusion models are fast learners},
  author={Lei, Jiachen and Cheng, Peng and Ba, Zhongjie and Ren, Kui},
  journal={arXiv preprint arXiv:2306.11363},
  year={2023}
}

@inproceedings{li2023blip,
  title={Blip-2: Bootstrapping language-image pre-training with frozen image encoders and large language models},
  author={Li, Junnan and Li, Dongxu and Savarese, Silvio and Hoi, Steven},
  booktitle={International conference on machine learning},
  pages={19730--19742},
  year={2023},
  organization={PMLR}
}

@article{li2024blip,
  title={Blip-diffusion: Pre-trained subject representation for controllable text-to-image generation and editing},
  author={Li, Dongxu and Li, Junnan and Hoi, Steven},
  journal={Advances in Neural Information Processing Systems},
  volume={36},
  year={2024}
}

@article{lin2024ctrl,
  title={Ctrl-X: Controlling Structure and Appearance for Text-To-Image Generation Without Guidance},
  author={Lin, Kuan Heng and Mo, Sicheng and Klingher, Ben and Mu, Fangzhou and Zhou, Bolei},
  journal={arXiv preprint arXiv:2406.07540},
  year={2024}
}

@article{liu2023stylecrafter,
  title={Stylecrafter: Enhancing stylized text-to-video generation with style adapter},
  author={Liu, Gongye and Xia, Menghan and Zhang, Yong and Chen, Haoxin and Xing, Jinbo and Wang, Xintao and Yang, Yujiu and Shan, Ying},
  journal={arXiv preprint arXiv:2312.00330},
  year={2023}
}

@inproceedings{lu2023specialist,
  title={Specialist diffusion: Plug-and-play sample-efficient fine-tuning of text-to-image diffusion models to learn any unseen style},
  author={Lu, Haoming and Tunanyan, Hazarapet and Wang, Kai and Navasardyan, Shant and Wang, Zhangyang and Shi, Humphrey},
  booktitle={Proceedings of the IEEE/CVF Conference on Computer Vision and Pattern Recognition},
  pages={14267--14276},
  year={2023}
}

@article{motamed2023lego,
  title={Lego: Learning to disentangle and invert concepts beyond object appearance in text-to-image diffusion models},
  author={Motamed, Saman and Paudel, Danda Pani and Van Gool, Luc},
  journal={arXiv preprint arXiv:2311.13833},
  year={2023}
}

@article{nichol2021glide,
  title={Glide: Towards photorealistic image generation and editing with text-guided diffusion models},
  author={Nichol, Alex and Dhariwal, Prafulla and Ramesh, Aditya and Shyam, Pranav and Mishkin, Pamela and McGrew, Bob and Sutskever, Ilya and Chen, Mark},
  journal={arXiv preprint arXiv:2112.10741},
  year={2021}
}

@article{pan2023masked,
  title={Masked diffusion as self-supervised representation learner},
  author={Pan, Zixuan and Chen, Jianxu and Shi, Yiyu},
  journal={arXiv preprint arXiv:2308.05695},
  year={2023}
}

@inproceedings{qi2024deadiff,
  title={DEADiff: An Efficient Stylization Diffusion Model with Disentangled Representations},
  author={Qi, Tianhao and Fang, Shancheng and Wu, Yanze and Xie, Hongtao and Liu, Jiawei and Chen, Lang and He, Qian and Zhang, Yongdong},
  booktitle={Proceedings of the IEEE/CVF Conference on Computer Vision and Pattern Recognition},
  pages={8693--8702},
  year={2024}
}

@article{ramesh2022hierarchical,
  title={Hierarchical text-conditional image generation with clip latents},
  author={Ramesh, Aditya and Dhariwal, Prafulla and Nichol, Alex and Chu, Casey and Chen, Mark},
  journal={arXiv preprint arXiv:2204.06125},
  volume={1},
  number={2},
  pages={3},
  year={2022}
}

@inproceedings{rombach2022high,
  title={High-resolution image synthesis with latent diffusion models},
  author={Rombach, Robin and Blattmann, Andreas and Lorenz, Dominik and Esser, Patrick and Ommer, Bj{\"o}rn},
  booktitle={Proceedings of the IEEE/CVF conference on computer vision and pattern recognition},
  pages={10684--10695},
  year={2022}
}

@article{rout2024rb,
  title={RB-Modulation: Training-Free Personalization of Diffusion Models using Stochastic Optimal Control},
  author={Rout, Litu and Chen, Yujia and Ruiz, Nataniel and Kumar, Abhishek and Caramanis, Constantine and Shakkottai, Sanjay and Chu, Wen-Sheng},
  journal={arXiv preprint arXiv:2405.17401},
  year={2024}
}

@article{saharia2022photorealistic,
  title={Photorealistic text-to-image diffusion models with deep language understanding},
  author={Saharia, Chitwan and Chan, William and Saxena, Saurabh and Li, Lala and Whang, Jay and Denton, Emily L and Ghasemipour, Kamyar and Gontijo Lopes, Raphael and Karagol Ayan, Burcu and Salimans, Tim and others},
  journal={Advances in neural information processing systems},
  volume={35},
  pages={36479--36494},
  year={2022}
}

@article{sohn2024styledrop,
  title={Styledrop: Text-to-image synthesis of any style},
  author={Sohn, Kihyuk and Jiang, Lu and Barber, Jarred and Lee, Kimin and Ruiz, Nataniel and Krishnan, Dilip and Chang, Huiwen and Li, Yuanzhen and Essa, Irfan and Rubinstein, Michael and others},
  journal={Advances in Neural Information Processing Systems},
  volume={36},
  year={2024}
}

@inproceedings{sun2023sgdiff,
  title={Sgdiff: A style guided diffusion model for fashion synthesis},
  author={Sun, Zhengwentai and Zhou, Yanghong and He, Honghong and Mok, PY},
  booktitle={Proceedings of the 31st ACM International Conference on Multimedia},
  pages={8433--8442},
  year={2023}
}

@inproceedings{wang2023stylediffusion,
  title={Stylediffusion: Controllable disentangled style transfer via diffusion models},
  author={Wang, Zhizhong and Zhao, Lei and Xing, Wei},
  booktitle={Proceedings of the IEEE/CVF International Conference on Computer Vision},
  pages={7677--7689},
  year={2023}
}

@article{wang2024instantstyle,
  title={Instantstyle: Free lunch towards style-preserving in text-to-image generation},
  author={Wang, Haofan and Wang, Qixun and Bai, Xu and Qin, Zekui and Chen, Anthony},
  journal={arXiv preprint arXiv:2404.02733},
  year={2024}
}

@article{wang2024instantstyle-plus,
  title={InstantStyle-Plus: Style Transfer with Content-Preserving in Text-to-Image Generation},
  author={Wang, Haofan and Xing, Peng and Huang, Renyuan and Ai, Hao and Wang, Qixun and Bai, Xu},
  journal={arXiv preprint arXiv:2407.00788},
  year={2024}
}

@article{xing2024csgo,
  title={Csgo: Content-style composition in text-to-image generation},
  author={Xing, Peng and Wang, Haofan and Sun, Yanpeng and Wang, Qixun and Bai, Xu and Ai, Hao and Huang, Renyuan and Li, Zechao},
  journal={arXiv preprint arXiv:2408.16766},
  year={2024}
}

@article{xu2024freetuner,
  title={FreeTuner: Any Subject in Any Style with Training-free Diffusion},
  author={Xu, Youcan and Wang, Zhen and Xiao, Jun and Liu, Wei and Chen, Long},
  journal={arXiv preprint arXiv:2405.14201},
  year={2024}
}

@article{ye2023ip,
  title={Ip-adapter: Text compatible image prompt adapter for text-to-image diffusion models},
  author={Ye, Hu and Zhang, Jun and Liu, Sibo and Han, Xiao and Yang, Wei},
  journal={arXiv preprint arXiv:2308.06721},
  year={2023}
}

@inproceedings{zhang2018separating,
  title={Separating style and content for generalized style transfer},
  author={Zhang, Yexun and Zhang, Ya and Cai, Wenbin},
  booktitle={Proceedings of the IEEE conference on computer vision and pattern recognition},
  pages={8447--8455},
  year={2018}
}

@misc{zhang2018unifiedframeworkgeneralizablestyle,
      title={A Unified Framework for Generalizable Style Transfer: Style and Content Separation}, 
      author={Yexun Zhang and Ya Zhang and Wenbin Cai},
      year={2018},
      eprint={1806.05173},
      archivePrefix={arXiv},
      primaryClass={cs.CV},
      url={https://arxiv.org/abs/1806.05173}, 
}

@article{zhao2024identifying,
  title={Identifying and Solving Conditional Image Leakage in Image-to-Video Diffusion Model},
  author={Zhao, Min and Zhu, Hongzhou and Xiang, Chendong and Zheng, Kaiwen and Li, Chongxuan and Zhu, Jun},
  journal={arXiv preprint arXiv:2406.15735},
  year={2024}
}

