@article{gao2024styleshot,
  title={StyleShot: A Snapshot on Any Style},
  author={Gao, Junyao and Liu, Yanchen and Sun, Yanan and Tang, Yinhao and Zeng, Yanhong and Chen, Kai and Zhao, Cairong},
  journal={arXiv preprint arXiv:2407.01414},
  year={2024}
}

@article{wang2024instantstyle,
  title={Instantstyle: Free lunch towards style-preserving in text-to-image generation},
  author={Wang, Haofan and Wang, Qixun and Bai, Xu and Qin, Zekui and Chen, Anthony},
  journal={arXiv preprint arXiv:2404.02733},
  year={2024}
}

@article{wang2024instantstyle-plus,
  title={InstantStyle-Plus: Style Transfer with Content-Preserving in Text-to-Image Generation},
  author={Wang, Haofan and Xing, Peng and Huang, Renyuan and Ai, Hao and Wang, Qixun and Bai, Xu},
  journal={arXiv preprint arXiv:2407.00788},
  year={2024}
}

@inproceedings{rombach2022high,
  title={High-resolution image synthesis with latent diffusion models},
  author={Rombach, Robin and Blattmann, Andreas and Lorenz, Dominik and Esser, Patrick and Ommer, Bj{\"o}rn},
  booktitle={Proceedings of the IEEE/CVF conference on computer vision and pattern recognition},
  pages={10684--10695},
  year={2022}
}

@misc{DDPM,
      title={Denoising Diffusion Probabilistic Models}, 
      author={Jonathan Ho and Ajay Jain and Pieter Abbeel},
      year={2020},
      eprint={2006.11239},
      archivePrefix={arXiv},
      primaryClass={cs.LG},
      url={https://arxiv.org/abs/2006.11239}, 
}

@inproceedings{sun2022multimodal,
  title={Multimodal unsupervised image-to-image translation without independent style encoder},
  author={Sun, Yanbei and Lu, Yao and Lu, Haowei and Zhao, Qingjie and Wang, Shunzhou},
  booktitle={International Conference on Multimedia Modeling},
  pages={624--636},
  year={2022},
  organization={Springer}
}

@article{jeong2023training,
  title={Training-free style transfer emerges from h-space in diffusion models},
  author={Jeong, Jaeseok and Kwon, Mingi and Uh, Youngjung},
  journal={arXiv preprint arXiv:2303.15403},
  volume={3},
  year={2023}
}

@inproceedings{lu2023specialist,
  title={Specialist diffusion: Plug-and-play sample-efficient fine-tuning of text-to-image diffusion models to learn any unseen style},
  author={Lu, Haoming and Tunanyan, Hazarapet and Wang, Kai and Navasardyan, Shant and Wang, Zhangyang and Shi, Humphrey},
  booktitle={Proceedings of the IEEE/CVF Conference on Computer Vision and Pattern Recognition},
  pages={14267--14276},
  year={2023}
}

@article{park2024text,
  title={Text-to-Image Synthesis for Any Artistic Styles: Advancements in Personalized Artistic Image Generation via Subdivision and Dual Binding},
  author={Park, Junseo and Ko, Beomseok and Jang, Hyeryung},
  journal={arXiv preprint arXiv:2404.05256},
  year={2024}
}

@inproceedings{hamazaspyan2023diffusion,
  title={Diffusion-enhanced patchmatch: A framework for arbitrary style transfer with diffusion models},
  author={Hamazaspyan, Mark and Navasardyan, Shant},
  booktitle={Proceedings of the IEEE/CVF Conference on Computer Vision and Pattern Recognition},
  pages={797--805},
  year={2023}
}

@inproceedings{chung2024style,
  title={Style injection in diffusion: A training-free approach for adapting large-scale diffusion models for style transfer},
  author={Chung, Jiwoo and Hyun, Sangeek and Heo, Jae-Pil},
  booktitle={Proceedings of the IEEE/CVF Conference on Computer Vision and Pattern Recognition},
  pages={8795--8805},
  year={2024}
}


@article{ho2022cascaded,
  title={Cascaded diffusion models for high fidelity image generation},
  author={Ho, Jonathan and Saharia, Chitwan and Chan, William and Fleet, David J and Norouzi, Mohammad and Salimans, Tim},
  journal={Journal of Machine Learning Research},
  volume={23},
  number={47},
  pages={1--33},
  year={2022}
}

@article{dhariwal2021diffusion,
  title={Diffusion models beat gans on image synthesis},
  author={Dhariwal, Prafulla and Nichol, Alexander},
  journal={Advances in neural information processing systems},
  volume={34},
  pages={8780--8794},
  year={2021}
}

@inproceedings{zhu2023conditional,
  title={Conditional text image generation with diffusion models},
  author={Zhu, Yuanzhi and Li, Zhaohai and Wang, Tianwei and He, Mengchao and Yao, Cong},
  booktitle={Proceedings of the IEEE/CVF Conference on Computer Vision and Pattern Recognition},
  pages={14235--14245},
  year={2023}
}

@article{batzolis2021conditional,
  title={Conditional image generation with score-based diffusion models},
  author={Batzolis, Georgios and Stanczuk, Jan and Sch{\"o}nlieb, Carola-Bibiane and Etmann, Christian},
  journal={arXiv preprint arXiv:2111.13606},
  year={2021}
}



@article{zhao2024identifying,
  title={Identifying and Solving Conditional Image Leakage in Image-to-Video Diffusion Model},
  author={Zhao, Min and Zhu, Hongzhou and Xiang, Chendong and Zheng, Kaiwen and Li, Chongxuan and Zhu, Jun},
  journal={arXiv preprint arXiv:2406.15735},
  year={2024}
}

@article{hu2021lora,
  title={Lora: Low-rank adaptation of large language models},
  author={Hu, Edward J and Shen, Yelong and Wallis, Phillip and Allen-Zhu, Zeyuan and Li, Yuanzhi and Wang, Shean and Wang, Lu and Chen, Weizhu},
  journal={arXiv preprint arXiv:2106.09685},
  year={2021}
}

@article{gal2022image,
  title={An image is worth one word: Personalizing text-to-image generation using textual inversion},
  author={Gal, Rinon and Alaluf, Yuval and Atzmon, Yuval and Patashnik, Or and Bermano, Amit H and Chechik, Gal and Cohen-Or, Daniel},
  journal={arXiv preprint arXiv:2208.01618},
  year={2022}
}


@article{wu2021stylealign,
  title={Stylealign: Analysis and applications of aligned stylegan models},
  author={Wu, Zongze and Nitzan, Yotam and Shechtman, Eli and Lischinski, Dani},
  journal={arXiv preprint arXiv:2110.11323},
  year={2021}
}

@misc{StyleAligned,
      title={Style Aligned Image Generation via Shared Attention}, 
      author={Amir Hertz and Andrey Voynov and Shlomi Fruchter and Daniel Cohen-Or},
      year={2024},
      eprint={2312.02133},
      archivePrefix={arXiv},
      primaryClass={cs.CV},
      url={https://arxiv.org/abs/2312.02133}, 
}

@article{ye2023ip,
  title={Ip-adapter: Text compatible image prompt adapter for text-to-image diffusion models},
  author={Ye, Hu and Zhang, Jun and Liu, Sibo and Han, Xiao and Yang, Wei},
  journal={arXiv preprint arXiv:2308.06721},
  year={2023}
}

@misc{StyleAdapter,
      title={StyleAdapter: A Single-Pass LoRA-Free Model for Stylized Image Generation}, 
      author={Zhouxia Wang and Xintao Wang and Liangbin Xie and Zhongang Qi and Ying Shan and Wenping Wang and Ping Luo},
      year={2023},
      eprint={2309.01770},
      archivePrefix={arXiv},
      primaryClass={cs.CV},
      url={https://arxiv.org/abs/2309.01770}, 
}

@inproceedings{qi2024deadiff,
  title={DEADiff: An Efficient Stylization Diffusion Model with Disentangled Representations},
  author={Qi, Tianhao and Fang, Shancheng and Wu, Yanze and Xie, Hongtao and Liu, Jiawei and Chen, Lang and He, Qian and Zhang, Yongdong},
  booktitle={Proceedings of the IEEE/CVF Conference on Computer Vision and Pattern Recognition},
  pages={8693--8702},
  year={2024}
}

@inproceedings{li2023blip,
  title={Blip-2: Bootstrapping language-image pre-training with frozen image encoders and large language models},
  author={Li, Junnan and Li, Dongxu and Savarese, Silvio and Hoi, Steven},
  booktitle={International conference on machine learning},
  pages={19730--19742},
  year={2023},
  organization={PMLR}
}

@article{le2022styleid,
  title={Styleid: Identity disentanglement for anonymizing faces},
  author={Le, Minh-Ha and Carlsson, Niklas},
  journal={arXiv preprint arXiv:2212.13791},
  year={2022}
}

@article{xu2024freetuner,
  title={FreeTuner: Any Subject in Any Style with Training-free Diffusion},
  author={Xu, Youcan and Wang, Zhen and Xiao, Jun and Liu, Wei and Chen, Long},
  journal={arXiv preprint arXiv:2405.14201},
  year={2024}
}

@article{rout2024rb,
  title={RB-Modulation: Training-Free Personalization of Diffusion Models using Stochastic Optimal Control},
  author={Rout, Litu and Chen, Yujia and Ruiz, Nataniel and Kumar, Abhishek and Caramanis, Constantine and Shakkottai, Sanjay and Chu, Wen-Sheng},
  journal={arXiv preprint arXiv:2405.17401},
  year={2024}
}

@article{lin2024ctrl,
  title={Ctrl-X: Controlling Structure and Appearance for Text-To-Image Generation Without Guidance},
  author={Lin, Kuan Heng and Mo, Sicheng and Klingher, Ben and Mu, Fangzhou and Zhou, Bolei},
  journal={arXiv preprint arXiv:2406.07540},
  year={2024}
}

@article{liu2023stylecrafter,
  title={Stylecrafter: Enhancing stylized text-to-video generation with style adapter},
  author={Liu, Gongye and Xia, Menghan and Zhang, Yong and Chen, Haoxin and Xing, Jinbo and Wang, Xintao and Yang, Yujiu and Shan, Ying},
  journal={arXiv preprint arXiv:2312.00330},
  year={2023}
}

@article{sohn2024styledrop,
  title={Styledrop: Text-to-image synthesis of any style},
  author={Sohn, Kihyuk and Jiang, Lu and Barber, Jarred and Lee, Kimin and Ruiz, Nataniel and Krishnan, Dilip and Chang, Huiwen and Li, Yuanzhen and Essa, Irfan and Rubinstein, Michael and others},
  journal={Advances in Neural Information Processing Systems},
  volume={36},
  year={2024}
}

@article{nichol2021glide,
  title={Glide: Towards photorealistic image generation and editing with text-guided diffusion models},
  author={Nichol, Alex and Dhariwal, Prafulla and Ramesh, Aditya and Shyam, Pranav and Mishkin, Pamela and McGrew, Bob and Sutskever, Ilya and Chen, Mark},
  journal={arXiv preprint arXiv:2112.10741},
  year={2021}
}

@article{saharia2022photorealistic,
  title={Photorealistic text-to-image diffusion models with deep language understanding},
  author={Saharia, Chitwan and Chan, William and Saxena, Saurabh and Li, Lala and Whang, Jay and Denton, Emily L and Ghasemipour, Kamyar and Gontijo Lopes, Raphael and Karagol Ayan, Burcu and Salimans, Tim and others},
  journal={Advances in neural information processing systems},
  volume={35},
  pages={36479--36494},
  year={2022}
}
@article{kingma2014adam,
  title={Adam: A method for stochastic optimization},
  author={Kingma, Diederik P},
  journal={arXiv preprint arXiv:1412.6980},
  year={2014}
}

@misc{krizhevsky2009learning,
  title={Learning multiple layers of features from tiny images.(2009)},
  author={Krizhevsky, Alex and Hinton, Geoffrey and others},
  year={2009}
}

@misc{DDIM,
      title={Denoising Diffusion Implicit Models}, 
      author={Jiaming Song and Chenlin Meng and Stefano Ermon},
      year={2022},
      eprint={2010.02502},
      archivePrefix={arXiv},
      primaryClass={cs.LG},
      url={https://arxiv.org/abs/2010.02502}, 
}

@article{ramesh2022hierarchical,
  title={Hierarchical text-conditional image generation with clip latents},
  author={Ramesh, Aditya and Dhariwal, Prafulla and Nichol, Alex and Chu, Casey and Chen, Mark},
  journal={arXiv preprint arXiv:2204.06125},
  volume={1},
  number={2},
  pages={3},
  year={2022}
}

@misc{Classifier-Free,
      title={Classifier-Free Diffusion Guidance}, 
      author={Jonathan Ho and Tim Salimans},
      year={2022},
      eprint={2207.12598},
      archivePrefix={arXiv},
      primaryClass={cs.LG},
      url={https://arxiv.org/abs/2207.12598}, 
}

@article{cao2024controllable,
  title={Controllable generation with text-to-image diffusion models: A survey},
  author={Cao, Pu and Zhou, Feng and Song, Qing and Yang, Lu},
  journal={arXiv preprint arXiv:2403.04279},
  year={2024}
}

@inproceedings{ruiz2023dreambooth,
  title={Dreambooth: Fine tuning text-to-image diffusion models for subject-driven generation},
  author={Ruiz, Nataniel and Li, Yuanzhen and Jampani, Varun and Pritch, Yael and Rubinstein, Michael and Aberman, Kfir},
  booktitle={Proceedings of the IEEE/CVF conference on computer vision and pattern recognition},
  pages={22500--22510},
  year={2023}
}

@article{kwon2022diffusion,
  title={Diffusion-based image translation using disentangled style and content representation},
  author={Kwon, Gihyun and Ye, Jong Chul},
  journal={arXiv preprint arXiv:2209.15264},
  year={2022}
}

@inproceedings{sun2023sgdiff,
  title={Sgdiff: A style guided diffusion model for fashion synthesis},
  author={Sun, Zhengwentai and Zhou, Yanghong and He, Honghong and Mok, PY},
  booktitle={Proceedings of the 31st ACM International Conference on Multimedia},
  pages={8433--8442},
  year={2023}
}

@inproceedings{wang2023stylediffusion,
  title={Stylediffusion: Controllable disentangled style transfer via diffusion models},
  author={Wang, Zhizhong and Zhao, Lei and Xing, Wei},
  booktitle={Proceedings of the IEEE/CVF International Conference on Computer Vision},
  pages={7677--7689},
  year={2023}
}

@article{li2024blip,
  title={Blip-diffusion: Pre-trained subject representation for controllable text-to-image generation and editing},
  author={Li, Dongxu and Li, Junnan and Hoi, Steven},
  journal={Advances in Neural Information Processing Systems},
  volume={36},
  year={2024}
}

@article{motamed2023lego,
  title={Lego: Learning to disentangle and invert concepts beyond object appearance in text-to-image diffusion models},
  author={Motamed, Saman and Paudel, Danda Pani and Van Gool, Luc},
  journal={arXiv preprint arXiv:2311.13833},
  year={2023}
}

@article{huang2023reversion,
  title={ReVersion: Diffusion-based relation inversion from images},
  author={Huang, Ziqi and Wu, Tianxing and Jiang, Yuming and Chan, Kelvin CK and Liu, Ziwei},
  journal={arXiv preprint arXiv:2303.13495},
  year={2023}
}

@inproceedings{xu2024prompt,
  title={Prompt-free diffusion: Taking" text" out of text-to-image diffusion models},
  author={Xu, Xingqian and Guo, Jiayi and Wang, Zhangyang and Huang, Gao and Essa, Irfan and Shi, Humphrey},
  booktitle={Proceedings of the IEEE/CVF Conference on Computer Vision and Pattern Recognition},
  pages={8682--8692},
  year={2024}
}

@inproceedings{huang2024learning,
  title={Learning disentangled identifiers for action-customized text-to-image generation},
  author={Huang, Siteng and Gong, Biao and Feng, Yutong and Chen, Xi and Fu, Yuqian and Liu, Yu and Wang, Donglin},
  booktitle={Proceedings of the IEEE/CVF Conference on Computer Vision and Pattern Recognition},
  pages={7797--7806},
  year={2024}
}

@inproceedings{cai2024decoupled,
  title={Decoupled textual embeddings for customized image generation},
  author={Cai, Yufei and Wei, Yuxiang and Ji, Zhilong and Bai, Jinfeng and Han, Hu and Zuo, Wangmeng},
  booktitle={Proceedings of the AAAI Conference on Artificial Intelligence},
  volume={38},
  number={2},
  pages={909--917},
  year={2024}
}

@inproceedings{avrahami2023break,
  title={Break-a-scene: Extracting multiple concepts from a single image},
  author={Avrahami, Omri and Aberman, Kfir and Fried, Ohad and Cohen-Or, Daniel and Lischinski, Dani},
  booktitle={SIGGRAPH Asia 2023 Conference Papers},
  pages={1--12},
  year={2023}
}

@inproceedings{kumari2023multi,
  title={Multi-concept customization of text-to-image diffusion},
  author={Kumari, Nupur and Zhang, Bingliang and Zhang, Richard and Shechtman, Eli and Zhu, Jun-Yan},
  booktitle={Proceedings of the IEEE/CVF Conference on Computer Vision and Pattern Recognition},
  pages={1931--1941},
  year={2023}
}

@article{wang2023hifi,
  title={Hifi tuner: High-fidelity subject-driven fine-tuning for diffusion models},
  author={Wang, Zhonghao and Wei, Wei and Zhao, Yang and Xiao, Zhisheng and Hasegawa-Johnson, Mark and Shi, Humphrey and Hou, Tingbo},
  journal={arXiv preprint arXiv:2312.00079},
  year={2023}
}

@inproceedings{radford2021learning,
  title={Learning Transferable Visual Models From Natural Language Supervision},
  author={Radford, Alec and Kim, Jongwek and Hallacy, Chris and Ramesh, Aditya and Goh, Gabe and Agarwal, Aayush and Heyman, Thomas and Mishkin, Paul and Xu, Kelvin and Vinyals, Oriol and et al.},
  booktitle={Proceedings of the 2021 Conference on Computer Vision and Pattern Recognition (CVPR)},
  year={2021},
  publisher={IEEE},
  url={https://arxiv.org/abs/2103.00020}
}

@article{wang2023decompose,
  title={Decompose and realign: Tackling condition misalignment in text-to-image diffusion models},
  author={Wang, Luozhou and Shen, Guibao and Ge, Wenhang and Chen, Guangyong and Li, Yijun and Chen, Ying-cong},
  journal={arXiv preprint arXiv:2306.14408},
  year={2023}
}

@article{jiang2024comat,
  title={CoMat: Aligning Text-to-Image Diffusion Model with Image-to-Text Concept Matching},
  author={Jiang, Dongzhi and Song, Guanglu and Wu, Xiaoshi and Zhang, Renrui and Shen, Dazhong and Zong, Zhuofan and Liu, Yu and Li, Hongsheng},
  journal={arXiv preprint arXiv:2404.03653},
  year={2024}
}

@article{zhao2024lost,
  title={Lost in Translation: Latent Concept Misalignment in Text-to-Image Diffusion Models},
  author={Zhao, Juntu and Deng, Junyu and Ye, Yixin and Li, Chongxuan and Deng, Zhijie and Wang, Dequan},
  journal={arXiv preprint arXiv:2408.00230},
  year={2024}
}

@inproceedings{yu2023freedom,
  title={Freedom: Training-free energy-guided conditional diffusion model},
  author={Yu, Jiwen and Wang, Yinhuai and Zhao, Chen and Ghanem, Bernard and Zhang, Jian},
  booktitle={Proceedings of the IEEE/CVF International Conference on Computer Vision},
  pages={23174--23184},
  year={2023}
}

@inproceedings{lu2024mace,
  title={Mace: Mass concept erasure in diffusion models},
  author={Lu, Shilin and Wang, Zilan and Li, Leyang and Liu, Yanzhu and Kong, Adams Wai-Kin},
  booktitle={Proceedings of the IEEE/CVF Conference on Computer Vision and Pattern Recognition},
  pages={6430--6440},
  year={2024}
}

@inproceedings{an2021artflow,
  title={Artflow: Unbiased image style transfer via reversible neural flows},
  author={An, Jie and Huang, Siyu and Song, Yibing and Dou, Dejing and Liu, Wei and Luo, Jiebo},
  booktitle={Proceedings of the IEEE/CVF Conference on Computer Vision and Pattern Recognition},
  pages={862--871},
  year={2021}
}


@article{Liang2023StyleSteganLS,
  title={StyleStegan: Leak-free Style Transfer Based on Feature Steganography},
  author={Xiujian Liang and Bingshan Liu and Qichao Ying and Zhenxing Qian and Xinpeng Zhang},
  journal={2023 Asia Pacific Signal and Information Processing Association Annual Summit and Conference (APSIPA ASC)},
  year={2023},
  pages={1443-1450},
  url={https://api.semanticscholar.org/CorpusID:259316635}
}

@misc{SDXL,
      title={SDXL: Improving Latent Diffusion Models for High-Resolution Image Synthesis}, 
      author={Dustin Podell and Zion English and Kyle Lacey and Andreas Blattmann and Tim Dockhorn and Jonas Müller and Joe Penna and Robin Rombach},
      year={2023},
      eprint={2307.01952},
      archivePrefix={arXiv},
      primaryClass={cs.CV},
      url={https://arxiv.org/abs/2307.01952}, 
}

@misc{stylepromptingswapping,
      title={Visual Style Prompting with Swapping Self-Attention}, 
      author={Jaeseok Jeong and Junho Kim and Yunjey Choi and Gayoung Lee and Youngjung Uh},
      year={2024},
      eprint={2402.12974},
      archivePrefix={arXiv},
      primaryClass={cs.CV},
      url={https://arxiv.org/abs/2402.12974}, 
}

@inproceedings{zhang2018separating,
  title={Separating style and content for generalized style transfer},
  author={Zhang, Yexun and Zhang, Ya and Cai, Wenbin},
  booktitle={Proceedings of the IEEE conference on computer vision and pattern recognition},
  pages={8447--8455},
  year={2018}
}

@misc{zhang2018unifiedframeworkgeneralizablestyle,
      title={A Unified Framework for Generalizable Style Transfer: Style and Content Separation}, 
      author={Yexun Zhang and Ya Zhang and Wenbin Cai},
      year={2018},
      eprint={1806.05173},
      archivePrefix={arXiv},
      primaryClass={cs.CV},
      url={https://arxiv.org/abs/1806.05173}, 
}


@article{zhao2024uni,
  title={Uni-controlnet: All-in-one control to text-to-image diffusion models},
  author={Zhao, Shihao and Chen, Dongdong and Chen, Yen-Chun and Bao, Jianmin and Hao, Shaozhe and Yuan, Lu and Wong, Kwan-Yee K},
  journal={Advances in Neural Information Processing Systems},
  volume={36},
  year={2024}
}

@article{gordon2023mismatch,
  title={Mismatch quest: Visual and textual feedback for image-text misalignment},
  author={Gordon, Brian and Bitton, Yonatan and Shafir, Yonatan and Garg, Roopal and Chen, Xi and Lischinski, Dani and Cohen-Or, Daniel and Szpektor, Idan},
  journal={arXiv preprint arXiv:2312.03766},
  year={2023}
}

@article{zhang2023text,
  title={Text-to-image diffusion models in generative ai: A survey},
  author={Zhang, Chenshuang and Zhang, Chaoning and Zhang, Mengchun and Kweon, In So},
  journal={arXiv preprint arXiv:2303.07909},
  year={2023}
}

@inproceedings{zhang2023adding,
  title={Adding conditional control to text-to-image diffusion models},
  author={Zhang, Lvmin and Rao, Anyi and Agrawala, Maneesh},
  booktitle={Proceedings of the IEEE/CVF International Conference on Computer Vision},
  pages={3836--3847},
  year={2023}
}

@InProceedings{Chung_2024_CVPR,
    author    = {Chung, Jiwoo and Hyun, Sangeek and Heo, Jae-Pil},
    title     = {Style Injection in Diffusion: A Training-free Approach for Adapting Large-scale Diffusion Models for Style Transfer},
    booktitle = {Proceedings of the IEEE/CVF Conference on Computer Vision and Pattern Recognition (CVPR)},
    month     = {June},
    year      = {2024},
    pages     = {8795-8805}
}

@misc{InST,
      title={Inversion-Based Style Transfer with Diffusion Models}, 
      author={Yuxin Zhang and Nisha Huang and Fan Tang and Haibin Huang and Chongyang Ma and Weiming Dong and Changsheng Xu},
      year={2023},
      eprint={2211.13203},
      archivePrefix={arXiv},
      primaryClass={cs.CV},
      url={https://arxiv.org/abs/2211.13203}, 
}


@misc{gal2022imageworthwordpersonalizing,
      title={An Image is Worth One Word: Personalizing Text-to-Image Generation using Textual Inversion}, 
      author={Rinon Gal and Yuval Alaluf and Yuval Atzmon and Or Patashnik and Amit H. Bermano and Gal Chechik and Daniel Cohen-Or},
      year={2022},
      eprint={2208.01618},
      archivePrefix={arXiv},
      primaryClass={cs.CV},
      url={https://arxiv.org/abs/2208.01618}, 
}


@inproceedings{zhang2024artbank,
title={ArtBank: Artistic Style Transfer with Pre-trained Diffusion Model and Implicit Style Prompt Bank},
author={Zhang, Zhanjie and Zhang, Quanwei and Xing, Wei and Li, Guangyuan and Zhao, Lei and Sun, Jiakai and Lan, Zehua and Luan, Junsheng and Huang, Yiling 
and Lin, Huaizhong},
booktitle={Proceedings of the AAAI Conference on Artificial Intelligence},
volume={38},
number={7},
pages={7396--7404},
year={2024}
}

@misc{Misalign,
      title={Misalign, Contrast then Distill: Rethinking Misalignments in Language-Image Pretraining}, 
      author={Bumsoo Kim and Yeonsik Jo and Jinhyung Kim and Seung Hwan Kim},
      year={2023},
      eprint={2312.12661},
      archivePrefix={arXiv},
      primaryClass={cs.CV},
      url={https://arxiv.org/abs/2312.12661}, 
}

@Inbook{Jin2010,
author="Jin, Xin
and Han, Jiawei",
editor="Sammut, Claude
and Webb, Geoffrey I.",
title="K-Means Clustering",
bookTitle="Encyclopedia of Machine Learning",
year="2010",
publisher="Springer US",
address="Boston, MA",
pages="563--564",
isbn="978-0-387-30164-8",
doi="10.1007/978-0-387-30164-8_425",
url="https://doi.org/10.1007/978-0-387-30164-8_425"
}

@misc{liu2021energy,
      title={Energy-based Out-of-distribution Detection}, 
      author={Weitang Liu and Xiaoyun Wang and John D. Owens and Yixuan Li},
      year={2021},
      eprint={2010.03759},
      archivePrefix={arXiv},
      primaryClass={cs.LG},
      url={https://arxiv.org/abs/2010.03759}, 
}

@misc{CLIP,
      title={Learning Transferable Visual Models From Natural Language Supervision}, 
      author={Alec Radford and Jong Wook Kim and Chris Hallacy and Aditya Ramesh and Gabriel Goh and Sandhini Agarwal and Girish Sastry and Amanda Askell and Pamela Mishkin and Jack Clark and Gretchen Krueger and Ilya Sutskever},
      year={2021},
      eprint={2103.00020},
      archivePrefix={arXiv},
      primaryClass={cs.CV},
      url={https://arxiv.org/abs/2103.00020}, 
}

@article{huynh2010study,
  title={Study of rating scales for subjective quality assessment of high-definition video},
  author={Huynh-Thu, Quan and Garcia, Marie-Neige and Speranza, Filippo and Corriveau, Philip and Raake, Alexander},
  journal={IEEE Transactions on Broadcasting},
  volume={57},
  number={1},
  pages={1--14},
  year={2010},
  publisher={IEEE}
}

@book{ash2000probability,
  title={Probability and measure theory},
  author={Ash, Robert B and Dol{\'e}ans-Dade, Catherine A},
  year={2000},
  publisher={Academic press}
}


@article{xing2024csgo,
  title={Csgo: Content-style composition in text-to-image generation},
  author={Xing, Peng and Wang, Haofan and Sun, Yanpeng and Wang, Qixun and Bai, Xu and Ai, Hao and Huang, Renyuan and Li, Zechao},
  journal={arXiv preprint arXiv:2408.16766},
  year={2024}
}

@inproceedings{gao2023masked,
  title={Masked diffusion transformer is a strong image synthesizer},
  author={Gao, Shanghua and Zhou, Pan and Cheng, Ming-Ming and Yan, Shuicheng},
  booktitle={Proceedings of the IEEE/CVF International Conference on Computer Vision},
  pages={23164--23173},
  year={2023}
}

@article{couairon2022diffedit,
  title={Diffedit: Diffusion-based semantic image editing with mask guidance},
  author={Couairon, Guillaume and Verbeek, Jakob and Schwenk, Holger and Cord, Matthieu},
  journal={arXiv preprint arXiv:2210.11427},
  year={2022}
}

@article{lei2023masked,
  title={Masked diffusion models are fast learners},
  author={Lei, Jiachen and Cheng, Peng and Ba, Zhongjie and Ren, Kui},
  journal={arXiv preprint arXiv:2306.11363},
  year={2023}
}

@article{hansen2024unified,
  title={Unified Auto-Encoding with Masked Diffusion},
  author={Hansen-Estruch, Philippe and Vishwanath, Sriram and Zhang, Amy and Tomar, Manan},
  journal={arXiv preprint arXiv:2406.17688},
  year={2024}
}

@article{pan2023masked,
  title={Masked diffusion as self-supervised representation learner},
  author={Pan, Zixuan and Chen, Jianxu and Shi, Yiyu},
  journal={arXiv preprint arXiv:2308.05695},
  year={2023}
}