@inproceedings{ashwani2024cause,
  title={Cause and effect: Can large language models truly understand causality?},
  author={Ashwani, Swagata and Hegde, Kshiteesh and Mannuru, Nishith Reddy and Sengar, Dushyant Singh and Jindal, Mayank and Kathala, Krishna Chaitanya Rao and Banga, Dishant and Jain, Vinija and Chadha, Aman},
  booktitle={Proceedings of the AAAI Symposium Series},
  volume={4},
  number={1},
  pages={2--9},
  year={2024}
}

@article{chatzi2024counterfactual,
  title={Counterfactual token generation in large language models},
  author={Chatzi, Ivi and Benz, Nina Corvelo and Straitouri, Eleni and Tsirtsis, Stratis and Gomez-Rodriguez, Manuel},
  journal={arXiv preprint arXiv:2409.17027},
  year={2024}
}

@article{han2024causal,
  title={Causal agent based on large language model},
  author={Han, Kairong and Kuang, Kun and Zhao, Ziyu and Ye, Junjian and Wu, Fei},
  journal={arXiv preprint arXiv:2408.06849},
  year={2024}
}

@inproceedings{hua2024improving,
  title={Improving Causal Inference of Large Language Models with SCM Tools},
  author={Hua, Zhenyang and Xing, Shuyue and Jiang, Huixing and Wei, Chen and Wang, Xiaojie},
  booktitle={CCF International Conference on Natural Language Processing and Chinese Computing},
  pages={3--14},
  year={2024},
  organization={Springer}
}

@inproceedings{jin2023cladder,
  title={Cladder: Assessing causal reasoning in language models},
  author={Jin, Zhijing and Chen, Yuen and Leeb, Felix and Gresele, Luigi and Kamal, Ojasv and Zhiheng, LYU and Blin, Kevin and Adauto, Fernando Gonzalez and Kleiman-Weiner, Max and Sachan, Mrinmaya and others},
  booktitle={Thirty-seventh conference on neural information processing systems},
  year={2023}
}

@inproceedings{johansson2016learning,
  title={Learning representations for counterfactual inference},
  author={Johansson, Fredrik and Shalit, Uri and Sontag, David},
  booktitle={International conference on machine learning},
  pages={3020--3029},
  year={2016},
  organization={PMLR}
}

@article{louizos2017causal,
  title={Causal effect inference with deep latent-variable models},
  author={Louizos, Christos and Shalit, Uri and Mooij, Joris M and Sontag, David and Zemel, Richard and Welling, Max},
  journal={Advances in neural information processing systems},
  volume={30},
  year={2017}
}

@book{morgan2015counterfactuals,
  title={Counterfactuals and causal inference},
  author={Morgan, SL},
  year={2015},
  publisher={Cambridge University Press}
}

@inproceedings{musi2024fallacy,
  title={The Fallacy of Explainable Generative AI: evidence from argumentative prompting in two domains},
  author={Musi, Elena and Palmieri, Rudi},
  booktitle={CEUR Workshop Proceedings},
  volume={3769},
  pages={59--69},
  year={2024}
}

@inproceedings{ning2024skeleton,
  title={Skeleton-of-thought: Prompting LLMs for efficient parallel generation},
  author={Ning, Xuefei and Lin, Zinan and Zhou, Zixuan and Wang, Zifu and Yang, Huazhong and Wang, Yu},
  booktitle={The Twelfth International Conference on Learning Representations},
  year={2024}
}

@book{pearl2009causality,
  title={Causality},
  author={Pearl, Judea},
  year={2009},
  publisher={Cambridge university press}
}

@inproceedings{shalit2017estimating,
  title={Estimating individual treatment effect: generalization bounds and algorithms},
  author={Shalit, Uri and Johansson, Fredrik D and Sontag, David},
  booktitle={International conference on machine learning},
  pages={3076--3085},
  year={2017},
  organization={PMLR}
}

@misc{vicuna2023,
  title = {Vicuna: An open-source chatbot impressing {GPT-4} with 90\%* {ChatGPT} quality},
  author = {{Vicuna}},
  year = {2023},
  howpublished = {\url{https://vicuna.lmsys.org/}},
  note = {Accessed: 2023}
}

@inproceedings{yoon2018ganite,
  title={GANITE: Estimation of individualized treatment effects using generative adversarial nets},
  author={Yoon, Jinsung and Jordon, James and Van Der Schaar, Mihaela},
  booktitle={International conference on learning representations},
  year={2018}
}

@article{zhang2023understanding,
  title={Understanding causality with large language models: Feasibility and opportunities},
  author={Zhang, Cheng and Bauer, Stefan and Bennett, Paul and Gao, Jiangfeng and Gong, Wenbo and Hilmkil, Agrin and Jennings, Joel and Ma, Chao and Minka, Tom and Pawlowski, Nick and others},
  journal={arXiv preprint arXiv:2304.05524},
  year={2023}
}

