@article{sel2023algorithm,
  title={Algorithm of thoughts: Enhancing exploration of ideas in large language models},
  author={Sel, Bilgehan and Al-Tawaha, Ahmad and Khattar, Vanshaj and Jia, Ruoxi and Jin, Ming},
  journal={arXiv preprint arXiv:2308.10379},
  year={2023}
}

@book{pearl2018book,
  title={The book of why: the new science of cause and effect},
  author={Pearl, Judea and Mackenzie, Dana},
  year={2018},
  publisher={Basic books}
}
@inproceedings{jin2023cladder,
  title={Cladder: Assessing causal reasoning in language models},
  author={Jin, Zhijing and Chen, Yuen and Leeb, Felix and Gresele, Luigi and Kamal, Ojasv and Zhiheng, LYU and Blin, Kevin and Adauto, Fernando Gonzalez and Kleiman-Weiner, Max and Sachan, Mrinmaya and others},
  booktitle={Thirty-seventh conference on neural information processing systems},
  year={2023}
}
@article{ma2024causal,
  title={Causal inference with large language model: A survey},
  author={Ma, Jing},
  journal={arXiv preprint arXiv:2409.09822},
  year={2024}
}
@article{kiciman2023causal,
  title={Causal reasoning and large language models: Opening a new frontier for causality},
  author={K{\i}c{\i}man, Emre and Ness, Robert and Sharma, Amit and Tan, Chenhao},
  journal={arXiv preprint arXiv:2305.00050},
  year={2023}
}
@article{zevcevic2023causal,
  title={Causal parrots: Large language models may talk causality but are not causal},
  author={Ze{\v{c}}evi{\'c}, Matej and Willig, Moritz and Dhami, Devendra Singh and Kersting, Kristian},
  journal={arXiv preprint arXiv:2308.13067},
  year={2023}
}
@article{liu2024large,
  title={Large language models and causal inference in collaboration: A comprehensive survey},
  author={Liu, Xiaoyu and Xu, Paiheng and Wu, Junda and Yuan, Jiaxin and Yang, Yifan and Zhou, Yuhang and Liu, Fuxiao and Guan, Tianrui and Wang, Haoliang and Yu, Tong and others},
  journal={arXiv preprint arXiv:2403.09606},
  year={2024}
}

@article{wei2022chain,
  title={Chain-of-thought prompting elicits reasoning in large language models},
  author={Wei, Jason and Wang, Xuezhi and Schuurmans, Dale and Bosma, Maarten and Xia, Fei and Chi, Ed and Le, Quoc V and Zhou, Denny and others},
  journal={Advances in neural information processing systems},
  volume={35},
  pages={24824--24837},
  year={2022}
}
@article{yao2024tree,
  title={Tree of thoughts: Deliberate problem solving with large language models},
  author={Yao, Shunyu and Yu, Dian and Zhao, Jeffrey and Shafran, Izhak and Griffiths, Tom and Cao, Yuan and Narasimhan, Karthik},
  journal={Advances in Neural Information Processing Systems},
  volume={36},
  year={2024}
}
@article{zhang2023understanding,
  title={Understanding causality with large language models: Feasibility and opportunities},
  author={Zhang, Cheng and Bauer, Stefan and Bennett, Paul and Gao, Jiangfeng and Gong, Wenbo and Hilmkil, Agrin and Jennings, Joel and Ma, Chao and Minka, Tom and Pawlowski, Nick and others},
  journal={arXiv preprint arXiv:2304.05524},
  year={2023}
}
@inproceedings{ashwani2024cause,
  title={Cause and effect: Can large language models truly understand causality?},
  author={Ashwani, Swagata and Hegde, Kshiteesh and Mannuru, Nishith Reddy and Sengar, Dushyant Singh and Jindal, Mayank and Kathala, Krishna Chaitanya Rao and Banga, Dishant and Jain, Vinija and Chadha, Aman},
  booktitle={Proceedings of the AAAI Symposium Series},
  volume={4},
  number={1},
  pages={2--9},
  year={2024}
}
@article{chatzi2024counterfactual,
  title={Counterfactual token generation in large language models},
  author={Chatzi, Ivi and Benz, Nina Corvelo and Straitouri, Eleni and Tsirtsis, Stratis and Gomez-Rodriguez, Manuel},
  journal={arXiv preprint arXiv:2409.17027},
  year={2024}
}
@inproceedings{ning2024skeleton,
  title={Skeleton-of-thought: Prompting LLMs for efficient parallel generation},
  author={Ning, Xuefei and Lin, Zinan and Zhou, Zixuan and Wang, Zifu and Yang, Huazhong and Wang, Yu},
  booktitle={The Twelfth International Conference on Learning Representations},
  year={2024}
}
@inproceedings{musi2024fallacy,
  title={The Fallacy of Explainable Generative AI: evidence from argumentative prompting in two domains},
  author={Musi, Elena and Palmieri, Rudi},
  booktitle={CEUR Workshop Proceedings},
  volume={3769},
  pages={59--69},
  year={2024}
}
@misc{vicuna2023,
  title = {Vicuna: An open-source chatbot impressing {GPT-4} with 90\%* {ChatGPT} quality},
  author = {{Vicuna}},
  year = {2023},
  howpublished = {\url{https://vicuna.lmsys.org/}},
  note = {Accessed: 2023}
}
@book{pearl2009causality,
  title={Causality},
  author={Pearl, Judea},
  year={2009},
  publisher={Cambridge university press}
}

@book{morgan2015counterfactuals,
  title={Counterfactuals and causal inference},
  author={Morgan, SL},
  year={2015},
  publisher={Cambridge University Press}
}

@inproceedings{johansson2016learning,
  title={Learning representations for counterfactual inference},
  author={Johansson, Fredrik and Shalit, Uri and Sontag, David},
  booktitle={International conference on machine learning},
  pages={3020--3029},
  year={2016},
  organization={PMLR}
}

@inproceedings{shalit2017estimating,
  title={Estimating individual treatment effect: generalization bounds and algorithms},
  author={Shalit, Uri and Johansson, Fredrik D and Sontag, David},
  booktitle={International conference on machine learning},
  pages={3076--3085},
  year={2017},
  organization={PMLR}
}

@article{louizos2017causal,
  title={Causal effect inference with deep latent-variable models},
  author={Louizos, Christos and Shalit, Uri and Mooij, Joris M and Sontag, David and Zemel, Richard and Welling, Max},
  journal={Advances in neural information processing systems},
  volume={30},
  year={2017}
}

@inproceedings{yoon2018ganite,
  title={GANITE: Estimation of individualized treatment effects using generative adversarial nets},
  author={Yoon, Jinsung and Jordon, James and Van Der Schaar, Mihaela},
  booktitle={International conference on learning representations},
  year={2018}
}

@misc{Anthropic2024api,
author = {Anthropic},
title = {Claude},
howpublished = {\url{https://www.anthropic.com/api}},
year = {2024},
note = {Accessed: 2025-01-06}
}

@misc{Perplexity2024home,
author = {Perplexity AI},
title = {Perplexity},
year = {2024},
howpublished = {\url{https://docs.perplexity.ai/home}},
note = {Accessed: 2025-01-06}
}

@misc{Google2024gemini,
author = {Google},
title = {Gemini},
year = {2024},
howpublished = {\url{https://gemini.google.com/}},
note = {Accessed: 2025-01-06}
}

@misc{OpenAI2024models,
author = {OpenAI},
title = {Models},
year = {2024},
howpublished = {\url{https://platform.openai.com/docs/models}},
note = {Accessed: 2025-01-06}
}

@inproceedings{liu2024proficient,
  title={How Proficient Are Large Language Models in Formal Languages? An In-Depth Insight for Knowledge Base Question Answering},
  author={Liu, Jinxin and Cao, Shulin and Shi, Jiaxin and Zhang, Tingjian and Nie, Lunyiu and Hu, Linmei and Hou, Lei and Li, Juanzi},
  booktitle={Findings of the Association for Computational Linguistics ACL 2024},
  pages={792--815},
  year={2024}
}









@article{petroni2019language,
  title={Language models as knowledge bases?},
  author={Petroni, Fabio and Rockt{\"a}schel, Tim and Lewis, Patrick and Bakhtin, Anton and Wu, Yuxiang and Miller, Alexander H and Riedel, Sebastian},
  journal={arXiv preprint arXiv:1909.01066},
  year={2019}
}

@article{liang2024mapping,
  title={Mapping the increasing use of llms in scientific papers},
  author={Liang, Weixin and Zhang, Yaohui and Wu, Zhengxuan and Lepp, Haley and Ji, Wenlong and Zhao, Xuandong and Cao, Hancheng and Liu, Sheng and He, Siyu and Huang, Zhi and others},
  journal={arXiv preprint arXiv:2404.01268},
  year={2024}
}

@article{tarassow2023potential,
  title={The potential of LLMs for coding with low-resource and domain-specific programming languages},
  author={Tarassow, Artur},
  journal={arXiv preprint arXiv:2307.13018},
  year={2023}
}

@misc{li2024relationfirstmodelingparadigmcausal,
      title={Relation-First Modeling Paradigm for Causal Representation Learning toward the Development of AGI}, 
      author={Jia Li and Xiang Li},
      year={2024},
      eprint={2307.16387},
      archivePrefix={arXiv},
      primaryClass={cs.AI},
      url={https://arxiv.org/abs/2307.16387}, 
}

@misc{sahota2023causalai,
  title = {Causal AI: Bridging the Gap Between Correlation and Causation},
  author = {Sahota, Neil},
  howpublished = {\href{https://www.neilsahota.com/causal-ai-bridging-the-gap-between-correlation-and-causation/}{https://www.neilsahota.com}},
  note = {Accessed: 2025-01-06},
  year = {2023}
}

@misc{alwin2023causalai,
  title = {Understanding Causal AI: Bridging The Gap Between Correlation And Causation},
  author = {Alwin},
  howpublished = {\url{https://www.alwin.io/causal-ai}},
  note = {Accessed: 2025-01-06},
  year = {2023}
}

@article{gvozdenovic2021causal,
  title={Causal inference concepts applied to three observational studies in the context of vaccine development: from theory to practice},
  author={Gvozdenovi{\'c}, Emilia and Malvisi, Lucio and Cinconze, Elisa and Vansteelandt, Stijn and Nakanwagi, Phoebe and Aris, Emmanuel and Rosillon, Dominique},
  journal={BMC Medical Research Methodology},
  volume={21},
  pages={1--10},
  year={2021},
  publisher={Springer}
}

@article{kyrimi2025counterfactual,
  title={Counterfactual reasoning using causal Bayesian networks as a healthcare governance tool},
  author={Kyrimi, Evangelia and Mossadegh, Somayyeh and Wohlgemut, Jared M and Stoner, Rebecca S and Tai, Nigel RM and Marsh, William},
  journal={International Journal of Medical Informatics},
  volume={193},
  pages={105681},
  year={2025},
  publisher={Elsevier}
}

@inproceedings{kasirzadeh2021use,
  title={The use and misuse of counterfactuals in ethical machine learning},
  author={Kasirzadeh, Atoosa and Smart, Andrew},
  booktitle={Proceedings of the 2021 ACM Conference on Fairness, Accountability, and Transparency},
  pages={228--236},
  year={2021}
}

@article{krishnamurthy2002counterfactual,
  title={Counterfactual thinking and advertising responses},
  author={Krishnamurthy, Parthasarathy and Sivaraman, Anuradha},
  journal={Journal of Consumer Research},
  volume={28},
  number={4},
  pages={650--658},
  year={2002},
  publisher={The University of Chicago Press}
}


@article{loi2012note,
  title={A note on the impact evaluation of public policies: the counterfactual analysis},
  author={Loi, Massimo and Rodrigues, Margarida},
  year={2012}
}

@article{koonce2011judging,
  title={Judging the relevance of fair value for financial instruments},
  author={Koonce, Lisa and Nelson, Karen K and Shakespeare, Catherine M},
  journal={The Accounting Review},
  volume={86},
  number={6},
  pages={2075--2098},
  year={2011},
  publisher={American Accounting Assocation}
}

@article{gow2016causal,
  title={Causal inference in accounting research},
  author={Gow, Ian D and Larcker, David F and Reiss, Peter C},
  journal={Journal of Accounting Research},
  volume={54},
  number={2},
  pages={477--523},
  year={2016},
  publisher={Wiley Online Library}
}

@article{correa2021nested,
  title={Nested counterfactual identification from arbitrary surrogate experiments},
  author={Correa, Juan and Lee, Sanghack and Bareinboim, Elias},
  journal={Advances in Neural Information Processing Systems},
  volume={34},
  pages={6856--6867},
  year={2021}
}
@inproceedings{hua2024improving,
  title={Improving Causal Inference of Large Language Models with SCM Tools},
  author={Hua, Zhenyang and Xing, Shuyue and Jiang, Huixing and Wei, Chen and Wang, Xiaojie},
  booktitle={CCF International Conference on Natural Language Processing and Chinese Computing},
  pages={3--14},
  year={2024},
  organization={Springer}
}

@article{han2024causal,
  title={Causal agent based on large language model},
  author={Han, Kairong and Kuang, Kun and Zhao, Ziyu and Ye, Junjian and Wu, Fei},
  journal={arXiv preprint arXiv:2408.06849},
  year={2024}
}

@article{sharma2020dowhy,
  title={DoWhy: An end-to-end library for causal inference},
  author={Sharma, Amit and Kiciman, Emre},
  journal={arXiv preprint arXiv:2011.04216},
  year={2020}
}

@article{chen2020causalml,
  title={Causalml: Python package for causal machine learning},
  author={Chen, Huigang and Harinen, Totte and Lee, Jeong-Yoon and Yung, Mike and Zhao, Zhenyu},
  journal={arXiv preprint arXiv:2002.11631},
  year={2020}
}

@article{feder2022causal,
  title={Causal inference in natural language processing: Estimation, prediction, interpretation and beyond},
  author={Feder, Amir and Keith, Katherine A and Manzoor, Emaad and Pryzant, Reid and Sridhar, Dhanya and Wood-Doughty, Zach and Eisenstein, Jacob and Grimmer, Justin and Reichart, Roi and Roberts, Margaret E and others},
  journal={Transactions of the Association for Computational Linguistics},
  volume={10},
  pages={1138--1158},
  year={2022},
  publisher={MIT Press One Broadway, 12th Floor, Cambridge, Massachusetts 02142, USA~…}
}
@article{holland1986statistics,
  title={Statistics and causal inference},
  author={Holland, Paul W},
  journal={Journal of the American statistical Association},
  volume={81},
  number={396},
  pages={945--960},
  year={1986},
  publisher={Taylor \& Francis}
}

@misc{DeepSeek2024,
  author = "{DeepSeek}",
  title = "{DeepSeek: AI-Powered Search Engine}",
  year = {2024},
  url = {https://www.deepseek.com/},
  note = {Accessed: 2025-02-15}
}
