@misc{abdin2024phi3technicalreporthighly,
      title={Phi-3 Technical Report: A Highly Capable Language Model Locally on Your Phone}, 
      author={Marah Abdin and Jyoti Aneja and Hany Awadalla and Ahmed Awadallah and Ammar Ahmad Awan and Nguyen Bach and Amit Bahree and Arash Bakhtiari and Jianmin Bao and Harkirat Behl and Alon Benhaim and Misha Bilenko and Johan Bjorck and Sébastien Bubeck and Martin Cai and Qin Cai and Vishrav Chaudhary and Dong Chen and Dongdong Chen and Weizhu Chen and Yen-Chun Chen and Yi-Ling Chen and Hao Cheng and Parul Chopra and Xiyang Dai and Matthew Dixon and Ronen Eldan and Victor Fragoso and Jianfeng Gao and Mei Gao and Min Gao and Amit Garg and Allie Del Giorno and Abhishek Goswami and Suriya Gunasekar and Emman Haider and Junheng Hao and Russell J. Hewett and Wenxiang Hu and Jamie Huynh and Dan Iter and Sam Ade Jacobs and Mojan Javaheripi and Xin Jin and Nikos Karampatziakis and Piero Kauffmann and Mahoud Khademi and Dongwoo Kim and Young Jin Kim and Lev Kurilenko and James R. Lee and Yin Tat Lee and Yuanzhi Li and Yunsheng Li and Chen Liang and Lars Liden and Xihui Lin and Zeqi Lin and Ce Liu and Liyuan Liu and Mengchen Liu and Weishung Liu and Xiaodong Liu and Chong Luo and Piyush Madan and Ali Mahmoudzadeh and David Majercak and Matt Mazzola and Caio César Teodoro Mendes and Arindam Mitra and Hardik Modi and Anh Nguyen and Brandon Norick and Barun Patra and Daniel Perez-Becker and Thomas Portet and Reid Pryzant and Heyang Qin and Marko Radmilac and Liliang Ren and Gustavo de Rosa and Corby Rosset and Sambudha Roy and Olatunji Ruwase and Olli Saarikivi and Amin Saied and Adil Salim and Michael Santacroce and Shital Shah and Ning Shang and Hiteshi Sharma and Yelong Shen and Swadheen Shukla and Xia Song and Masahiro Tanaka and Andrea Tupini and Praneetha Vaddamanu and Chunyu Wang and Guanhua Wang and Lijuan Wang and Shuohang Wang and Xin Wang and Yu Wang and Rachel Ward and Wen Wen and Philipp Witte and Haiping Wu and Xiaoxia Wu and Michael Wyatt and Bin Xiao and Can Xu and Jiahang Xu and Weijian Xu and Jilong Xue and Sonali Yadav and Fan Yang and Jianwei Yang and Yifan Yang and Ziyi Yang and Donghan Yu and Lu Yuan and Chenruidong Zhang and Cyril Zhang and Jianwen Zhang and Li Lyna Zhang and Yi Zhang and Yue Zhang and Yunan Zhang and Xiren Zhou},
      year={2024},
      eprint={2404.14219},
      archivePrefix={arXiv},
      primaryClass={cs.CL},
      url={https://arxiv.org/abs/2404.14219}, 
}

@misc{bai2023qwenvlversatilevisionlanguagemodel,
      title={Qwen-VL: A Versatile Vision-Language Model for Understanding, Localization, Text Reading, and Beyond}, 
      author={Jinze Bai and Shuai Bai and Shusheng Yang and Shijie Wang and Sinan Tan and Peng Wang and Junyang Lin and Chang Zhou and Jingren Zhou},
      year={2023},
      eprint={2308.12966},
      archivePrefix={arXiv},
      primaryClass={cs.CV},
      url={https://arxiv.org/abs/2308.12966}, 
}

@misc{chen2024fargpt4vclosinggapInternvl1.5,
      title={How Far Are We to GPT-4V? Closing the Gap to Commercial Multimodal Models with Open-Source Suites}, 
      author={Zhe Chen and Weiyun Wang and Hao Tian and Shenglong Ye and Zhangwei Gao and Erfei Cui and Wenwen Tong and Kongzhi Hu and Jiapeng Luo and Zheng Ma and Ji Ma and Jiaqi Wang and Xiaoyi Dong and Hang Yan and Hewei Guo and Conghui He and Botian Shi and Zhenjiang Jin and Chao Xu and Bin Wang and Xingjian Wei and Wei Li and Wenjian Zhang and Bo Zhang and Pinlong Cai and Licheng Wen and Xiangchao Yan and Min Dou and Lewei Lu and Xizhou Zhu and Tong Lu and Dahua Lin and Yu Qiao and Jifeng Dai and Wenhai Wang},
      year={2024},
      eprint={2404.16821},
      archivePrefix={arXiv},
      primaryClass={cs.CV},
      url={https://arxiv.org/abs/2404.16821}, 
}

@misc{chen2025expandingperformanceboundariesopensourceinternvl2.5,
      title={Expanding Performance Boundaries of Open-Source Multimodal Models with Model, Data, and Test-Time Scaling}, 
      author={Zhe Chen and Weiyun Wang and Yue Cao and Yangzhou Liu and Zhangwei Gao and Erfei Cui and Jinguo Zhu and Shenglong Ye and Hao Tian and Zhaoyang Liu and Lixin Gu and Xuehui Wang and Qingyun Li and Yimin Ren and Zixuan Chen and Jiapeng Luo and Jiahao Wang and Tan Jiang and Bo Wang and Conghui He and Botian Shi and Xingcheng Zhang and Han Lv and Yi Wang and Wenqi Shao and Pei Chu and Zhongying Tu and Tong He and Zhiyong Wu and Huipeng Deng and Jiaye Ge and Kai Chen and Kaipeng Zhang and Limin Wang and Min Dou and Lewei Lu and Xizhou Zhu and Tong Lu and Dahua Lin and Yu Qiao and Jifeng Dai and Wenhai Wang},
      year={2025},
      eprint={2412.05271},
      archivePrefix={arXiv},
      primaryClass={cs.CV},
      url={https://arxiv.org/abs/2412.05271}, 
}

@misc{deitke2024molmopixmoopenweights,
      title={Molmo and PixMo: Open Weights and Open Data for State-of-the-Art Vision-Language Models}, 
      author={Matt Deitke and Christopher Clark and Sangho Lee and Rohun Tripathi and Yue Yang and Jae Sung Park and Mohammadreza Salehi and Niklas Muennighoff and Kyle Lo and Luca Soldaini and Jiasen Lu and Taira Anderson and Erin Bransom and Kiana Ehsani and Huong Ngo and YenSung Chen and Ajay Patel and Mark Yatskar and Chris Callison-Burch and Andrew Head and Rose Hendrix and Favyen Bastani and Eli VanderBilt and Nathan Lambert and Yvonne Chou and Arnavi Chheda and Jenna Sparks and Sam Skjonsberg and Michael Schmitz and Aaron Sarnat and Byron Bischoff and Pete Walsh and Chris Newell and Piper Wolters and Tanmay Gupta and Kuo-Hao Zeng and Jon Borchardt and Dirk Groeneveld and Crystal Nam and Sophie Lebrecht and Caitlin Wittlif and Carissa Schoenick and Oscar Michel and Ranjay Krishna and Luca Weihs and Noah A. Smith and Hannaneh Hajishirzi and Ross Girshick and Ali Farhadi and Aniruddha Kembhavi},
      year={2024},
      eprint={2409.17146},
      archivePrefix={arXiv},
      primaryClass={cs.CV},
      url={https://arxiv.org/abs/2409.17146}, 
}

@misc{henry2020querykeynormalizationtransformers,
      title={Query-Key Normalization for Transformers}, 
      author={Alex Henry and Prudhvi Raj Dachapally and Shubham Pawar and Yuxuan Chen},
      year={2020},
      eprint={2010.04245},
      archivePrefix={arXiv},
      primaryClass={cs.CL},
      url={https://arxiv.org/abs/2010.04245}, 
}

@misc{laurençon2024buildingbetterunderstandingvisionlanguage,
      title={Building and better understanding vision-language models: insights and future directions}, 
      author={Hugo Laurençon and Andrés Marafioti and Victor Sanh and Léo Tronchon},
      year={2024},
      eprint={2408.12637},
      archivePrefix={arXiv},
      primaryClass={cs.CV},
      url={https://arxiv.org/abs/2408.12637}, 
}

@misc{smolvlm,
  author       = {Hugging Face},
  title        = {SmolVLM:small yet mighty Vision Language Model},
  year         = {2024},
  howpublished = {https://huggingface.co/blog/smolvlm},
  note         = {Accessed: Feb. 22, 2025}
}

@misc{wang2024qwen2vlenhancingvisionlanguagemodels,
      title={Qwen2-VL: Enhancing Vision-Language Model's Perception of the World at Any Resolution}, 
      author={Peng Wang and Shuai Bai and Sinan Tan and Shijie Wang and Zhihao Fan and Jinze Bai and Keqin Chen and Xuejing Liu and Jialin Wang and Wenbin Ge and Yang Fan and Kai Dang and Mengfei Du and Xuancheng Ren and Rui Men and Dayiheng Liu and Chang Zhou and Jingren Zhou and Junyang Lin},
      year={2024},
      eprint={2409.12191},
      archivePrefix={arXiv},
      primaryClass={cs.CV},
      url={https://arxiv.org/abs/2409.12191}, 
}

