@online{DidiChuxing2020,
  title={DidiChuxing},
  url={https://www.didiglobal.com/},
  note={Accessed: Jul.7,2020. }
}

@inproceedings{ICDE23,
  title={Exploring both individuality and cooperation for air-ground spatial crowdsourcing by multi-agent deep reinforcement learning},
  author={Ye, Yuxiao and Liu, Chi Harold and Dai, Zipeng and Zhao, Jianxin and Yuan, Ye and Wang, Guoren and Tang, Jian},
  booktitle={ICDE 2023},
  year={2023},
  organization={IEEE}
}

@inproceedings{INFO18,
  title={MOVI: A model-free approach to dynamic fleet management},
  author={Oda, Takuma and Joe-Wong, Carlee},
  booktitle={IEEE INFOCOM 2018},
  year={2018},
  organization={IEEE}
}

@inproceedings{INFO20,
  title={Multi-task-oriented vehicular crowdsensing: A deep learning approach},
  author={Liu, Chi Harold and Dai, Zipeng and Yang, Haoming and Tang, Jian},
  booktitle={IEEE INFOCOM 2020},
  year={2020},
  organization={IEEE}
}

@inproceedings{INFO21,
  title={Towards fine-grained spatio-temporal coverage for vehicular urban sensing systems},
  author={Fan, Guiyun and Zhao, Yiran and Guo, Zilang and Jin, Haiming and Gan, Xiaoying and Wang, Xinbing},
  booktitle={IEEE INFOCOM 2021},
  year={2021},
  organization={IEEE}
}

@inproceedings{INFO21VEHICLES,
  title={Multi-agent reinforcement learning for urban crowd sensing with for-hire vehicles},
  author={Ding, Rong and Yang, Zhaoxing and Wei, Yifei and Jin, Haiming and Wang, Xinbing},
  booktitle={IEEE INFOCOM 2021},
  year={2021},
  organization={IEEE}
}

@inproceedings{INFO22Privacy,
  title={Privacy-preserving online task assignment in spatial crowdsourcing: A graph-based approach},
  author={Wang, Hengzhi and Wang, En and Yang, Yongjian and Wu, Jie and Dressler, Falko},
  booktitle={IEEE INFOCOM 2022},
  year={2022},
  organization={IEEE}
}

@inproceedings{INFO23Privacy,
  title={Privacy-preserving Stable Crowdsensing Data Trading for Unknown Market},
  author={Sun, He and Xiao, Mingjun and Xu, Yin and Gao, Guoju and Zhang, Shu},
  booktitle={IEEE INFOCOM 2023},
  year={2023},
  organization={IEEE}
}

@inproceedings{KDD17,
  title={A taxi order dispatch model based on combinatorial optimization},
  author={Zhang, Lingyu and Hu, Tao and Min, Yue and Wu, Guobin and Zhang, Junying and Feng, Pengcheng and Gong, Pinghua and Ye, Jieping},
  booktitle={Proceedings of the 23rd ACM SIGKDD},
  year={2017}
}

@inproceedings{KDD18,
  title={Efficient large-scale fleet management via multi-agent deep reinforcement learning},
  author={Lin, Kaixiang and Zhao, Renyu and Xu, Zhe and Zhou, Jiayu},
  booktitle={Proceedings of the 24th ACM SIGKDD},
  year={2018}
}

@inproceedings{KDD22,
  title={Optimizing long-term efficiency and fairness in ride-hailing via joint order dispatching and driver repositioning},
  author={Sun, Jiahui and Jin, Haiming and Yang, Zhaoxing and Su, Lu and Wang, Xinbing},
  booktitle={Proceedings of the 28th ACM SIGKDD},
  year={2022}
}

@article{TITS20,
  title={Context-aware taxi dispatching at city-scale using deep reinforcement learning},
  author={Liu, Zhidan and Li, Jiangzhou and Wu, Kaishun},
  journal={IEEE Transactions on Intelligent Transportation Systems},
  volume={23},
  number={3},
  pages={1996--2009},
  year={2020},
  publisher={IEEE}
}

@article{TITS2020Privacy,
  title={A decentralized location privacy-preserving spatial crowdsourcing for internet of vehicles},
  author={Zhang, Junwei and Yang, Fan and Ma, Zhuo and Wang, Zhuzhu and Liu, Ximeng and Ma, Jianfeng},
  journal={IEEE Transactions on Intelligent Transportation Systems},
  volume={22},
  number={4},
  pages={2299--2313},
  year={2020},
  publisher={IEEE}
}

@article{TITS22,
  title={Deep reinforcement learning for intelligent transportation systems: A survey},
  author={Haydari, Ammar and Y{\i}lmaz, Yasin},
  journal={IEEE Transactions on Intelligent Transportation Systems},
  volume={23},
  number={1},
  year={2020},
  publisher={IEEE}
}

@online{Uber2020,
  title={Uber},
  url={https://www.uber.com},
  note={Accessed: Jul.7,2020.}
}

@article{Ubiquitous18,
  title={PrivateHunt: Multi-source data-driven dispatching in for-hire vehicle systems},
  author={Xie, Xiaoyang and Zhang, Fan and Zhang, Desheng},
  journal={Proceedings of the ACM on Interactive, Mobile, Wearable and Ubiquitous Technologies},
  volume={2},
  number={1},
  pages={1--26},
  year={2018},
  publisher={ACM New York, NY, USA}
}

@inproceedings{WWW19,
  title={Beyond shortest paths: Route recommendations for ride-sharing},
  author={Yuen, Chak Fai and Singh, Abhishek Pratap and Goyal, Sagar and Ranu, Sayan and Bagchi, Amitabha},
  booktitle={The World Wide Web Conference},
  year={2019}
}

@article{chawla2024real,
  title={Real-time traffic congestion prediction using big data and machine learning techniques},
  author={Chawla, Priyanka and Hasurkar, Rutuja and Bogadi, Chaithanya Reddy and Korlapati, Naga Sindhu and Rajendran, Rajasree and Ravichandran, Sindu and Tolem, Sai Chaitanya and Gao, Jerry Zeyu},
  journal={World Journal of Engineering},
  volume={21},
  number={1},
  pages={140--155},
  year={2024},
  publisher={Emerald Publishing Limited}
}

@inproceedings{espeholt2018impala,
  title={Impala: Scalable distributed deep-rl with importance weighted actor-learner architectures},
  author={Espeholt, Lasse and Soyer, Hubert and Munos, Remi and Simonyan, Karen and Mnih, Vlad and Ward, Tom and Doron, Yotam and Firoiu, Vlad and Harley, Tim and Dunning, Iain and others},
  booktitle={International conference on machine learning},
  pages={1407--1416},
  year={2018},
  organization={PMLR}
}

@article{ge2023towards,
  title={Towards Supply-Demand Equilibrium with Ridesharing: An Elastic Order Dispatching Algorithm in MoD System},
  author={Ge, Shuxin and Zhou, Xiaobo and Qiu, Tie and Wu, Guobin and Wang, Xiaotong},
  journal={IEEE Transactions on Mobile Computing},
  year={2023},
  publisher={IEEE}
}

@article{introduce_drl,
  title={Deep reinforcement learning: A brief survey},
  author={Arulkumaran, Kai and Deisenroth, Marc Peter and Brundage, Miles and Bharath, Anil Anthony},
  journal={IEEE Signal Processing Magazine},
  volume={34},
  number={6},
  year={2017},
  publisher={IEEE}
}

@inproceedings{kirillov2023segment,
  title={Segment anything},
  author={Kirillov, Alexander and Mintun, Eric and Ravi, Nikhila and Mao, Hanzi and Rolland, Chloe and Gustafson, Laura and Xiao, Tete and Whitehead, Spencer and Berg, Alexander C and Lo, Wan-Yen and others},
  booktitle={Proceedings of the IEEE/CVF International Conference on Computer Vision},
  pages={4015--4026},
  year={2023}
}

@article{kumar2023dynamic,
  title={Dynamic Routing Optimization in Logistics Using Machine Learning: Towards Efficient and Sustainable Supply Chains},
  author={Kumar, Nirmal and Sharma, Sanjay},
  journal={Journal of Innovative Technologies},
  volume={6},
  number={1},
  pages={1--7},
  year={2023}
}

@article{li2019privacy,
  title={Privacy-preserving traffic monitoring with false report filtering via fog-assisted vehicular crowdsensing},
  author={Li, Meng and Zhu, Liehuang and Lin, Xiaodong},
  journal={IEEE Transactions on Services Computing},
  volume={14},
  number={6},
  pages={1902--1913},
  year={2019},
  publisher={IEEE}
}

@article{liu2024multi,
  title={Multi-Agent Deep Reinforcement Learning Based Scheduling Approach for Mobile Charging in Internet of Electric Vehicles},
  author={Liu, Linfeng and Huang, Zhuo and Xu, Jia},
  journal={IEEE Transactions on Mobile Computing},
  year={2024},
  publisher={IEEE}
}

@inproceedings{liyihong,
  title={TapFinger: Task Placement and Fine-Grained Resource Allocation for Edge Machine Learning},
  author={Li, Yihong and Zeng, Tianyu and Zhang, Xiaoxi and Duan, Jingpu and Wu, Chuan},
  booktitle={IEEE INFOCOM 2023},
  year={2023}
}

@article{lu2024ehta,
  title={EHTA: An Environment-cost-based Heterogeneous Task Allocation in Vehicular Crowdsensing},
  author={Lu, Yuyang and Wang, Xingfu and Hawbani, Ammar and Liu, Ping and Zhao, Liang and Liu, Zhi},
  journal={IEEE Transactions on Mobile Computing},
  year={2024},
  publisher={IEEE}
}

@inproceedings{niu2021multi,
  title={Multi-Agent Graph-Attention Communication and Teaming.},
  author={Niu, Yaru and Paleja, Rohan R and Gombolay, Matthew C},
  booktitle={AAMAS},
  volume={21},
  pages={20th},
  year={2021}
}

@inproceedings{otoum2022transfer,
  title={Transfer learning-driven intrusion detection for Internet of Vehicles (IoV)},
  author={Otoum, Yazan and Wan, Yue and Nayak, Amiya},
  booktitle={2022 International Wireless Communications and Mobile Computing (IWCMC)},
  pages={342--347},
  year={2022},
  organization={IEEE}
}

@article{pamuklu2023heterogeneous,
  title={Heterogeneous GNN-RL-Based Task Offloading for UAV-Aided Smart Agriculture},
  author={Pamuklu, Turgay and Syed, Aisha and Kennedy, W Sean and Erol-Kantarci, Melike},
  journal={IEEE Networking Letters},
  volume={5},
  number={4},
  pages={213--217},
  year={2023},
  publisher={IEEE}
}

@inproceedings{radford2021learning,
  title={Learning transferable visual models from natural language supervision},
  author={Radford, Alec and Kim, Jong Wook and Hallacy, Chris and Ramesh, Aditya and Goh, Gabriel and Agarwal, Sandhini and Sastry, Girish and Askell, Amanda and Mishkin, Pamela and Clark, Jack and others},
  booktitle={International conference on machine learning},
  pages={8748--8763},
  year={2021},
  organization={PMLR}
}

@inproceedings{rathore2023gnn,
  title={GNN-RL: Dynamic Reward Mechanism for Connected Vehicle Security using Graph Neural Networks and Reinforcement Learning},
  author={Rathore, Heena and Griffith, Henry},
  booktitle={2023 IEEE International Conference on Smart Computing (SMARTCOMP)},
  pages={201--203},
  year={2023},
  organization={IEEE}
}

@article{shi2020automated,
  title={An automated machine learning (AutoML) method of risk prediction for decision-making of autonomous vehicles},
  author={Shi, Xiupeng and Wong, Yiik Diew and Chai, Chen and Li, Michael Zhi-Feng},
  journal={IEEE Transactions on Intelligent Transportation Systems},
  volume={22},
  number={11},
  pages={7145--7154},
  year={2020},
  publisher={IEEE}
}

@article{sultan2023geosam,
  title={GeoSAM: Fine-tuning SAM with sparse and dense visual prompting for automated segmentation of mobility infrastructure},
  author={Sultan, Rafi Ibn and Li, Chengyin and Zhu, Hui and Khanduri, Prashant and Brocanelli, Marco and Zhu, Dongxiao},
  journal={arXiv preprint arXiv:2311.11319},
  year={2023}
}

@article{sun2020machine,
  title={Machine learning-based models for real-time traffic flow prediction in vehicular networks},
  author={Sun, Peng and Aljeri, Noura and Boukerche, Azzedine},
  journal={IEEE Network},
  volume={34},
  number={3},
  pages={178--185},
  year={2020},
  publisher={IEEE}
}

@inproceedings{vehicle_dispatch_modle_based,
  title={Model predictive control of autonomous mobility-on-demand systems},
  author={Zhang, Rick and Rossi, Federico and Pavone, Marco},
  booktitle={2016 IEEE international conference on robotics and automation (ICRA)},
  year={2016},
  organization={IEEE}
}

@article{vehiclecrowdsensingdeepapproach,
  title={A deep learning-based mobile crowdsensing scheme by predicting vehicle mobility},
  author={Zhu, Xiaoyu and Luo, Yueyi and Liu, Anfeng and Tang, Wenjuan and Bhuiyan, Md Zakirul Alam},
  journal={IEEE Transactions on Intelligent Transportation Systems},
  volume={22},
  number={7},
  pages={4648--4659},
  year={2020},
  publisher={IEEE}
}

@article{vivanco2024geoclip,
  title={Geoclip: Clip-inspired alignment between locations and images for effective worldwide geo-localization},
  author={Vivanco Cepeda, Vicente and Nayak, Gaurav Kumar and Shah, Mubarak},
  journal={Advances in Neural Information Processing Systems},
  volume={36},
  year={2024}
}

@article{xie2024gai,
  title={GAI-IoV: Bridging Generative AI and Vehicular Networks for Ubiquitous Edge Intelligence},
  author={Xie, Gaochang and Xiong, Zehui and Zhang, Xinyuan and Xie, Renchao and Guo, Song and Guizani, Mohsen and Poor, H Vincent},
  journal={IEEE Transactions on Wireless Communications},
  year={2024},
  publisher={IEEE}
}

@inproceedings{xie2024giov,
  title={GIoV: Achieving generative AI services in internet of vehicles via collaborative edge intelligence},
  author={Xie, Gaochang and Xie, Renchao and Zhang, Xinyuan and Nie, Jiangtian and Tang, Qinqin and Lim, Wei Yang Bryan and Niyato, Dusit},
  booktitle={2024 IEEE Wireless Communications and Networking Conference (WCNC)},
  pages={1--6},
  year={2024},
  organization={IEEE}
}

@article{yan2023ringmo,
  title={RingMo-SAM: A foundation model for segment anything in multimodal remote-sensing images},
  author={Yan, Zhiyuan and Li, Junxi and Li, Xuexue and Zhou, Ruixue and Zhang, Wenkai and Feng, Yingchao and Diao, Wenhui and Fu, Kun and Sun, Xian},
  journal={IEEE Transactions on Geoscience and Remote Sensing},
  volume={61},
  pages={1--16},
  year={2023},
  publisher={IEEE}
}

@inproceedings{you2024raccoon,
    author = {Yufei You and Xiaoxi Zhang and Tianxiang Zhu and Bo Rao and Yihong Li and Jingpu Duan and Lei Xue and Ennan Zhai and Xu Chen},
    title = {RACCOON: Online Content Recommendation and Edge-assisted Caching for In-Vehicle Infotainment},
    booktitle = {International Conference on Big Data Computing and Communications (BigCom)},
    year = {2024}
}

@article{zhang2021data,
  title={Data-driven transportation network company vehicle scheduling with users’ location differential privacy preservation},
  author={Zhang, Xinyue and Wang, Jingyi and Zhang, Haijun and Li, Lixin and Pan, Miao and Han, Zhu},
  journal={IEEE Transactions on Mobile Computing},
  volume={22},
  number={2},
  pages={813--823},
  year={2021},
  publisher={IEEE}
}

