@inproceedings{zhang2024urban,
  title={Urban foundation models: A survey},
  author={Zhang, Weijia and Han, Jindong and Xu, Zhao and Ni, Hang and Liu, Hao and Xiong, Hui},
  booktitle={Proceedings of the 30th ACM SIGKDD Conference on Knowledge Discovery and Data Mining},
  pages={6633--6643},
  year={2024}
}
@article{luo2019data,
  title={Data collection through mobile vehicles in edge network of smart city},
  author={Luo, Yueyi and Zhu, Xiaoyu and Long, Jun},
  journal={IEEE access},
  volume={7},
  pages={168467--168483},
  year={2019},
  publisher={IEEE}
}
@article{phan2019thompson,
  title={Thompson sampling and approximate inference},
  author={Phan, My and Abbasi Yadkori, Yasin and Domke, Justin},
  journal={Advances in Neural Information Processing Systems},
  volume={32},
  year={2019}
}
@article{han2024parameter,
  title={Parameter-efficient fine-tuning for large models: A comprehensive survey},
  author={Han, Zeyu and Gao, Chao and Liu, Jinyang and Zhang, Jeff and Zhang, Sai Qian},
  journal={arXiv preprint arXiv:2403.14608},
  year={2024}
}
@article{chapelle2011empirical,
  title={An empirical evaluation of thompson sampling},
  author={Chapelle, Olivier and Li, Lihong},
  journal={Advances in neural information processing systems},
  volume={24},
  year={2011}
}
@article{bai2024federated,
  title={Federated fine-tuning of large language models under heterogeneous language tasks and client resources},
  author={Bai, Jiamu and Chen, Daoyuan and Qian, Bingchen and Yao, Liuyi and Li, Yaliang},
  journal={arXiv e-prints},
  pages={arXiv--2402},
  year={2024}
}
@article{chen2016intelligent,
  title={Intelligent marketing in smart cities: Crowdsourced data for geo-conquesting},
  author={Chen, Bo-Wei and Ji, Wen},
  journal={It Professional},
  volume={18},
  number={4},
  pages={18--24},
  year={2016},
  publisher={IEEE}
}
@article{ji2018fully,
  title={Fully convolutional networks for multisource building extraction from an open aerial and satellite imagery data set},
  author={Ji, Shunping and Wei, Shiqing and Lu, Meng},
  journal={IEEE Transactions on geoscience and remote sensing},
  volume={57},
  number={1},
  pages={574--586},
  year={2018},
  publisher={IEEE}
}
@article{krizhevsky2009learning,
  title={Learning multiple layers of features from tiny images},
  author={Krizhevsky, Alex and Hinton, Geoffrey and others},
  year={2009},
  publisher={Toronto, ON, Canada}
}
@misc{
vehicle-detection-nmzlp_dataset,
title = { Vehicle Detection Dataset },
type = { Open Source Dataset },
author = { Object detection },
howpublished = { \url{ https://universe.roboflow.com/object-detection-agrap/vehicle-detection-nmzlp } },
url = { https://universe.roboflow.com/object-detection-agrap/vehicle-detection-nmzlp },
journal = { Roboflow Universe },
publisher = { Roboflow },
year = { 2024 },
month = { mar },
note = { visited on 2024-12-12 },
}
@inproceedings{niu2021multi,
  title={Multi-Agent Graph-Attention Communication and Teaming.},
  author={Niu, Yaru and Paleja, Rohan R and Gombolay, Matthew C},
  booktitle={AAMAS},
  volume={21},
  pages={20th},
  year={2021}
}
@article{lu2024ai,
  title={Ai foundation models in remote sensing: A survey},
  author={Lu, Siqi and Guo, Junlin and Zimmer-Dauphinee, James R and Nieusma, Jordan M and Wang, Xiao and VanValkenburgh, Parker and Wernke, Steven A and Huo, Yuankai},
  journal={arXiv preprint arXiv:2408.03464},
  year={2024}
}
@article{gao2024survey,
  title={A survey for foundation models in autonomous driving},
  author={Gao, Haoxiang and Wang, Zhongruo and Li, Yaqian and Long, Kaiwen and Yang, Ming and Shen, Yiqing},
  journal={arXiv preprint arXiv:2402.01105},
  year={2024}
}
@article{mai2023opportunities,
  title={On the opportunities and challenges of foundation models for geospatial artificial intelligence},
  author={Mai, Gengchen and Huang, Weiming and Sun, Jin and Song, Suhang and Mishra, Deepak and Liu, Ninghao and Gao, Song and Liu, Tianming and Cong, Gao and Hu, Yingjie and others},
  journal={arXiv preprint arXiv:2304.06798},
  year={2023}
}
@article{ge2023towards,
  title={Towards Supply-Demand Equilibrium with Ridesharing: An Elastic Order Dispatching Algorithm in MoD System},
  author={Ge, Shuxin and Zhou, Xiaobo and Qiu, Tie and Wu, Guobin and Wang, Xiaotong},
  journal={IEEE Transactions on Mobile Computing},
  year={2023},
  publisher={IEEE}
}
@online{DidiChuxing2020,
  title={DidiChuxing},
  url={https://www.didiglobal.com/},
  note={Accessed: Jul.7,2020. }
}
@online{Uber2020,
  title={Uber},
  url={https://www.uber.com},
  note={Accessed: Jul.7,2020.}
}
@inproceedings{ding2021multi,
  title={Multi-agent reinforcement learning for urban crowd sensing with for-hire vehicles},
  author={Ding, Rong and Yang, Zhaoxing and Wei, Yifei and Jin, Haiming and Wang, Xinbing},
  booktitle={IEEE INFOCOM 2021-IEEE Conference on Computer Communications},
  pages={1--10},
  year={2021},
  organization={IEEE}
}
@inproceedings{wang2023yolov7,
  title={YOLOv7: Trainable bag-of-freebies sets new state-of-the-art for real-time object detectors},
  author={Wang, Chien-Yao and Bochkovskiy, Alexey and Liao, Hong-Yuan Mark},
  booktitle={Proceedings of the IEEE/CVF conference on computer vision and pattern recognition},
  pages={7464--7475},
  year={2023}
}
@article{dosovitskiy2020image,
  title={An image is worth 16x16 words: Transformers for image recognition at scale},
  author={Dosovitskiy, Alexey},
  journal={arXiv preprint arXiv:2010.11929},
  year={2020}
}
@article{kaplan2020scaling,
  title={Scaling laws for neural language models},
  author={Kaplan, Jared and McCandlish, Sam and Henighan, Tom and Brown, Tom B and Chess, Benjamin and Child, Rewon and Gray, Scott and Radford, Alec and Wu, Jeffrey and Amodei, Dario},
  journal={arXiv preprint arXiv:2001.08361},
  year={2020}
}

@inproceedings{zhao2024routing,
  title={Routing Algorithm Design Based on Deep Reinforcement Learning and GNN},
  author={Zhao, Kaiyuan and Zhao, Zinan and Wang, Zhenyong and Zhang, Hongjiang},
  booktitle={IEEE INFOCOM 2024-IEEE Conference on Computer Communications Workshops (INFOCOM WKSHPS)},
  pages={1--6},
  year={2024},
  organization={IEEE}
}
@inproceedings{rathore2023gnn,
  title={GNN-RL: Dynamic Reward Mechanism for Connected Vehicle Security using Graph Neural Networks and Reinforcement Learning},
  author={Rathore, Heena and Griffith, Henry},
  booktitle={2023 IEEE International Conference on Smart Computing (SMARTCOMP)},
  pages={201--203},
  year={2023},
  organization={IEEE}
}
@article{pamuklu2023heterogeneous,
  title={Heterogeneous GNN-RL-Based Task Offloading for UAV-Aided Smart Agriculture},
  author={Pamuklu, Turgay and Syed, Aisha and Kennedy, W Sean and Erol-Kantarci, Melike},
  journal={IEEE Networking Letters},
  volume={5},
  number={4},
  pages={213--217},
  year={2023},
  publisher={IEEE}
}
@inproceedings{kirillov2023segment,
  title={Segment anything},
  author={Kirillov, Alexander and Mintun, Eric and Ravi, Nikhila and Mao, Hanzi and Rolland, Chloe and Gustafson, Laura and Xiao, Tete and Whitehead, Spencer and Berg, Alexander C and Lo, Wan-Yen and others},
  booktitle={Proceedings of the IEEE/CVF International Conference on Computer Vision},
  pages={4015--4026},
  year={2023}
}
@inproceedings{radford2021learning,
  title={Learning transferable visual models from natural language supervision},
  author={Radford, Alec and Kim, Jong Wook and Hallacy, Chris and Ramesh, Aditya and Goh, Gabriel and Agarwal, Sandhini and Sastry, Girish and Askell, Amanda and Mishkin, Pamela and Clark, Jack and others},
  booktitle={International conference on machine learning},
  pages={8748--8763},
  year={2021},
  organization={PMLR}
}
@article{lu2024ehta,
  title={EHTA: An Environment-cost-based Heterogeneous Task Allocation in Vehicular Crowdsensing},
  author={Lu, Yuyang and Wang, Xingfu and Hawbani, Ammar and Liu, Ping and Zhao, Liang and Liu, Zhi},
  journal={IEEE Transactions on Mobile Computing},
  year={2024},
  publisher={IEEE}
}
@article{sultan2023geosam,
  title={GeoSAM: Fine-tuning SAM with sparse and dense visual prompting for automated segmentation of mobility infrastructure},
  author={Sultan, Rafi Ibn and Li, Chengyin and Zhu, Hui and Khanduri, Prashant and Brocanelli, Marco and Zhu, Dongxiao},
  journal={arXiv preprint arXiv:2311.11319},
  year={2023}
}
@article{yan2023ringmo,
  title={RingMo-SAM: A foundation model for segment anything in multimodal remote-sensing images},
  author={Yan, Zhiyuan and Li, Junxi and Li, Xuexue and Zhou, Ruixue and Zhang, Wenkai and Feng, Yingchao and Diao, Wenhui and Fu, Kun and Sun, Xian},
  journal={IEEE Transactions on Geoscience and Remote Sensing},
  volume={61},
  pages={1--16},
  year={2023},
  publisher={IEEE}
}
@article{vivanco2024geoclip,
  title={Geoclip: Clip-inspired alignment between locations and images for effective worldwide geo-localization},
  author={Vivanco Cepeda, Vicente and Nayak, Gaurav Kumar and Shah, Mubarak},
  journal={Advances in Neural Information Processing Systems},
  volume={36},
  year={2024}
}

@article{shi2020automated,
  title={An automated machine learning (AutoML) method of risk prediction for decision-making of autonomous vehicles},
  author={Shi, Xiupeng and Wong, Yiik Diew and Chai, Chen and Li, Michael Zhi-Feng},
  journal={IEEE Transactions on Intelligent Transportation Systems},
  volume={22},
  number={11},
  pages={7145--7154},
  year={2020},
  publisher={IEEE}
}
@article{kumar2023dynamic,
  title={Dynamic Routing Optimization in Logistics Using Machine Learning: Towards Efficient and Sustainable Supply Chains},
  author={Kumar, Nirmal and Sharma, Sanjay},
  journal={Journal of Innovative Technologies},
  volume={6},
  number={1},
  pages={1--7},
  year={2023}
}
@article{chawla2024real,
  title={Real-time traffic congestion prediction using big data and machine learning techniques},
  author={Chawla, Priyanka and Hasurkar, Rutuja and Bogadi, Chaithanya Reddy and Korlapati, Naga Sindhu and Rajendran, Rajasree and Ravichandran, Sindu and Tolem, Sai Chaitanya and Gao, Jerry Zeyu},
  journal={World Journal of Engineering},
  volume={21},
  number={1},
  pages={140--155},
  year={2024},
  publisher={Emerald Publishing Limited}
}
@article{sun2020machine,
  title={Machine learning-based models for real-time traffic flow prediction in vehicular networks},
  author={Sun, Peng and Aljeri, Noura and Boukerche, Azzedine},
  journal={IEEE Network},
  volume={34},
  number={3},
  pages={178--185},
  year={2020},
  publisher={IEEE}
}

@article{xie2024gai,
  title={GAI-IoV: Bridging Generative AI and Vehicular Networks for Ubiquitous Edge Intelligence},
  author={Xie, Gaochang and Xiong, Zehui and Zhang, Xinyuan and Xie, Renchao and Guo, Song and Guizani, Mohsen and Poor, H Vincent},
  journal={IEEE Transactions on Wireless Communications},
  year={2024},
  publisher={IEEE}
}

@inproceedings{xie2024giov,
  title={GIoV: Achieving generative AI services in internet of vehicles via collaborative edge intelligence},
  author={Xie, Gaochang and Xie, Renchao and Zhang, Xinyuan and Nie, Jiangtian and Tang, Qinqin and Lim, Wei Yang Bryan and Niyato, Dusit},
  booktitle={2024 IEEE Wireless Communications and Networking Conference (WCNC)},
  pages={1--6},
  year={2024},
  organization={IEEE}
}


@inproceedings{otoum2022transfer,
  title={Transfer learning-driven intrusion detection for Internet of Vehicles (IoV)},
  author={Otoum, Yazan and Wan, Yue and Nayak, Amiya},
  booktitle={2022 International Wireless Communications and Mobile Computing (IWCMC)},
  pages={342--347},
  year={2022},
  organization={IEEE}
}

@inproceedings{you2024raccoon,
    author = {Yufei You and Xiaoxi Zhang and Tianxiang Zhu and Bo Rao and Yihong Li and Jingpu Duan and Lei Xue and Ennan Zhai and Xu Chen},
    title = {RACCOON: Online Content Recommendation and Edge-assisted Caching for In-Vehicle Infotainment},
    booktitle = {International Conference on Big Data Computing and Communications (BigCom)},
    year = {2024}
}

@article{EnvironmentalPollution,
  title={Alleviating corporate environmental pollution threats toward public health and safety: the role of smart city and artificial intelligence},
  author={Liu, Wei and Xu, Yingbo and Fan, Di and Li, Yi and Shao, Xue-Feng and Zheng, Jingjing},
  journal={Safety Science},
  volume={143},
  pages={105433},
  year={2021},
  publisher={Elsevier}
}

@article{PervasiveandMobileComputing,
  title={Survey on traffic prediction in smart cities},
  author={Nagy, Attila M and Simon, Vilmos},
  journal={Pervasive and Mobile Computing},
  volume={50},
  pages={148--163},
  year={2018},
  publisher={Elsevier}
}

@article{ExpertSystems,
  title={Smart health: Big data enabled health paradigm within smart cities},
  author={Pramanik, Md Ileas and Lau, Raymond YK and Demirkan, Haluk and Azad, Md Abul Kalam},
  journal={Expert Systems with Applications},
  volume={87},
  pages={370--383},
  year={2017},
  publisher={Elsevier}
}

@article{ITJ19,
  title={Mobile crowdsourcing in smart cities: Technologies, applications, and future challenges},
  author={Kong, Xiangjie and Liu, Xiaoteng and Jedari, Behrouz and Li, Menglin and Wan, Liangtian and Xia, Feng},
  journal={IEEE Internet of Things Journal},
  volume={6},
  number={5},
  pages={8095--8113},
  year={2019},
  publisher={IEEE}
}

@inproceedings{BigData,
  title={Crowdsensing big data: sensing, data selection, and understanding},
  author={Zhai, Shuying and Li, Ru and Yang, Yuange},
  booktitle={Journal of Physics: Conference Series},
  volume={1848},
  number={1},
  year={2021},
  organization={IOP Publishing}
}

@article{TMC19,
  title={Distributed and energy-efficient mobile crowdsensing with charging stations by deep reinforcement learning},
  author={Liu, Chi Harold and Dai, Zipeng and Zhao, Yinuo and Crowcroft, Jon and Wu, Dapeng and Leung, Kin K},
  journal={IEEE Transactions on Mobile Computing},
  volume={20},
  number={1},
  pages={130--146},
  year={2019},
  publisher={IEEE}
}


@inproceedings{INFO21,
  title={Towards fine-grained spatio-temporal coverage for vehicular urban sensing systems},
  author={Fan, Guiyun and Zhao, Yiran and Guo, Zilang and Jin, Haiming and Gan, Xiaoying and Wang, Xinbing},
  booktitle={IEEE INFOCOM 2021},
  year={2021},
  organization={IEEE}
}

@inproceedings{INFO23Privacy,
  title={Privacy-preserving Stable Crowdsensing Data Trading for Unknown Market},
  author={Sun, He and Xiao, Mingjun and Xu, Yin and Gao, Guoju and Zhang, Shu},
  booktitle={IEEE INFOCOM 2023},
  year={2023},
  organization={IEEE}
}

@inproceedings{INFO22Privacy,
  title={Privacy-preserving online task assignment in spatial crowdsourcing: A graph-based approach},
  author={Wang, Hengzhi and Wang, En and Yang, Yongjian and Wu, Jie and Dressler, Falko},
  booktitle={IEEE INFOCOM 2022},
  year={2022},
  organization={IEEE}
}

@article{TITS2020Privacy,
  title={A decentralized location privacy-preserving spatial crowdsourcing for internet of vehicles},
  author={Zhang, Junwei and Yang, Fan and Ma, Zhuo and Wang, Zhuzhu and Liu, Ximeng and Ma, Jianfeng},
  journal={IEEE Transactions on Intelligent Transportation Systems},
  volume={22},
  number={4},
  pages={2299--2313},
  year={2020},
  publisher={IEEE}
}

@article{vehiclecrowdsensingdeepapproach,
  title={A deep learning-based mobile crowdsensing scheme by predicting vehicle mobility},
  author={Zhu, Xiaoyu and Luo, Yueyi and Liu, Anfeng and Tang, Wenjuan and Bhuiyan, Md Zakirul Alam},
  journal={IEEE Transactions on Intelligent Transportation Systems},
  volume={22},
  number={7},
  pages={4648--4659},
  year={2020},
  publisher={IEEE}
}

@inproceedings{ICDE23,
  title={Exploring both individuality and cooperation for air-ground spatial crowdsourcing by multi-agent deep reinforcement learning},
  author={Ye, Yuxiao and Liu, Chi Harold and Dai, Zipeng and Zhao, Jianxin and Yuan, Ye and Wang, Guoren and Tang, Jian},
  booktitle={ICDE 2023},
  year={2023},
  organization={IEEE}
}

@inproceedings{KDD17,
  title={A taxi order dispatch model based on combinatorial optimization},
  author={Zhang, Lingyu and Hu, Tao and Min, Yue and Wu, Guobin and Zhang, Junying and Feng, Pengcheng and Gong, Pinghua and Ye, Jieping},
  booktitle={Proceedings of the 23rd ACM SIGKDD},
  year={2017}
}

@inproceedings{WWW19,
  title={Beyond shortest paths: Route recommendations for ride-sharing},
  author={Yuen, Chak Fai and Singh, Abhishek Pratap and Goyal, Sagar and Ranu, Sayan and Bagchi, Amitabha},
  booktitle={The World Wide Web Conference},
  year={2019}
}

@article{Ubiquitous18,
  title={PrivateHunt: Multi-source data-driven dispatching in for-hire vehicle systems},
  author={Xie, Xiaoyang and Zhang, Fan and Zhang, Desheng},
  journal={Proceedings of the ACM on Interactive, Mobile, Wearable and Ubiquitous Technologies},
  volume={2},
  number={1},
  pages={1--26},
  year={2018},
  publisher={ACM New York, NY, USA}
}

@inproceedings{vehicle_dispatch_modle_based,
  title={Model predictive control of autonomous mobility-on-demand systems},
  author={Zhang, Rick and Rossi, Federico and Pavone, Marco},
  booktitle={2016 IEEE international conference on robotics and automation (ICRA)},
  year={2016},
  organization={IEEE}
}

@article{introduce_drl,
  title={Deep reinforcement learning: A brief survey},
  author={Arulkumaran, Kai and Deisenroth, Marc Peter and Brundage, Miles and Bharath, Anil Anthony},
  journal={IEEE Signal Processing Magazine},
  volume={34},
  number={6},
  year={2017},
  publisher={IEEE}
}

@article{TITS22,
  title={Deep reinforcement learning for intelligent transportation systems: A survey},
  author={Haydari, Ammar and Y{\i}lmaz, Yasin},
  journal={IEEE Transactions on Intelligent Transportation Systems},
  volume={23},
  number={1},
  year={2020},
  publisher={IEEE}
}

@inproceedings{INFO20,
  title={Multi-task-oriented vehicular crowdsensing: A deep learning approach},
  author={Liu, Chi Harold and Dai, Zipeng and Yang, Haoming and Tang, Jian},
  booktitle={IEEE INFOCOM 2020},
  year={2020},
  organization={IEEE}
}

@inproceedings{INFO21VEHICLES,
  title={Multi-agent reinforcement learning for urban crowd sensing with for-hire vehicles},
  author={Ding, Rong and Yang, Zhaoxing and Wei, Yifei and Jin, Haiming and Wang, Xinbing},
  booktitle={IEEE INFOCOM 2021},
  year={2021},
  organization={IEEE}
}

@inproceedings{INFO18,
  title={MOVI: A model-free approach to dynamic fleet management},
  author={Oda, Takuma and Joe-Wong, Carlee},
  booktitle={IEEE INFOCOM 2018},
  year={2018},
  organization={IEEE}
}

@article{TITS20,
  title={Context-aware taxi dispatching at city-scale using deep reinforcement learning},
  author={Liu, Zhidan and Li, Jiangzhou and Wu, Kaishun},
  journal={IEEE Transactions on Intelligent Transportation Systems},
  volume={23},
  number={3},
  pages={1996--2009},
  year={2020},
  publisher={IEEE}
}

@inproceedings{KDD18,
  title={Efficient large-scale fleet management via multi-agent deep reinforcement learning},
  author={Lin, Kaixiang and Zhao, Renyu and Xu, Zhe and Zhou, Jiayu},
  booktitle={Proceedings of the 24th ACM SIGKDD},
  year={2018}
}

@inproceedings{KDD22,
  title={Optimizing long-term efficiency and fairness in ride-hailing via joint order dispatching and driver repositioning},
  author={Sun, Jiahui and Jin, Haiming and Yang, Zhaoxing and Su, Lu and Wang, Xinbing},
  booktitle={Proceedings of the 28th ACM SIGKDD},
  year={2022}
}

@article{introduce_AoI1,
  title={Age of information in a cellular internet of UAVs: Sensing and communication trade-off design},
  author={Zhang, Shuhang and Zhang, Hongliang and Han, Zhu and Poor, H Vincent and Song, Lingyang},
  journal={IEEE Transactions on Wireless Communications},
  volume={19},
  number={10},
  pages={6578--6592},
  year={2020},
  publisher={IEEE}
}

@inproceedings{introduce_AoI2,
  title={Age-of-information dependent random access for massive IoT networks},
  author={Chen, He and Gu, Yifan and Liew, Soung-Chang},
  booktitle={IEEE Conference on Computer Communications Workshops 2020},
  year={2020},
  organization={IEEE}
}

@article{the_reason_why_data_freshness_is_important,
  title={On the role of age of information in the Internet of Things},
  author={Abd-Elmagid, Mohamed A and Pappas, Nikolaos and Dhillon, Harpreet S},
  journal={IEEE Communications Magazine},
  volume={57},
  number={12},
  pages={72--77},
  year={2019},
  publisher={IEEE}
}

@article{a_example_for_the_reason_why_data_freshness_is_important,
  title={Freshness-Aware Incentive Mechanism for Mobile Crowdsensing with Budget Constraint},
  author={Cheng, Ying and Wang, Xiumin and Zhou, Pan and Zhang, Xinglin and Wu, Weiwei},
  journal={IEEE Transactions on Services Computing},
  year={2023},
  publisher={IEEE}
}

@article{why_use_MARL,
  title={Multi-agent reinforcement learning: A selective overview of theories and algorithms},
  author={Zhang, Kaiqing and Yang, Zhuoran and Ba{\c{s}}ar, Tamer},
  journal={Handbook of reinforcement learning and control},
  pages={321--384},
  year={2021},
  publisher={Springer}
}

@inproceedings{R-GCN,
  title={Modeling relational data with graph convolutional networks},
  author={Schlichtkrull, Michael and Kipf, Thomas N and Bloem, Peter and Van Den Berg, Rianne and Titov, Ivan and Welling, Max},
  booktitle={The Semantic Web: 15th International Conference, ESWC 2018, Heraklion, Crete, Greece, June 3--7, 2018, Proceedings 15},
  year={2018},
  organization={Springer}
}

@inproceedings{liyihong,
  title={TapFinger: Task Placement and Fine-Grained Resource Allocation for Edge Machine Learning},
  author={Li, Yihong and Zeng, Tianyu and Zhang, Xiaoxi and Duan, Jingpu and Wu, Chuan},
  booktitle={IEEE INFOCOM 2023},
  year={2023}
}

@article{neurips22,
  title={The surprising effectiveness of ppo in cooperative multi-agent games},
  author={Yu, Chao and Velu, Akash and Vinitsky, Eugene and Gao, Jiaxuan and Wang, Yu and Bayen, Alexandre and Wu, Yi},
  journal={Advances in Neural Information Processing Systems},
  volume={35},
  pages={24611--24624},
  year={2022}
}

@article{PPO,
  title={Proximal policy optimization algorithms},
  author={Schulman, John and Wolski, Filip and Dhariwal, Prafulla and Radford, Alec and Klimov, Oleg},
  journal={arXiv preprint arXiv:1707.06347},
  year={2017}
}

@misc{newyork_taxi,
    title = {New York City Taxi datasets},
    howpublished = {\url{https://www1.nyc.gov/site/tlc/about/tlc-trip-record-data.page.}}    
}

@inproceedings{assume_cost_one_time_slot_to_reach_dispatched_destination,
  title={Coride: joint order dispatching and fleet management for multi-scale ride-hailing platforms},
  author={Jin, Jiarui and Zhou, Ming and Zhang, Weinan and Li, Minne and Guo, Zilong and Qin, Zhiwei and Jiao, Yan and Tang, Xiaocheng and Wang, Chenxi and Wang, Jun and others},
  booktitle={Proceedings of the 28th ACM CIKM},
  year={2019}
}

@article{UCB,
  title={Algorithms for multi-armed bandit problems},
  author={Kuleshov, Volodymyr and Precup, Doina},
  journal={arXiv preprint arXiv:1402.6028},
  year={2014}
}

@inproceedings{espeholt2018impala,
  title={Impala: Scalable distributed deep-rl with importance weighted actor-learner architectures},
  author={Espeholt, Lasse and Soyer, Hubert and Munos, Remi and Simonyan, Karen and Mnih, Vlad and Ward, Tom and Doron, Yotam and Firoiu, Vlad and Harley, Tim and Dunning, Iain and others},
  booktitle={International conference on machine learning},
  pages={1407--1416},
  year={2018},
  organization={PMLR}
}

@article{li2019privacy,
  title={Privacy-preserving traffic monitoring with false report filtering via fog-assisted vehicular crowdsensing},
  author={Li, Meng and Zhu, Liehuang and Lin, Xiaodong},
  journal={IEEE Transactions on Services Computing},
  volume={14},
  number={6},
  pages={1902--1913},
  year={2019},
  publisher={IEEE}
}

@article{zhang2021data,
  title={Data-driven transportation network company vehicle scheduling with users’ location differential privacy preservation},
  author={Zhang, Xinyue and Wang, Jingyi and Zhang, Haijun and Li, Lixin and Pan, Miao and Han, Zhu},
  journal={IEEE Transactions on Mobile Computing},
  volume={22},
  number={2},
  pages={813--823},
  year={2021},
  publisher={IEEE}
}

@article{liu2024multi,
  title={Multi-Agent Deep Reinforcement Learning Based Scheduling Approach for Mobile Charging in Internet of Electric Vehicles},
  author={Liu, Linfeng and Huang, Zhuo and Xu, Jia},
  journal={IEEE Transactions on Mobile Computing},
  year={2024},
  publisher={IEEE}
}