@article{adadi2018peeking,
  title={Peeking inside the black-box: A survey on explainable artificial intelligence {(XAI)}},
  author={Adadi, Amina and Berrada, Mohammed},
  journal={IEEE access},
  volume={6},
  pages={52138--52160},
  year={2018},
}

@inproceedings{alvarez2017causal,
    title = "A causal framework for explaining the predictions of black-box sequence-to-sequence models",
    author = "Alvarez-Melis, David  and
      Jaakkola, Tommi",
    booktitle = "Proceedings of the 2017 Conference on Empirical Methods in Natural Language Processing",
    year = "2017",
    doi = "10.18653/v1/D17-1042",
    pages = "412--421",
}

@Article{bodria2021benchmarking,
author={Bodria, Francesco
and Giannotti, Fosca
and Guidotti, Riccardo
and Naretto, Francesca
and Pedreschi, Dino
and Rinzivillo, Salvatore},
title={Benchmarking and survey of explanation methods for black box models},
journal={Data Mining and Knowledge Discovery},
year={2023},
month={Sep},
day={01},
volume={37},
number={5},
doi={10.1007/s10618-023-00933-9},
}

@inproceedings{chen2021hydra,
  title={Hydra: Hypergradient data relevance analysis for interpreting deep neural networks},
  author={Chen, Yuanyuan and Li, Boyang and Yu, Han and Wu, Pengcheng and Miao, Chunyan},
  booktitle={Proceedings of the AAAI Conference on Artificial Intelligence},
  volume={35},
  pages={7081--7089},
  year={2021}
}

@article{cortez2013using,
  title={Using sensitivity analysis and visualization techniques to open black box data mining models},
  author={Cortez, Paulo and Embrechts, Mark J},
  journal={Information Sciences},
  volume={225},
  pages={1--17},
  year={2013},
}

@inproceedings{croce2019auditing,
  title={Auditing deep learning processes through kernel-based explanatory models},
  author={Croce, Danilo and Rossini, Daniele and Basili, Roberto},
  booktitle={Proceedings of the 2019 Conference on Empirical Methods in Natural Language Processing and the 9th International Joint Conference on Natural Language Processing (EMNLP-IJCNLP)},
  pages={4037--4046},
  year={2019}
}

@inproceedings{danilevsky-etal-2020-survey,
    title = "A Survey of the State of Explainable {AI} for Natural Language Processing",
    author = "Danilevsky, Marina  and
      Qian, Kun  and
      Aharonov, Ranit  and
      Katsis, Yannis  and
      Kawas, Ban  and
      Sen, Prithviraj",
    booktitle = "Proceedings of the 1st Conference of the Asia-Pacific Chapter of the Association for Computational Linguistics and the 10th International Joint Conference on Natural Language Processing",
    year = "2020",
    pages = "447--459",
}

@inproceedings{esiobu2023robbie,
  title={ROBBIE: Robust bias evaluation of large generative language models},
  author={Esiobu, David and Tan, Xiaoqing and Hosseini, Saghar and Ung, Megan and Zhang, Yuchen and Fernandes, Jude and Dwivedi-Yu, Jane and Presani, Eleonora and Williams, Adina and Smith, Eric},
  booktitle={Proceedings of the 2023 Conference on Empirical Methods in Natural Language Processing},
  pages={3764--3814},
  year={2023}
}

@article{feldhus2022mediators,
  title={Mediators: Conversational agents explaining {NLP} model behavior},
  author={Feldhus, Nils and Ravichandran, Ajay Madhavan and M{\"o}ller, Sebastian},
  journal={arXiv preprint arXiv:2206.06029},
  year={2022}
}

@inproceedings{gao2023selfguided,
title={Self-Guided Noise-Free Data Generation for Efficient Zero-Shot Learning},
author={Jiahui Gao and Renjie Pi and LIN Yong and Hang Xu and Jiacheng Ye and Zhiyong Wu and WEIZHONG ZHANG and Xiaodan Liang and Zhenguo Li and Lingpeng Kong},
booktitle={The Eleventh International Conference on Learning Representations },
year={2023},
url={https://openreview.net/forum?id=h5OpjGd_lo6}
}

@article{grosse2023studying,
  title={Studying large language model generalization with influence functions},
  author={Grosse, Roger and Bae, Juhan and Anil, Cem and Elhage, Nelson and Tamkin, Alex and Tajdini, Amirhossein and Steiner, Benoit and Li, Dustin and Durmus, Esin and Perez, Ethan and others},
  journal={arXiv preprint arXiv:2308.03296},
  year={2023}
}

@inproceedings{guo2021fastif,
    title = "{F}ast{IF}: Scalable Influence Functions for Efficient Model Interpretation and Debugging",
    author = "Guo, Han  and
      Rajani, Nazneen  and
      Hase, Peter  and
      Bansal, Mohit  and
      Xiong, Caiming",
    booktitle = "Proceedings of the 2021 Conference on Empirical Methods in Natural Language Processing",
    year = "2021",
    url = "https://aclanthology.org/2021.emnlp-main.808",
    doi = "10.18653/v1/2021.emnlp-main.808",
    pages = "10333--10350",
}

@article{guo2024generative,
  title={Generative AI for Synthetic Data Generation: Methods, Challenges and the Future},
  author={Guo, Xu and Chen, Yiqiang},
  journal={arXiv preprint arXiv:2403.04190},
  year={2024}
}

@article{hu2018locally,
  title={Locally interpretable models and effects based on supervised partitioning {(LIME-SUP)}},
  author={Hu, Linwei and Chen, Jie and Nair, Vijayan N and Sudjianto, Agus},
  journal={arXiv preprint arXiv:1806.00663},
  year={2018}
}

@inproceedings{ignatiev2019abduction,
  title={Abduction-based explanations for machine learning models},
  author={Ignatiev, Alexey and Narodytska, Nina and Marques-Silva, Joao},
  booktitle={Proceedings of the AAAI Conference on Artificial Intelligence},
  pages={1511--1519},
  numpages = {9},
  year={2019}
}

@article{jain2019attention,
  title={Attention is not explanation},
  author={Jain, Sarthak and Wallace, Byron C},
  journal={arXiv preprint arXiv:1902.10186},
  year={2019}
}

@inproceedings{jeyakumar2020can,
 author = {Jeyakumar, Jeya Vikranth and Noor, Joseph and Cheng, Yu-Hsi and Garcia, Luis and Srivastava, Mani},
 booktitle = {Advances in Neural Information Processing Systems},
 pages = {4211--4222},
 title = {How Can {I} Explain This to You? {An} Empirical Study of Deep Neural Network Explanation Methods},
 volume = {33},
 year = {2020}
}

@article{ji2023survey,
  title={Survey of hallucination in natural language generation},
  author={Ji, Ziwei and Lee, Nayeon and Frieske, Rita and Yu, Tiezheng and Su, Dan and Xu, Yan and Ishii, Etsuko and Bang, Ye Jin and Madotto, Andrea and Fung, Pascale},
  journal={ACM Computing Surveys},
  volume={55},
  number={12},
  pages={1--38},
  year={2023},
  publisher={ACM New York, NY}
}

@inproceedings{kim2016examples,
author = {Kim, Been and Khanna, Rajiv and Koyejo, Oluwasanmi},
title = {Examples Are Not Enough, Learn to Criticize! Criticism for Interpretability},
year = {2016},
booktitle = {Proceedings of the 30th International Conference on Neural Information Processing Systems},
pages = {2288â€“2296},
numpages = {9},
}

@inproceedings{kim2023help,
author = {Kim, Sunnie S. Y. and Watkins, Elizabeth Anne and Russakovsky, Olga and Fong, Ruth and Monroy-Hern\'{a}ndez, Andr\'{e}s},
title = {"Help Me Help the AI": Understanding How Explainability Can Support Human-AI Interaction},
year = {2023},
doi = {10.1145/3544548.3581001},
booktitle = {Proceedings of the 2023 CHI Conference on Human Factors in Computing Systems},
numpages = {17},
}

@article{kirk2021bias,
  title={Bias out-of-the-box: An empirical analysis of intersectional occupational biases in popular generative language models},
  author={Kirk, Hannah Rose and Jun, Yennie and Volpin, Filippo and Iqbal, Haider and Benussi, Elias and Dreyer, Frederic and Shtedritski, Aleksandar and Asano, Yuki},
  journal={Advances in neural information processing systems},
  volume={34},
  pages={2611--2624},
  year={2021}
}

@inproceedings{koh2017understanding,
  title={Understanding black-box predictions via influence functions},
  author={Koh, Pang Wei and Liang, Percy},
  booktitle={International conference on machine learning},
  pages={1885--1894},
  year={2017},
  organization={PMLR}
}

@inproceedings{kokalj2021bertShapley,
    title = "{BERT} meets Shapley: Extending {SHAP} Explanations to Transformer-based Classifiers",
    author = "Kokalj, Enja  and
      {\v{S}}krlj, Bla{\v{z}}  and
      Lavra{\v{c}}, Nada  and
      Pollak, Senja  and
      Robnik-{\v{S}}ikonja, Marko",
    booktitle = "Proceedings of the EACL Hackashop on News Media Content Analysis and Automated Report Generation",
    year = "2021",
    url = "https://aclanthology.org/2021.hackashop-1.3",
    pages = "16--21",
}

@inproceedings{lakkaraju2016interpretable,
  title={Interpretable decision sets: A joint framework for description and prediction},
  author={Lakkaraju, Himabindu and Bach, Stephen H and Leskovec, Jure},
  booktitle={Proceedings of the 22nd ACM SIGKDD international conference on knowledge discovery and data mining},
  pages={1675--1684},
  year={2016}
}

@article{lakkaraju2022rethinking,
  title={Rethinking Explainability as a Dialogue: A Practitioner's Perspective},
  author={Lakkaraju, Himabindu and Slack, Dylan and Chen, Yuxin and Tan, Chenhao and Singh, Sameer},
  journal={arXiv preprint arXiv:2202.01875},
  year={2022}
}

@article{lee2022factuality,
  title={Factuality enhanced language models for open-ended text generation},
  author={Lee, Nayeon and Ping, Wei and Xu, Peng and Patwary, Mostofa and Fung, Pascale N and Shoeybi, Mohammad and Catanzaro, Bryan},
  journal={Advances in Neural Information Processing Systems},
  volume={35},
  pages={34586--34599},
  year={2022}
}

@inproceedings{li2016visualizing,
    title = "Visualizing and Understanding Neural Models in {NLP}",
    author = "Li, Jiwei  and
      Chen, Xinlei  and
      Hovy, Eduard  and
      Jurafsky, Dan",
    booktitle = "Proceedings of the 2016 Conference of the North {A}merican Chapter of the Association for Computational Linguistics: Human Language Technologies",
    year = "2016",
    url = "https://aclanthology.org/N16-1082",
    doi = "10.18653/v1/N16-1082",
    pages = "681--691",
}

@inproceedings{liao2020questioning,
author = {Liao, Q. Vera and Gruen, Daniel and Miller, Sarah},
title = {Questioning the {AI}: Informing Design Practices for Explainable {AI} User Experiences},
year = {2020},
booktitle = {Proceedings of the 2020 CHI Conference on Human Factors in Computing Systems},
pages = {1â€“15},
numpages = {15},
}

@inproceedings{liu2018interpretation,
  title={On interpretation of network embedding via taxonomy induction},
  author={Liu, Ninghao and Huang, Xiao and Li, Jundong and Hu, Xia},
  booktitle={Proceedings of the 24th ACM SIGKDD International Conference on Knowledge Discovery \& Data Mining},
  pages={1812--1820},
  year={2018}
}

@article{lombrozo2006structure,
  title={The structure and function of explanations},
  author={Lombrozo, Tania},
  journal={Trends in cognitive sciences},
  volume={10},
  number={10},
  pages={464--470},
  year={2006},
}

@article{lundberg2017unified,
  title={A unified approach to interpreting model predictions},
  author={Lundberg, Scott M and Lee, Su-In},
  journal={Advances in neural information processing systems},
  volume={30},
  year={2017}
}

@article{meng2022generating,
  title={Generating training data with language models: Towards zero-shot language understanding},
  author={Meng, Yu and Huang, Jiaxin and Zhang, Yu and Han, Jiawei},
  journal={Advances in Neural Information Processing Systems},
  volume={35},
  pages={462--477},
  year={2022}
}

@inproceedings{meng2023tuning,
  title={Tuning language models as training data generators for augmentation-enhanced few-shot learning},
  author={Meng, Yu and Michalski, Martin and Huang, Jiaxin and Zhang, Yu and Abdelzaher, Tarek and Han, Jiawei},
  booktitle={International Conference on Machine Learning},
  pages={24457--24477},
  year={2023},
}

@article{miller2019explanation,
  title={Explanation in artificial intelligence: Insights from the social sciences},
  author={Miller, Tim},
  journal={Artificial intelligence},
  volume={267},
  pages={1--38},
  year={2019},
}

@inproceedings{mothilal2020explaining,
  title={Explaining machine learning classifiers through diverse counterfactual explanations},
  author={Mothilal, Ramaravind K and Sharma, Amit and Tan, Chenhao},
  booktitle={Proceedings of the 2020 conference on fairness, accountability, and transparency},
  pages={607--617},
  year={2020}
}

@article{pcnn2024nguyen,
  title={PCNN: Probable-Class Nearest-Neighbor Explanations Improve Fine-Grained Image Classification Accuracy for AIs and Humans},
  author={Nguyen, Giang and Chen, Valerie and Taesiri, Mohammad Reza and Nguyen, Anh Totti },
  journal={arXiv preprint arXiv:2308.13651},
  year={2024},
}

@inproceedings{ribeiro2016should,
  title={"{Why} should {I} trust you?": Explaining the predictions of any classifier},
  author={Ribeiro, Marco Tulio and Singh, Sameer and Guestrin, Carlos},
  booktitle={Proceedings of the 22nd ACM SIGKDD international conference on knowledge discovery and data mining},
  pages={1135--1144},
  year={2016},
}

@inproceedings{ross2021explaining,
    title = "Explaining {NLP} Models via Minimal Contrastive Editing ({M}i{CE})",
    author = "Ross, Alexis  and
      Marasovi{\'c}, Ana  and
      Peters, Matthew",
    booktitle = "Findings of the Association for Computational Linguistics: ACL-IJCNLP 2021",
    month = aug,
    year = "2021",
    doi = "10.18653/v1/2021.findings-acl.336",
    pages = "3840--3852",
}

@article{rudzinski2016multi,
  title={A multi-objective genetic optimization of interpretability-oriented fuzzy rule-based classifiers},
  author={Rudzi{\'n}ski, Filip},
  journal={Applied Soft Computing},
  volume={38},
  pages={118--133},
  year={2016},
}

@article{schwarz2021frequency,
  title={On the frequency bias of generative models},
  author={Schwarz, Katja and Liao, Yiyi and Geiger, Andreas},
  journal={Advances in Neural Information Processing Systems},
  volume={34},
  pages={18126--18136},
  year={2021}
}

@inproceedings{selvaraju2017grad,
  title={{Grad-CAM}: {Visual} explanations from deep networks via gradient-based localization},
  author={Selvaraju, Ramprasaath R and Cogswell, Michael and Das, Abhishek and Vedantam, Ramakrishna and Parikh, Devi and Batra, Dhruv},
  booktitle={Proceedings of the IEEE international conference on computer vision},
  pages={618--626},
  year={2017},
}

@inproceedings{shen2023convxai,
author = {Shen, Hua and Huang, Chieh-Yang and Wu, Tongshuang and Huang, Ting-Hao Kenneth},
title = {{ConvXAI}: Delivering Heterogeneous {AI} Explanations via Conversations to Support Human-AI Scientific Writing},
year = {2023},
doi = {10.1145/3584931.3607492},
booktitle = {Companion Publication of the 2023 Conference on Computer Supported Cooperative Work and Social Computing},
pages = {384â€“387},
numpages = {4},
}

@article{shih2018symbolic,
  title={A symbolic approach to explaining bayesian network classifiers},
  author={Shih, Andy and Choi, Arthur and Darwiche, Adnan},
  journal={arXiv preprint arXiv:1805.03364},
  year={2018}
}

@article{simonyan2013deep,
  title={Deep inside convolutional networks: Visualising image classification models and saliency maps},
  author={Simonyan, Karen and Vedaldi, Andrea and Zisserman, Andrew},
  journal={arXiv preprint arXiv:1312.6034},
  year={2013}
}

@Article{slack2023explaining,
author={Slack, Dylan
and Krishna, Satyapriya
and Lakkaraju, Himabindu
and Singh, Sameer},
title={Explaining machine learning models with interactive natural language conversations using TalkToModel},
journal={Nature Machine Intelligence},
year={2023},
volume={5},
number={8},
pages={873-883},
doi={10.1038/s42256-023-00692-8},
}

@inproceedings{sundararajan2017axiomatic,
  title={Axiomatic attribution for deep networks},
  author={Sundararajan, Mukund and Taly, Ankur and Yan, Qiqi},
  booktitle={International conference on machine learning},
  pages={3319--3328},
  year={2017},
}

@article{wachter2017counterfactual,
  title={Counterfactual explanations without opening the black box: Automated decisions and the {GDPR}},
  author={Wachter, Sandra and Mittelstadt, Brent and Russell, Chris},
  journal={Harv. JL \& Tech.},
  volume={31},
  pages={841},
  year={2017},
}

@article{wang2024gradient,
  title={Gradient based Feature Attribution in Explainable AI: A Technical Review},
  author={Wang, Yongjie and Zhang, Tong and Guo, Xu and Shen, Zhiqi},
  journal={arXiv preprint arXiv:2403.10415},
  year={2024}
}

@inproceedings{wiegreffe-pinter-2019-attention,
    title = "Attention is not not Explanation",
    author = "Wiegreffe, Sarah  and
      Pinter, Yuval",
    booktitle = "Proceedings of the 2019 Conference on Empirical Methods in Natural Language Processing and the 9th International Joint Conference on Natural Language Processing (EMNLP-IJCNLP)",
    month = nov,
    year = "2019",
    address = "Hong Kong, China",
    publisher = "Association for Computational Linguistics",
    url = "https://aclanthology.org/D19-1002",
    doi = "10.18653/v1/D19-1002",
    pages = "11--20",
}

@inproceedings{wu2021polyjuice,
    title = "Polyjuice: Generating Counterfactuals for Explaining, Evaluating, and Improving Models",
    author = "Wu, Tongshuang  and
      Ribeiro, Marco Tulio  and
      Heer, Jeffrey  and
      Weld, Daniel",
    booktitle = "Proceedings of the 59th Annual Meeting of the Association for Computational Linguistics and the 11th International Joint Conference on Natural Language Processing (Volume 1: Long Papers)",
    month = aug,
    year = "2021",
    url = "https://aclanthology.org/2021.acl-long.523",
    doi = "10.18653/v1/2021.acl-long.523",
    pages = "6707--6723",
}

@inproceedings{yang2017scalable,
  title={Scalable Bayesian rule lists},
  author={Yang, Hongyu and Rudin, Cynthia and Seltzer, Margo},
  booktitle={International conference on machine learning},
  pages={3921--3930},
  year={2017},
}

@article{yang2019evaluating,
  title={Evaluating explanation without ground truth in interpretable machine learning},
  author={Yang, Fan and Du, Mengnan and Hu, Xia},
  journal={arXiv preprint arXiv:1907.06831},
  year={2019}
}

@inproceedings{ye-etal-2022-zerogen,
    title = "{Z}ero{G}en: Efficient Zero-shot Learning via Dataset Generation",
    author = "Ye, Jiacheng  and
      Gao, Jiahui  and
      Li, Qintong  and
      Xu, Hang  and
      Feng, Jiangtao  and
      Wu, Zhiyong  and
      Yu, Tao  and
      Kong, Lingpeng",
    booktitle = "Proceedings of the 2022 Conference on Empirical Methods in Natural Language Processing",
    year = "2022",
    doi = "10.18653/v1/2022.emnlp-main.801",
    pages = "11653--11669",
}

@inproceedings{ye2021connecting,
    title = "Connecting Attributions and {QA} Model Behavior on Realistic Counterfactuals",
    author = "Ye, Xi  and
      Nair, Rohan  and
      Durrett, Greg",
    booktitle = "Proceedings of the 2021 Conference on Empirical Methods in Natural Language Processing",
    year = "2021",
    doi = "10.18653/v1/2021.emnlp-main.447",
    pages = "5496--5512",
}

@inproceedings{ye2022progen,
    title = "{P}ro{G}en: Progressive Zero-shot Dataset Generation via In-context Feedback",
    author = "Ye, Jiacheng  and
      Gao, Jiahui  and
      Wu, Zhiyong  and
      Feng, Jiangtao  and
      Yu, Tao  and
      Kong, Lingpeng",
    booktitle = "Findings of the Association for Computational Linguistics: EMNLP 2022",
    year = "2022",
    url = "https://aclanthology.org/2022.findings-emnlp.269",
    doi = "10.18653/v1/2022.findings-emnlp.269",
    pages = "3671--3683",
}

@inproceedings{yin-neubig-2022-interpreting,
	title = "Interpreting Language Models with Contrastive Explanations",
	author = "Yin, Kayo  and
	  Neubig, Graham",
	booktitle = "Proceedings of the 2022 Conference on Empirical Methods in Natural Language Processing",
	year = "2022",
	pages = "184--198",
}

@article{zhang2024trade,
  title={On the trade-off of intra-/inter-class diversity for supervised pre-training},
  author={Zhang, Jieyu and Wang, Bohan and Hu, Zhengyu and Koh, Pang Wei W and Ratner, Alexander J},
  journal={Advances in Neural Information Processing Systems},
  volume={36},
  year={2024}
}

