@article{Lu2024does,
  title={Does Collaborative Human–LM Dialogue Generation Help Information Extraction from Human Dialogues?},
  author={Lu, Bo-Ru and Haduong, Nikita and Lee, Chia-Hsuan and Wu, Zeqiu and Cheng, Hao and Koester, Paul and Utke, Jean and Yu, Tao and Smith, Noah A. and Ostendorf, Mari},
  journal={arXiv:2307.07047},
  year={2024}
}

@article{shumailov2024curse,
      title={The Curse of Recursion: Training on Generated Data Makes Models Forget}, 
      author={Ilia Shumailov and Zakhar Shumaylov and Yiren Zhao and Yarin Gal and Nicolas Papernot and Ross Anderson},
      year={2024},
      journal={arXiv Preprint 2305.17493},
}

@article{briesch2023large,
      title={Large Language Models Suffer From Their Own Output: An Analysis of the Self-Consuming Training Loop}, 
      author={Martin Briesch and Dominik Sobania and Franz Rothlauf},
      year={2023},
      journal={arXiv Preprint 2311.16822},
}

@book{Aho:72,
    author  = {Alfred V. Aho and Jeffrey D. Ullman},
    title   = {The Theory of Parsing, Translation and Compiling},
    year    = "1972",
    volume  = "1",
    publisher = {Prentice-Hall},
    address = {Englewood Cliffs, NJ}
}

@book{APA:83,
    author  = {{American Psychological Association}},
    title   = {Publications Manual},
    year    = "1983",
    publisher = {American Psychological Association},
    address = {Washington, DC}
}

@article{Chandra:81,
	author = {Ashok K. Chandra and Dexter C. Kozen and Larry J. Stockmeyer},
	year = "1981",
	title = {Alternation},
	journal = {Journal of the Association for Computing Machinery},
	volume = "28",
	number = "1",
	pages = "114--133",
	doi = "10.1145/322234.322243",
}

@inproceedings{andrew2007scalable,
  title={Scalable training of {L1}-regularized log-linear models},
  author={Andrew, Galen and Gao, Jianfeng},
  booktitle={Proceedings of the 24th International Conference on Machine Learning},
  pages={33--40},
  year={2007},
}

@book{Gusfield:97,
    author  = {Dan Gusfield},
    title   = {Algorithms on Strings, Trees and Sequences},
    year    = "1997",
    publisher = {Cambridge University Press},
    address = {Cambridge, UK}
}

@article{rasooli-tetrault-2015,
    author    = {Mohammad Sadegh Rasooli and Joel R. Tetreault},
    title     = {Yara Parser: {A} Fast and Accurate Dependency Parser},
    journal   = {Computing Research Repository},
    volume    = {arXiv:1503.06733},
    year      = {2015},
    url       = {http://arxiv.org/abs/1503.06733},
    note    = {version 2}
}

@article{Ando2005,
	Acmid = {1194905},
	Author = {Ando, Rie Kubota and Zhang, Tong},
	Issn = {1532-4435},
	Issue_Date = {12/1/2005},
	Journal = {Journal of Machine Learning Research},
	Month = dec,
	Numpages = {37},
	Pages = {1817--1853},
	Publisher = {JMLR.org},
	Title = {A Framework for Learning Predictive Structures from Multiple Tasks and Unlabeled Data},
	Volume = {6},
	Year = {2005}
}

@Article{bodria2021benchmarking,
author={Bodria, Francesco
and Giannotti, Fosca
and Guidotti, Riccardo
and Naretto, Francesca
and Pedreschi, Dino
and Rinzivillo, Salvatore},
title={Benchmarking and survey of explanation methods for black box models},
journal={Data Mining and Knowledge Discovery},
year={2023},
month={Sep},
day={01},
volume={37},
number={5},
doi={10.1007/s10618-023-00933-9},
}

@inproceedings{Caruana2015health,
author = {Caruana, Rich and Lou, Yin and Gehrke, Johannes and Koch, Paul and Sturm, Marc and Elhadad, Noemie},
title = {Intelligible Models for HealthCare: Predicting Pneumonia Risk and Hospital 30-Day Readmission},
year = {2015},
doi = {10.1145/2783258.2788613},
booktitle = {Proceedings of the 21th ACM SIGKDD International Conference on Knowledge Discovery and Data Mining},
pages = {1721–1730},
numpages = {10},
}

@article{zheng_designing_2023,
	title = {Designing Human-Centered {AI} to Prevent Medication Dispensing Errors: {Focus} Group Study With Pharmacists},
	volume = {7},
	doi = {10.2196/51921},
	number = {1},
	journal = {JMIR Formative Research},
	author = {Zheng, Yifan and Rowell, Brigid and Chen, Qiyuan and Kim, Jin Yong and Kontar, Raed Al and Yang, X. Jessie and Lester, Corey A.},
	year = {2023},
	pages = {e51921},
}


@Article{Powles2017,
author={Powles, Julia
and Hodson, Hal},
title={Google DeepMind and healthcare in an age of algorithms},
journal={Health and Technology},
year={2017},
volume={7},
number={4},
pages={351-367},
doi={10.1007/s12553-017-0179-1},
}


@inproceedings{Yang:2017:EEU:2909824.3020230,
	title = {Evaluating Effects of User Experience and System Transparency on Trust in Automation},
	doi = {10.1145/2909824.3020230},
	booktitle = {Proceedings of the 2017 {ACM}/{IEEE} {International} {Conference} on {Human}-{Robot} {Interaction} - {HRI} '17},
	publisher = {ACM},
	author = {Yang, X. Jessie and Unhelkar, Vaibhav V. and Li, Kevin and Shah, Julie A.},
	year = {2017},
	pages = {408--416},
}


@article{Guo2020,
	title = {Modeling and Predicting Trust Dynamics in Human–Robot Teaming: {A} Bayesian Inference Approach},
	volume = {13},
	doi = {10.1007/s12369-020-00703-3},
	journal = {International Journal of Social Robotics},
	author = {Guo, Yaohui and Yang, X. Jessie},
	year = {2021},
	pages = {1899--1909},,
}


@inproceedings{selvaraju2017grad,
  title={{Grad-CAM}: {Visual} explanations from deep networks via gradient-based localization},
  author={Selvaraju, Ramprasaath R and Cogswell, Michael and Das, Abhishek and Vedantam, Ramakrishna and Parikh, Devi and Batra, Dhruv},
  booktitle={Proceedings of the IEEE international conference on computer vision},
  pages={618--626},
  year={2017},
}
@inproceedings{ribeiro2016should,
  title={"{Why} should {I} trust you?": Explaining the predictions of any classifier},
  author={Ribeiro, Marco Tulio and Singh, Sameer and Guestrin, Carlos},
  booktitle={Proceedings of the 22nd ACM SIGKDD international conference on knowledge discovery and data mining},
  pages={1135--1144},
  year={2016},
}

@article{lundberg2017unified,
  title={A unified approach to interpreting model predictions},
  author={Lundberg, Scott M and Lee, Su-In},
  journal={Advances in neural information processing systems},
  volume={30},
  year={2017}
}

@inproceedings{sundararajan2017axiomatic,
  title={Axiomatic attribution for deep networks},
  author={Sundararajan, Mukund and Taly, Ankur and Yan, Qiqi},
  booktitle={International conference on machine learning},
  pages={3319--3328},
  year={2017},
}

@inproceedings{chen2021hydra,
  title={Hydra: Hypergradient data relevance analysis for interpreting deep neural networks},
  author={Chen, Yuanyuan and Li, Boyang and Yu, Han and Wu, Pengcheng and Miao, Chunyan},
  booktitle={Proceedings of the AAAI Conference on Artificial Intelligence},
  volume={35},
  pages={7081--7089},
  year={2021}
}

@inproceedings{jeyakumar2020can,
 author = {Jeyakumar, Jeya Vikranth and Noor, Joseph and Cheng, Yu-Hsi and Garcia, Luis and Srivastava, Mani},
 booktitle = {Advances in Neural Information Processing Systems},
 pages = {4211--4222},
 title = {How Can {I} Explain This to You? {An} Empirical Study of Deep Neural Network Explanation Methods},
 volume = {33},
 year = {2020}
}

@inproceedings{lakkaraju2016interpretable,
  title={Interpretable decision sets: A joint framework for description and prediction},
  author={Lakkaraju, Himabindu and Bach, Stephen H and Leskovec, Jure},
  booktitle={Proceedings of the 22nd ACM SIGKDD international conference on knowledge discovery and data mining},
  pages={1675--1684},
  year={2016}
}

@article{rudzinski2016multi,
  title={A multi-objective genetic optimization of interpretability-oriented fuzzy rule-based classifiers},
  author={Rudzi{\'n}ski, Filip},
  journal={Applied Soft Computing},
  volume={38},
  pages={118--133},
  year={2016},
}

@inproceedings{yang2017scalable,
  title={Scalable Bayesian rule lists},
  author={Yang, Hongyu and Rudin, Cynthia and Seltzer, Margo},
  booktitle={International conference on machine learning},
  pages={3921--3930},
  year={2017},
}

@article{zhang2023may,
  title={May I Ask a Follow-up Question? Understanding the Benefits of Conversations in Neural Network Explainability},
  author={Zhang, Tong and Yang, X Jessie and Li, Boyang},
  journal={International Journal of Human–Computer Interaction},
  year={2023}
}

@article{lakkaraju2022rethinking,
  title={Rethinking Explainability as a Dialogue: A Practitioner's Perspective},
  author={Lakkaraju, Himabindu and Slack, Dylan and Chen, Yuxin and Tan, Chenhao and Singh, Sameer},
  journal={arXiv preprint arXiv:2202.01875},
  year={2022}
}

@inproceedings{liao2020questioning,
author = {Liao, Q. Vera and Gruen, Daniel and Miller, Sarah},
title = {Questioning the {AI}: Informing Design Practices for Explainable {AI} User Experiences},
year = {2020},
booktitle = {Proceedings of the 2020 CHI Conference on Human Factors in Computing Systems},
pages = {1–15},
numpages = {15},
}

@article{liao2021human,
  title={Human-centered explainable {AI} ({XAI}): From algorithms to user experiences},
  author={Liao, Q Vera and Varshney, Kush R},
  journal={arXiv preprint arXiv:2110.10790},
  year={2021}
}

@inproceedings{bansal2021does,
  title={Does the whole exceed its parts? {The} effect of {AI} explanations on complementary team performance},
  author={Bansal, Gagan and Wu, Tongshuang and Zhou, Joyce and Fok, Raymond and Nushi, Besmira and Kamar, Ece and Ribeiro, Marco Tulio and Weld, Daniel},
  booktitle={Proceedings of the 2021 CHI Conference on Human Factors in Computing Systems},
  pages={1--16},
  year={2021}
}

@inproceedings{zhang2020effect,
author = {Zhang, Yunfeng and Liao, Q. Vera and Bellamy, Rachel K. E.},
title = {Effect of Confidence and Explanation on Accuracy and Trust Calibration in {AI}-Assisted Decision Making},
year = {2020},
doi = {10.1145/3351095.3372852},
booktitle = {Proceedings of the 2020 Conference on Fairness, Accountability, and Transparency},
pages = {295–305},
numpages = {11},
}

@inproceedings{wang2021are,
author = {Wang, Xinru and Yin, Ming},
title = {Are Explanations Helpful? {A} Comparative Study of the Effects of Explanations in {AI}-Assisted Decision-Making},
year = {2021},
doi = {10.1145/3397481.3450650},
booktitle = {26th International Conference on Intelligent User Interfaces},
pages = {318–328},
numpages = {11},
}

@inproceedings{shen2023convxai,
author = {Shen, Hua and Huang, Chieh-Yang and Wu, Tongshuang and Huang, Ting-Hao Kenneth},
title = {{ConvXAI}: Delivering Heterogeneous {AI} Explanations via Conversations to Support Human-AI Scientific Writing},
year = {2023},
doi = {10.1145/3584931.3607492},
booktitle = {Companion Publication of the 2023 Conference on Computer Supported Cooperative Work and Social Computing},
pages = {384–387},
numpages = {4},
}

@Article{slack2023explaining,
author={Slack, Dylan
and Krishna, Satyapriya
and Lakkaraju, Himabindu
and Singh, Sameer},
title={Explaining machine learning models with interactive natural language conversations using TalkToModel},
journal={Nature Machine Intelligence},
year={2023},
volume={5},
number={8},
pages={873-883},
doi={10.1038/s42256-023-00692-8},
}

@article{feldhus2022mediators,
  title={Mediators: Conversational agents explaining {NLP} model behavior},
  author={Feldhus, Nils and Ravichandran, Ajay Madhavan and M{\"o}ller, Sebastian},
  journal={arXiv preprint arXiv:2206.06029},
  year={2022}
}

@article{adebayo2020debugging,
  title={Debugging tests for model explanations},
  author={Adebayo, Julius and Muelly, Michael and Liccardi, Ilaria and Kim, Been},
  journal={arXiv preprint arXiv:2011.05429},
  year={2020}
}

@article{idahl2021towards,
  title={Towards benchmarking the utility of explanations for model debugging},
  author={Idahl, Maximilian and Lyu, Lijun and Gadiraju, Ujwal and Anand, Avishek},
  journal={arXiv preprint arXiv:2105.04505},
  year={2021}
}

@article{schwarz2021frequency,
  title={On the frequency bias of generative models},
  author={Schwarz, Katja and Liao, Yiyi and Geiger, Andreas},
  journal={Advances in Neural Information Processing Systems},
  volume={34},
  pages={18126--18136},
  year={2021}
}

@inproceedings{hendricks2018women,
  title={Women also snowboard: Overcoming bias in captioning models},
  author={Hendricks, Lisa Anne and Burns, Kaylee and Saenko, Kate and Darrell, Trevor and Rohrbach, Anna},
  booktitle={Proceedings of the European conference on computer vision (ECCV)},
  pages={771--787},
  year={2018}
}

@article{ehsan2021explainable,
  title={The who in explainable {AI}: How {AI} background shapes perceptions of {AI} explanations},
  author={Ehsan, Upol and Passi, Samir and Liao, Q Vera and Chan, Larry and Lee, I and Muller, Michael and Riedl, Mark O and others},
  journal={arXiv preprint arXiv:2107.13509},
  year={2021}
}

@article{xin2023what,
author = {Xin He and Yeyi Hong and Xi Zheng and Yong Zhang},
title = {What Are the Users’ Needs? {Design} of a User-Centered Explainable Artificial Intelligence Diagnostic System},
journal = {International Journal of Human–Computer Interaction},
volume = {39},
number = {7},
pages = {1519-1542},
year = {2023},
doi = {10.1080/10447318.2022.2095093},
}

@incollection{clark1991grounding,
    author={Clark, Herbert H. and Brennan, Susan E.},
    booktitle = {Perspectives on Socially Shared Cognition},
    pages={127-149},
    title = {Grounding in Communication},
    year = {1991},
    doi={10.1037/10096-006},
    publisher={American Psychological Association}
}

@incollection{clark1981definite,
    author = {Herbert H. Clark and Catherine R. Marshall},
    booktitle = {Elements of Discourse Understanding},
    pages = {10--63},
    title = {Definite Knowledge and Mutual Knowledge},
    year = {1981},
    publisher={Cambridge University Press}
}

@article{yang2019evaluating,
  title={Evaluating explanation without ground truth in interpretable machine learning},
  author={Yang, Fan and Du, Mengnan and Hu, Xia},
  journal={arXiv preprint arXiv:1907.06831},
  year={2019}
}

@article{adadi2018peeking,
  title={Peeking inside the black-box: A survey on explainable artificial intelligence {(XAI)}},
  author={Adadi, Amina and Berrada, Mohammed},
  journal={IEEE access},
  volume={6},
  pages={52138--52160},
  year={2018},
}

@article{cortez2013using,
  title={Using sensitivity analysis and visualization techniques to open black box data mining models},
  author={Cortez, Paulo and Embrechts, Mark J},
  journal={Information Sciences},
  volume={225},
  pages={1--17},
  year={2013},
}

@article{simonyan2013deep,
  title={Deep inside convolutional networks: Visualising image classification models and saliency maps},
  author={Simonyan, Karen and Vedaldi, Andrea and Zisserman, Andrew},
  journal={arXiv preprint arXiv:1312.6034},
  year={2013}
}

@article{hu2018locally,
  title={Locally interpretable models and effects based on supervised partitioning {(LIME-SUP)}},
  author={Hu, Linwei and Chen, Jie and Nair, Vijayan N and Sudjianto, Agus},
  journal={arXiv preprint arXiv:1806.00663},
  year={2018}
}

@inproceedings{alvarez2017causal,
    title = "A causal framework for explaining the predictions of black-box sequence-to-sequence models",
    author = "Alvarez-Melis, David  and
      Jaakkola, Tommi",
    booktitle = "Proceedings of the 2017 Conference on Empirical Methods in Natural Language Processing",
    year = "2017",
    doi = "10.18653/v1/D17-1042",
    pages = "412--421",
}

@inproceedings{liu2018interpretation,
  title={On interpretation of network embedding via taxonomy induction},
  author={Liu, Ninghao and Huang, Xiao and Li, Jundong and Hu, Xia},
  booktitle={Proceedings of the 24th ACM SIGKDD International Conference on Knowledge Discovery \& Data Mining},
  pages={1812--1820},
  year={2018}
}

@article{shih2018symbolic,
  title={A symbolic approach to explaining bayesian network classifiers},
  author={Shih, Andy and Choi, Arthur and Darwiche, Adnan},
  journal={arXiv preprint arXiv:1805.03364},
  year={2018}
}

@inproceedings{ignatiev2019abduction,
  title={Abduction-based explanations for machine learning models},
  author={Ignatiev, Alexey and Narodytska, Nina and Marques-Silva, Joao},
  booktitle={Proceedings of the AAAI Conference on Artificial Intelligence},
  pages={1511--1519},
  numpages = {9},
  year={2019}
}

@inproceedings{mothilal2020explaining,
  title={Explaining machine learning classifiers through diverse counterfactual explanations},
  author={Mothilal, Ramaravind K and Sharma, Amit and Tan, Chenhao},
  booktitle={Proceedings of the 2020 conference on fairness, accountability, and transparency},
  pages={607--617},
  year={2020}
}

@article{wachter2017counterfactual,
  title={Counterfactual explanations without opening the black box: Automated decisions and the {GDPR}},
  author={Wachter, Sandra and Mittelstadt, Brent and Russell, Chris},
  journal={Harv. JL \& Tech.},
  volume={31},
  pages={841},
  year={2017},
}


@inproceedings{croce2019auditing,
  title={Auditing deep learning processes through kernel-based explanatory models},
  author={Croce, Danilo and Rossini, Daniele and Basili, Roberto},
  booktitle={Proceedings of the 2019 Conference on Empirical Methods in Natural Language Processing and the 9th International Joint Conference on Natural Language Processing (EMNLP-IJCNLP)},
  pages={4037--4046},
  year={2019}
}

@inproceedings{kim2016examples,
author = {Kim, Been and Khanna, Rajiv and Koyejo, Oluwasanmi},
title = {Examples Are Not Enough, Learn to Criticize! Criticism for Interpretability},
year = {2016},
booktitle = {Proceedings of the 30th International Conference on Neural Information Processing Systems},
pages = {2288–2296},
numpages = {9},
}

@article{lombrozo2006structure,
  title={The structure and function of explanations},
  author={Lombrozo, Tania},
  journal={Trends in cognitive sciences},
  volume={10},
  number={10},
  pages={464--470},
  year={2006},
}

@article{miller2019explanation,
  title={Explanation in artificial intelligence: Insights from the social sciences},
  author={Miller, Tim},
  journal={Artificial intelligence},
  volume={267},
  pages={1--38},
  year={2019},
}

@article{lee2022factuality,
  title={Factuality enhanced language models for open-ended text generation},
  author={Lee, Nayeon and Ping, Wei and Xu, Peng and Patwary, Mostofa and Fung, Pascale N and Shoeybi, Mohammad and Catanzaro, Bryan},
  journal={Advances in Neural Information Processing Systems},
  volume={35},
  pages={34586--34599},
  year={2022}
}

@article{ji2023survey,
  title={Survey of hallucination in natural language generation},
  author={Ji, Ziwei and Lee, Nayeon and Frieske, Rita and Yu, Tiezheng and Su, Dan and Xu, Yan and Ishii, Etsuko and Bang, Ye Jin and Madotto, Andrea and Fung, Pascale},
  journal={ACM Computing Surveys},
  volume={55},
  number={12},
  pages={1--38},
  year={2023},
  publisher={ACM New York, NY}
}

@inproceedings{dai-etal-2023-plausible,
    title = "Plausible May Not Be Faithful: Probing Object Hallucination in Vision-Language Pre-training",
    author = "Dai, Wenliang  and
      Liu, Zihan  and
      Ji, Ziwei  and
      Su, Dan  and
      Fung, Pascale",
    booktitle = "Proceedings of the 17th Conference of the European Chapter of the Association for Computational Linguistics",
    year = "2023",
    url = "https://aclanthology.org/2023.eacl-main.156",
    doi = "10.18653/v1/2023.eacl-main.156",
    pages = "2136--2148",
    
}

@inproceedings{kim2023help,
author = {Kim, Sunnie S. Y. and Watkins, Elizabeth Anne and Russakovsky, Olga and Fong, Ruth and Monroy-Hern\'{a}ndez, Andr\'{e}s},
title = {"Help Me Help the AI": Understanding How Explainability Can Support Human-AI Interaction},
year = {2023},
doi = {10.1145/3544548.3581001},
booktitle = {Proceedings of the 2023 CHI Conference on Human Factors in Computing Systems},
numpages = {17},
}

@inproceedings{papineni-etal-2002-bleu,
    title = "{B}leu: a Method for Automatic Evaluation of Machine Translation",
    author = "Papineni, Kishore  and
      Roukos, Salim  and
      Ward, Todd  and
      Zhu, Wei-Jing",
    booktitle = "Proceedings of the 40th Annual Meeting of the Association for Computational Linguistics",
    month = jul,
    year = "2002",
    address = "Philadelphia, Pennsylvania, USA",
    publisher = "Association for Computational Linguistics",
    url = "https://aclanthology.org/P02-1040",
    doi = "10.3115/1073083.1073135",
    pages = "311--318",
}
@inproceedings{lin-och-2004-automatic,
    title = "Automatic Evaluation of Machine Translation Quality Using Longest Common Subsequence and Skip-Bigram Statistics",
    author = "Lin, Chin-Yew  and
      Och, Franz Josef",
    booktitle = "Proceedings of the 42nd Annual Meeting of the Association for Computational Linguistics ({ACL}-04)",
    month = jul,
    year = "2004",
    address = "Barcelona, Spain",
    url = "https://aclanthology.org/P04-1077",
    doi = "10.3115/1218955.1219032",
    pages = "605--612",
}

@article{kelly1984wizard-of-oz,
author = {Kelley, J. F.},
title = {An Iterative Design Methodology for User-Friendly Natural Language Office Information Applications},
year = {1984},
publisher = {Association for Computing Machinery},
volume = {2},
number = {1},
doi = {10.1145/357417.357420},
journal = {ACM Transactions on Information Systems},
pages = {26–41},
numpages = {16}
}

 @misc{liu2023improvedllava,
          author={Liu, Haotian and Li, Chunyuan and Li, Yuheng and Lee, Yong Jae},
          title={Improved Baselines with Visual Instruction Tuning}, 
          publisher={arXiv:2310.03744},
          year={2023},
  }

  @inproceedings{liu2023llava,
    author      = {Liu, Haotian and Li, Chunyuan and Wu, Qingyang and Lee, Yong Jae},
    title       = {Visual Instruction Tuning},
    booktitle   = {NeurIPS},
    year        = {2023}
  }


@article{zheng2023does,
  title={Why does chatgpt fall short in answering questions faithfully?},
  author={Zheng, Shen and Huang, Jie and Chang, Kevin Chen-Chuan},
  journal={arXiv preprint arXiv:2304.10513},
  year={2023}
}

@inproceedings{berglund2024the,
title={The Reversal Curse: {LLM}s trained on {\textquotedblleft}A is B{\textquotedblright} fail to learn {\textquotedblleft}B is A{\textquotedblright}},
author={Lukas Berglund and Meg Tong and Maximilian Kaufmann and Mikita Balesni and Asa Cooper Stickland and Tomasz Korbak and Owain Evans},
booktitle={The Twelfth International Conference on Learning Representations},
year={2024},
}

@inproceedings{hellas2023exploring,
  title={Exploring the responses of large language models to beginner programmers’ help requests},
  author={Hellas, Arto and Leinonen, Juho and Sarsa, Sami and Koutcheme, Charles and Kujanp{\"a}{\"a}, Lilja and Sorva, Juha},
  booktitle={Proceedings of the 2023 ACM Conference on International Computing Education Research},
  pages={93--105},
  year={2023}
}

@article{hu2021lora,
  title={Lora: Low-rank adaptation of large language models},
  author={Hu, Edward J and Shen, Yelong and Wallis, Phillip and Allen-Zhu, Zeyuan and Li, Yuanzhi and Wang, Shean and Wang, Lu and Chen, Weizhu},
  journal={arXiv preprint arXiv:2106.09685},
  year={2021}
}

@inproceedings{wiegreffe-pinter-2019-attention,
    title = "Attention is not not Explanation",
    author = "Wiegreffe, Sarah  and
      Pinter, Yuval",
    booktitle = "Proceedings of the 2019 Conference on Empirical Methods in Natural Language Processing and the 9th International Joint Conference on Natural Language Processing (EMNLP-IJCNLP)",
    month = nov,
    year = "2019",
    address = "Hong Kong, China",
    publisher = "Association for Computational Linguistics",
    url = "https://aclanthology.org/D19-1002",
    doi = "10.18653/v1/D19-1002",
    pages = "11--20",
}

@article{jain2019attention,
  title={Attention is not explanation},
  author={Jain, Sarthak and Wallace, Byron C},
  journal={arXiv preprint arXiv:1902.10186},
  year={2019}
}

@article{wang2024gradient,
  title={Gradient based Feature Attribution in Explainable AI: A Technical Review},
  author={Wang, Yongjie and Zhang, Tong and Guo, Xu and Shen, Zhiqi},
  journal={arXiv preprint arXiv:2403.10415},
  year={2024}
}

@inproceedings{danilevsky-etal-2020-survey,
    title = "A Survey of the State of Explainable {AI} for Natural Language Processing",
    author = "Danilevsky, Marina  and
      Qian, Kun  and
      Aharonov, Ranit  and
      Katsis, Yannis  and
      Kawas, Ban  and
      Sen, Prithviraj",
    booktitle = "Proceedings of the 1st Conference of the Asia-Pacific Chapter of the Association for Computational Linguistics and the 10th International Joint Conference on Natural Language Processing",
    year = "2020",
    pages = "447--459",
}

@inproceedings{yin-neubig-2022-interpreting,
	title = "Interpreting Language Models with Contrastive Explanations",
	author = "Yin, Kayo  and
	  Neubig, Graham",
	booktitle = "Proceedings of the 2022 Conference on Empirical Methods in Natural Language Processing",
	year = "2022",
	pages = "184--198",
}

@article{meng2022generating,
  title={Generating training data with language models: Towards zero-shot language understanding},
  author={Meng, Yu and Huang, Jiaxin and Zhang, Yu and Han, Jiawei},
  journal={Advances in Neural Information Processing Systems},
  volume={35},
  pages={462--477},
  year={2022}
}

@inproceedings{ye-etal-2022-zerogen,
    title = "{Z}ero{G}en: Efficient Zero-shot Learning via Dataset Generation",
    author = "Ye, Jiacheng  and
      Gao, Jiahui  and
      Li, Qintong  and
      Xu, Hang  and
      Feng, Jiangtao  and
      Wu, Zhiyong  and
      Yu, Tao  and
      Kong, Lingpeng",
    booktitle = "Proceedings of the 2022 Conference on Empirical Methods in Natural Language Processing",
    year = "2022",
    doi = "10.18653/v1/2022.emnlp-main.801",
    pages = "11653--11669",
}

@article{zhang2024trade,
  title={On the trade-off of intra-/inter-class diversity for supervised pre-training},
  author={Zhang, Jieyu and Wang, Bohan and Hu, Zhengyu and Koh, Pang Wei W and Ratner, Alexander J},
  journal={Advances in Neural Information Processing Systems},
  volume={36},
  year={2024}
}

@article{kirk2021bias,
  title={Bias out-of-the-box: An empirical analysis of intersectional occupational biases in popular generative language models},
  author={Kirk, Hannah Rose and Jun, Yennie and Volpin, Filippo and Iqbal, Haider and Benussi, Elias and Dreyer, Frederic and Shtedritski, Aleksandar and Asano, Yuki},
  journal={Advances in neural information processing systems},
  volume={34},
  pages={2611--2624},
  year={2021}
}

@inproceedings{esiobu2023robbie,
  title={ROBBIE: Robust bias evaluation of large generative language models},
  author={Esiobu, David and Tan, Xiaoqing and Hosseini, Saghar and Ung, Megan and Zhang, Yuchen and Fernandes, Jude and Dwivedi-Yu, Jane and Presani, Eleonora and Williams, Adina and Smith, Eric},
  booktitle={Proceedings of the 2023 Conference on Empirical Methods in Natural Language Processing},
  pages={3764--3814},
  year={2023}
}

@article{guo2024generative,
  title={Generative AI for Synthetic Data Generation: Methods, Challenges and the Future},
  author={Guo, Xu and Chen, Yiqiang},
  journal={arXiv preprint arXiv:2403.04190},
  year={2024}
}

@inproceedings{gao2023selfguided,
title={Self-Guided Noise-Free Data Generation for Efficient Zero-Shot Learning},
author={Jiahui Gao and Renjie Pi and LIN Yong and Hang Xu and Jiacheng Ye and Zhiyong Wu and WEIZHONG ZHANG and Xiaodan Liang and Zhenguo Li and Lingpeng Kong},
booktitle={The Eleventh International Conference on Learning Representations },
year={2023},
url={https://openreview.net/forum?id=h5OpjGd_lo6}
}

@inproceedings{meng2023tuning,
  title={Tuning language models as training data generators for augmentation-enhanced few-shot learning},
  author={Meng, Yu and Michalski, Martin and Huang, Jiaxin and Zhang, Yu and Abdelzaher, Tarek and Han, Jiawei},
  booktitle={International Conference on Machine Learning},
  pages={24457--24477},
  year={2023},
}

@inproceedings{ye2022progen,
    title = "{P}ro{G}en: Progressive Zero-shot Dataset Generation via In-context Feedback",
    author = "Ye, Jiacheng  and
      Gao, Jiahui  and
      Wu, Zhiyong  and
      Feng, Jiangtao  and
      Yu, Tao  and
      Kong, Lingpeng",
    booktitle = "Findings of the Association for Computational Linguistics: EMNLP 2022",
    year = "2022",
    url = "https://aclanthology.org/2022.findings-emnlp.269",
    doi = "10.18653/v1/2022.findings-emnlp.269",
    pages = "3671--3683",
}

@article{huang2023survey,
  title={A survey on hallucination in large language models: Principles, taxonomy, challenges, and open questions},
  author={Huang, Lei and Yu, Weijiang and Ma, Weitao and Zhong, Weihong and Feng, Zhangyin and Wang, Haotian and Chen, Qianglong and Peng, Weihua and Feng, Xiaocheng and Qin, Bing and others},
  journal={arXiv preprint arXiv:2311.05232},
  year={2023}
}

@article{davis1989perceived,
 author = {Fred D. Davis},
 journal = {MIS Quarterly},
 number = {3},
 pages = {319--340},
 title = {Perceived Usefulness, Perceived Ease of Use, and User Acceptance of Information Technology},
 volume = {13},
 year = {1989}
}

@inproceedings{devlin2019bert,
    title = "{BERT}: Pre-training of Deep Bidirectional Transformers for Language Understanding",
    author = "Devlin, Jacob  and
      Chang, Ming-Wei  and
      Lee, Kenton  and
      Toutanova, Kristina",
    booktitle = "Proceedings of the 2019 Conference of the North {A}merican Chapter of the Association for Computational Linguistics: Human Language Technologies",
    month = jun,
    year = "2019",
    url = "https://aclanthology.org/N19-1423",
    doi = "10.18653/v1/N19-1423",
    pages = "4171--4186",
}

@inproceedings{cheng2019explaining,
  title={Explaining decision-making algorithms through {UI}: Strategies to help non-expert stakeholders},
  author={Cheng, Hao-Fei and Wang, Ruotong and Zhang, Zheng and O'connell, Fiona and Gray, Terrance and Harper, F Maxwell and Zhu, Haiyi},
  booktitle={Proceedings of the 2019 CHI conference on human factors in computing systems},
  pages={1--12},
  year={2019}
}

@inproceedings{evaluating2017yang,
	title = {Evaluating Effects of User Experience and System Transparency on Trust in Automation},
	doi = {10.1145/2909824.3020230},
	booktitle = {Proceedings of the 2017 ACM/IEEE International Conference on Human-Robot Interaction},
	author = {Yang, X. Jessie and Unhelkar, Vaibhav V. and Li, Kevin and Shah, Julie A.},
	year = {2017},
	pages = {408--416},

}

@article{hoffman2018metrics,
  title={Metrics for explainable {AI}: {Challenges} and prospects},
  author={Hoffman, Robert R and Mueller, Shane T and Klein, Gary and Litman, Jordan},
  journal={arXiv preprint arXiv:1812.04608},
  year={2018},
}

@inproceedings{lim2009why,
  title={Why and why not explanations improve the intelligibility of context-aware intelligent systems},
  author={Lim, Brian Y and Dey, Anind K and Avrahami, Daniel},
  booktitle={Proceedings of the SIGCHI conference on human factors in computing systems},
  pages={2119--2128},
  year={2009}
}
@article{mcknight1998initial,
  title={Initial trust formation in new organizational relationships},
  author={McKnight, D Harrison and Cummings, Larry L and Chervany, Norman L},
  journal={Academy of Management review},
  volume={23},
  number={3},
  pages={473--490},
  year={1998},
  publisher={Academy of Management Briarcliff Manor, NY 10510}
}

@inproceedings{Adebayo2018SanityChecks,
 author = {Adebayo, Julius and Gilmer, Justin and Muelly, Michael and Goodfellow, Ian and Hardt, Moritz and Kim, Been},
 booktitle = {Advances in Neural Information Processing Systems},
 pages = {9525-9536},
 title = {Sanity Checks for Saliency Maps},
 year = {2018}
}

@article{Kindermans2019,
author="Kindermans, Pieter-Jan
and Hooker, Sara
and Adebayo, Julius
and Alber, Maximilian
and Sch{\"u}tt, Kristof T.
and D{\"a}hne, Sven
and Erhan, Dumitru
and Kim, Been",
title="The (Un)reliability of Saliency Methods",
journal="Explainable {AI}: Interpreting, Explaining and Visualizing Deep Learning",
year="2019",
pages="267--280"
}

@inproceedings{jacovi2020towards,
    title = "Towards Faithfully Interpretable {NLP} Systems: How Should We Define and Evaluate Faithfulness?",
    author = "Jacovi, Alon  and
      Goldberg, Yoav",
    booktitle = "Proceedings of the 58th Annual Meeting of the Association for Computational Linguistics",
    year = "2020",
    pages = "4198--4205",
}

@article{pcnn2024nguyen,
  title={PCNN: Probable-Class Nearest-Neighbor Explanations Improve Fine-Grained Image Classification Accuracy for AIs and Humans},
  author={Nguyen, Giang and Chen, Valerie and Taesiri, Mohammad Reza and Nguyen, Anh Totti },
  journal={arXiv preprint arXiv:2308.13651},
  year={2024},
}

@inproceedings{kokalj2021bertShapley,
    title = "{BERT} meets Shapley: Extending {SHAP} Explanations to Transformer-based Classifiers",
    author = "Kokalj, Enja  and
      {\v{S}}krlj, Bla{\v{z}}  and
      Lavra{\v{c}}, Nada  and
      Pollak, Senja  and
      Robnik-{\v{S}}ikonja, Marko",
    booktitle = "Proceedings of the EACL Hackashop on News Media Content Analysis and Automated Report Generation",
    year = "2021",
    url = "https://aclanthology.org/2021.hackashop-1.3",
    pages = "16--21",
}

@inproceedings{ye2021connecting,
    title = "Connecting Attributions and {QA} Model Behavior on Realistic Counterfactuals",
    author = "Ye, Xi  and
      Nair, Rohan  and
      Durrett, Greg",
    booktitle = "Proceedings of the 2021 Conference on Empirical Methods in Natural Language Processing",
    year = "2021",
    doi = "10.18653/v1/2021.emnlp-main.447",
    pages = "5496--5512",
}

@inproceedings{ross2021explaining,
    title = "Explaining {NLP} Models via Minimal Contrastive Editing ({M}i{CE})",
    author = "Ross, Alexis  and
      Marasovi{\'c}, Ana  and
      Peters, Matthew",
    booktitle = "Findings of the Association for Computational Linguistics: ACL-IJCNLP 2021",
    month = aug,
    year = "2021",
    doi = "10.18653/v1/2021.findings-acl.336",
    pages = "3840--3852",
}

@inproceedings{wu2021polyjuice,
    title = "Polyjuice: Generating Counterfactuals for Explaining, Evaluating, and Improving Models",
    author = "Wu, Tongshuang  and
      Ribeiro, Marco Tulio  and
      Heer, Jeffrey  and
      Weld, Daniel",
    booktitle = "Proceedings of the 59th Annual Meeting of the Association for Computational Linguistics and the 11th International Joint Conference on Natural Language Processing (Volume 1: Long Papers)",
    month = aug,
    year = "2021",
    url = "https://aclanthology.org/2021.acl-long.523",
    doi = "10.18653/v1/2021.acl-long.523",
    pages = "6707--6723",
}

@inproceedings{li2016visualizing,
    title = "Visualizing and Understanding Neural Models in {NLP}",
    author = "Li, Jiwei  and
      Chen, Xinlei  and
      Hovy, Eduard  and
      Jurafsky, Dan",
    booktitle = "Proceedings of the 2016 Conference of the North {A}merican Chapter of the Association for Computational Linguistics: Human Language Technologies",
    year = "2016",
    url = "https://aclanthology.org/N16-1082",
    doi = "10.18653/v1/N16-1082",
    pages = "681--691",
}

@inproceedings{guo2021fastif,
    title = "{F}ast{IF}: Scalable Influence Functions for Efficient Model Interpretation and Debugging",
    author = "Guo, Han  and
      Rajani, Nazneen  and
      Hase, Peter  and
      Bansal, Mohit  and
      Xiong, Caiming",
    booktitle = "Proceedings of the 2021 Conference on Empirical Methods in Natural Language Processing",
    year = "2021",
    url = "https://aclanthology.org/2021.emnlp-main.808",
    doi = "10.18653/v1/2021.emnlp-main.808",
    pages = "10333--10350",
}

@inproceedings{koh2017understanding,
  title={Understanding black-box predictions via influence functions},
  author={Koh, Pang Wei and Liang, Percy},
  booktitle={International conference on machine learning},
  pages={1885--1894},
  year={2017},
  organization={PMLR}
}

@article{grosse2023studying,
  title={Studying large language model generalization with influence functions},
  author={Grosse, Roger and Bae, Juhan and Anil, Cem and Elhage, Nelson and Tamkin, Alex and Tajdini, Amirhossein and Steiner, Benoit and Li, Dustin and Durmus, Esin and Perez, Ethan and others},
  journal={arXiv preprint arXiv:2308.03296},
  year={2023}
}

@article{davis1989user,
  title={User acceptance of computer technology: A comparison of two theoretical models},
  author={Davis, Fred D and Bagozzi, Richard P and Warshaw, Paul R},
  journal={Management science},
  volume={35},
  number={8},
  pages={982--1003},
  year={1989},
}

@article{diop2019extension,
  title={An extension of the technology acceptance model for understanding travelers’ adoption of variable message signs},
  author={Diop, El Bachir and Zhao, Shengchuan and Duy, Tran Van},
  journal={PLoS one},
  volume={14},
  number={4},
  year={2019},
}

@article{muir1996trust,
  title={Trust in automation. Part {II}. {Experimental} studies of trust and human intervention in a process control simulation},
  author={Muir, Bonnie M and Moray, Neville},
  journal={Ergonomics},
  volume={39},
  number={3},
  pages={429--460},
  year={1996},
}

@article{Tita2022Systematic,
author = {Tita Alissa Bach and Amna Khan and Harry Hallock and Gabriela Beltrão and Sonia Sousa},
title = {A Systematic Literature Review of User Trust in {AI}-Enabled Systems: An {HCI} Perspective},
journal = {International Journal of Human–Computer Interaction},
volume = {0},
number = {0},
pages = {1-16},
year = {2022},
publisher = {Taylor & Francis},
doi = {10.1080/10447318.2022.2138826},

}

@article{sebo2020influence,
  title={The influence of robot verbal support on human team members: Encouraging outgroup contributions and suppressing ingroup supportive behavior},
  author={Sebo, Sarah and Dong, Ling Liang and Chang, Nicholas and Lewkowicz, Michal and Schutzman, Michael and Scassellati, Brian},
  journal={Frontiers in Psychology},
  pages={3584},
  year={2020},
  publisher={Frontiers}
}

@article{seaborn2021voice,
author = {Seaborn, Katie and Miyake, Norihisa P. and Pennefather, Peter and Otake-Matsuura, Mihoko},
title = {Voice in Human–Agent Interaction: A Survey},
year = {2021},
volume = {54},
number = {4},
doi = {10.1145/3386867},
journal = {ACM Computing Surveys},
numpages = {43},
}

@article{doshi2017towards,
  title={Towards a rigorous science of interpretable machine learning},
  author={Doshi-Velez, Finale and Kim, Been},
  journal={arXiv preprint arXiv:1702.08608},
  year={2017}
}

@article{vorm2022Integrating,
author = {E. S. Vorm and David J. Y. Combs},
title = {Integrating Transparency, Trust, and Acceptance: The Intelligent Systems Technology Acceptance Model (ISTAM)},
journal = {International Journal of Human–Computer Interaction},
volume = {38},
number = {18-20},
pages = {1828-1845},
year = {2022},
doi = {10.1080/10447318.2022.2070107},

}

@article{Andrew2023Explainable,
author = {Andrew Silva and Mariah Schrum and Erin Hedlund-Botti and Nakul Gopalan and Matthew Gombolay},
title = {Explainable Artificial Intelligence: {Evaluating} the Objective and Subjective Impacts of {XAI} on Human-Agent Interaction},
journal = {International Journal of Human–Computer Interaction},
volume = {39},
number = {7},
pages = {1390-1404},
year = {2023},
doi = {10.1080/10447318.2022.2101698},
}

@article{anderson2004model,
  title={Model selection and multi-model inference},
  author={Anderson, D and Burnham, K},
  journal={Springer-Verlag},
  volume={63},
  pages={512},
  year={2004}
}

@article{kappa,
author = {Joseph L. Fleiss and Jacob Cohen},
title ={The Equivalence of Weighted Kappa and the Intraclass Correlation Coefficient as Measures of Reliability},
journal = {Educational and Psychological Measurement},
volume = {33},
number = {3},
pages = {613-619},
year = {1973},
URL = {https://doi.org/10.1177/001316447303300309},

}

@article{wang2024gradient,
  title={Gradient based Feature Attribution in Explainable AI: A Technical Review},
  author={Wang, Yongjie and Zhang, Tong and Guo, Xu and Shen, Zhiqi},
  journal={arXiv preprint arXiv:2403.10415},
  year={2024}
}

@article{nguyen2024allowing,
  title={Allowing humans to interactively guide machines where to look does not always improve a human-AI team's classification accuracy},
  author={Nguyen, Giang and Taesiri, Mohammad Reza and Kim, Sunnie SY and Nguyen, Anh},
  journal={arXiv preprint arXiv:2404.05238},
  year={2024}
}