@string{CVPR={Computer Vision and Pattern Recognition}}
@string{ICCV={International Conference on Computer Vision}}
@string{ECCV={European Conference on Computer Vision}}
@string{ICIP={International Conference on Image Processing}}
@string{TIP={Transactions on Image Processing}}
@string{IVC={Image and Vision Computing}}
@string{ICML={International Conference on Machine Learning}}
@string{ICLR={International Conference on Learning Representations}}
@string{NIPS={Neural Information Processing Systems}}
@string{ICMR={International Conference on Multimedia Retrieval}}
@string{IJCAI={International Joint Conference on Artificial Intelligence}}
@string{AAAI={AAAI Conference on Artificial Intelligence}}
@string{SIGKDD={ACM SIGKDD Conference on Knowledge Discovery and Data Mining}}
@string{ICRA={International Conference on Robotics and Automation}}
@string{ICPR={International Conference on Pattern Recognition}}
@string{ICDE={International Conference on Data Engineering}}
@string{STOC={Symposium on Theory of Computing}}
@string{SODA={Symposium on Discrete Algorithms}}
@string{FOCS={Symposium on Foundations of Computer Science}}

@string{IJCV={International Journal of Computer Vision}}
@string{PAMI={Transactions on Pattern Analysis Machine Intelligence}}
@string{TNN={Transactions on Neural Networks}}
@string{TNNLS={Transactions on Neural Network Learning Systems}}
@string{CYB={Transactions on Cybernetics}}
@string{EJOR={European Journal on Operational Research}}
@string{PR={Pattern Recognition}}
@string{PRL={Pattern Recognition Letters}}
@string{TCSVT={Transactions on Circuits and Systems for Video Technology}}

@inproceedings{guu2020retrieval,
  title={Retrieval augmented language model pre-training},
  author={Guu, Kelvin and Lee, Kenton and Tung, Zora and Pasupat, Panupong and Chang, Mingwei},
  booktitle={International conference on machine learning},
  pages={3929--3938},
  year={2020},
  organization={PMLR}
}

@article{lewis2020retrieval,
  title={Retrieval-augmented generation for knowledge-intensive nlp tasks},
  author={Lewis, Patrick and Perez, Ethan and Piktus, Aleksandra and Petroni, Fabio and Karpukhin, Vladimir and Goyal, Naman and K{\"u}ttler, Heinrich and Lewis, Mike and Yih, Wen-tau and Rockt{\"a}schel, Tim and others},
  journal={Advances in Neural Information Processing Systems},
  volume={33},
  pages={9459--9474},
  year={2020}
}

@article{li2024retrieval,
  title={Retrieval Augmented Protein Language Models for Protein Structure Prediction},
  author={Li, Pan and Cheng, Xingyi and Song, Le and Xing, Eric P},
  journal={bioRxiv},
  pages={2024--12},
  year={2024},
  publisher={Cold Spring Harbor Laboratory}
}

@Article{ChemLLM,
author={M. Bran, Andres
and Cox, Sam
and Schilter, Oliver
and Baldassari, Carlo
and White, Andrew D.
and Schwaller, Philippe},
title={Augmenting large language models with chemistry tools},
journal={Nature Machine Intelligence},
year={2024},
month={May},
day={01},
volume={6},
number={5},
pages={525-535},
abstract={Large language models (LLMs) have shown strong performance in tasks across domains but struggle with chemistry-related problems. These models also lack access to external knowledge sources, limiting their usefulness in scientific applications. We introduce ChemCrow, an LLM chemistry agent designed to accomplish tasks across organic synthesis, drug discovery and materials design. By integrating 18 expert-designed tools and using GPT-4 as the LLM, ChemCrow augments the LLM performance in chemistry, and new capabilities emerge. Our agent autonomously planned and executed the syntheses of an insect repellent and three organocatalysts and guided the discovery of a novel chromophore. Our evaluation, including both LLM and expert assessments, demonstrates ChemCrow's effectiveness in automating a diverse set of chemical tasks. Our work not only aids expert chemists and lowers barriers for non-experts but also fosters scientific advancement by bridging the gap between experimental and computational chemistry.},
issn={2522-5839},
doi={10.1038/s42256-024-00832-8},
url={https://doi.org/10.1038/s42256-024-00832-8}
}


@misc{LLMDrug, title={Chatgpt or LLM in next-Generation Drug Discovery and development: Pharmaceutical and biotechnology companies can make use of the artificial intelligence-based device for a faster way of drug discovery and development}, url={https://pmc.ncbi.nlm.nih.gov/articles/PMC10720782/}, journal={International journal of surgery (London, England)}, publisher={U.S. National Library of Medicine}, author={Pal, Soumen and Bhattacharya, Manojit and Islam, Md Aminul and Chakraborty, Chiranjib}, year={2023}, month={Dec}} 

@article{shaw2024protex,
  title={ProtEx: A Retrieval-Augmented Approach for Protein Function Prediction},
  author={Shaw, Peter and Gurram, Bhaskar and Belanger, David and Gane, Andreea and Bileschi, Maxwell L and Colwell, Lucy J and Toutanova, Kristina and Parikh, Ankur P},
  journal={bioRxiv},
  pages={2024--05},
  year={2024},
  publisher={Cold Spring Harbor Laboratory}
}

@article{jumper2021alphafold,
  title={Highly accurate protein structure prediction with AlphaFold},
  author={Jumper, John and Evans, Richard and Pritzel, Alexander and Green, Tim and Figurnov, Michael and Ronneberger, Olaf and Tunyasuvunakool, Kathryn and Bates, Russ and {\v{Z}}{\'\i}dek, Augustin and Potapenko, Anna and others},
  journal={Nature},
  volume={596},
  number={7873},
  pages={583--589},
  year={2021},
  publisher={Nature Publishing Group}
}

@article{zhang2024rag2mol,
  title={Rag2Mol: Structure-based drug design based on Retrieval Augmented Generation},
  author={Zhang, Pei-Dong and Peng, Xingang and Han, Rong and Chen, Ting and Ma, Jianzhu},
  journal={bioRxiv},
  pages={2024--10},
  year={2024},
  publisher={Cold Spring Harbor Laboratory}
}

@inproceedings{huang2024interaction,
  title={Interaction-based Retrieval-augmented Diffusion Models for Protein-specific 3D Molecule Generation},
  author={Huang, Zhilin and Yang, Ling and Zhou, Xiangxin and Qin, Chujun and Yu, Yijie and Zheng, Xiawu and Zhou, Zikun and Zhang, Wentao and Wang, Yu and Yang, Wenming},
  booktitle={International Conferencee on Machine Learning},
  year={2024}
}
@article{griffen2011matched,
  title={Matched molecular pairs as a medicinal chemistry tool: miniperspective},
  author={Griffen, Ed and Leach, Andrew G and Robb, Graeme R and Warner, Daniel J},
  journal={Journal of medicinal chemistry},
  volume={54},
  number={22},
  pages={7739--7750},
  year={2011},
  publisher={ACS Publications}
}
@article{lee2024molecule,
  title={Molecule Generation with Fragment Retrieval Augmentation},
  author={Lee, Seul and Kreis, Karsten and Veccham, Srimukh Prasad and Liu, Meng and Reidenbach, Danny and Paliwal, Saee and Vahdat, Arash and Nie, Weili},
  journal={arXiv preprint arXiv:2411.12078},
  year={2024}
}

@article{buehler2024generative,
  title={Generative retrieval-augmented ontologic graph and multiagent strategies for interpretive large language model-based materials design},
  author={Buehler, Markus J},
  journal={ACS Engineering Au},
  volume={4},
  number={2},
  pages={241--277},
  year={2024},
  publisher={ACS Publications}
}

@inproceedings{ZanfirCVPR18,
author = {A. Zanfir and C. Sminchisescu},
title = {Deep Learning of Graph Matching},
booktitle = CVPR,
  pages={2684--2693},
  year={2018}
}

@inproceedings{LeordeanuNIPS09,
author={Leordeanu, Marius and Hebert, Martial and Sukthankar, Rahul},
title = {An integer projected fixed point method for graph matching and map inference},
booktitle = NIPS,
pages={1114--1122},
year={2009},
}

@inproceedings{ChoICCV13,
  author={Cho, Minsu and Alahari, Karteek and Ponce, Jean},
title = {Learning Graphs to Match},
booktitle = ICCV,
  pages={25--32},
  year={2013}}

@article{Paszke2017AutomaticPytorch,
  title={Automatic differentiation in pytorch},
  author={Paszke, Adam and Gross, Sam and Chintala, Soumith and Chanan, Gregory and Yang, Edward and DeVito, Zachary and Lin, Zeming and Desmaison, Alban and Antiga, Luca and Lerer, Adam},
  year={2017}
}

@inproceedings{Wang2019,
   title={Learning Combinatorial Embedding Networks for Deep Graph Matching},
   url={http://dx.doi.org/10.1109/ICCV.2019.00315},
   DOI={10.1109/iccv.2019.00315},
   booktitle={2019 IEEE/CVF International Conference on Computer Vision (ICCV)},
   publisher={IEEE},
   author={Wang, Runzhong and Yan, Junchi and Yang, Xiaokang},
   year={2019},
   month=oct }

@Article{Malod-Dognin2017,
author={Malod-Dognin, No{\"e}l
and Ban, Kristina
and Pr{\v{z}}ulj, Nata{\v{s}}a},
title={Unified Alignment of Protein-Protein Interaction Networks},
journal={Scientific Reports},
year={2017},
month={Apr},
day={19},
volume={7},
number={1},
pages={953},
abstract={Paralleling the increasing availability of protein-protein interaction (PPI) network data, several network alignment methods have been proposed. Network alignments have been used to uncover functionally conserved network parts and to transfer annotations. However, due to the computational intractability of the network alignment problem, aligners are heuristics providing divergent solutions and no consensus exists on a gold standard, or which scoring scheme should be used to evaluate them. We comprehensively evaluate the alignment scoring schemes and global network aligners on large scale PPI data and observe that three methods, HUBALIGN, L-GRAAL and NATALIE, regularly produce the most topologically and biologically coherent alignments. We study the collective behaviour of network aligners and observe that PPI networks are almost entirely aligned with a handful of aligners that we unify into a new tool, Ulign. Ulign enables complete alignment of two networks, which traditional global and local aligners fail to do. Also, multiple mappings of Ulign define biologically relevant soft clusterings of proteins in PPI networks, which may be used for refining the transfer of annotations across networks. Hence, PPI networks are already well investigated by current aligners, so to gain additional biological insights, a paradigm shift is needed. We propose such a shift come from aligning all available data types collectively rather than any particular data type in isolation from others.},
issn={2045-2322},
doi={10.1038/s41598-017-01085-9},
url={https://doi.org/10.1038/s41598-017-01085-9}
}


@article{WangPAMI21,
  title={Neural Graph Matching Network: Learning Lawler's Quadratic Assignment Problem with Extension to Hypergraph and Multiple-graph Matching},
  author={Runzhong Wang and Junchi Yan and Xiaokang Yang},
  journal=PAMI,
  year={2022},
  volume={44},
  number = {9},
  pages={5261--5279}
}

@ARTICLE{WangPAMI20,  
author={R. {Wang} and J. {Yan} and X. {Yang}},  journal=PAMI,   title={Combinatorial Learning of Robust Deep Graph Matching: an Embedding based Approach},   
year={2020}
}

@inproceedings{YuICLR20,
  title={Learning deep graph matching with channel-independent embedding and Hungarian attention},
  author={Yu, Tianshu and Wang, Runzhong and Yan, Junchi and Li, Baoxin},
  booktitle=ICLR,
  year={2020}
}

@inproceedings{LiICML19,
  title={Graph Matching Networks for Learning the Similarity of Graph Structured Objects},
  author={Li, Yujia and Gu, Chenjie and Dullien, Thomas and Vinyals, Oriol and Kohli, Pushmeet},
  booktitle={International Conference on Machine Learning},
  pages={3835--3845},
  year={2019}
}

@article{jiang2021could,
  title={Could graph neural networks learn better molecular representation for drug discovery? A comparison study of descriptor-based and graph-based models},
  author={Jiang, Dejun and Wu, Zhenxing and Hsieh, Chang-Yu and Chen, Guangyong and Liao, Ben and Wang, Zhe and Shen, Chao and Cao, Dongsheng and Wu, Jian and Hou, Tingjun},
  journal={Journal of cheminformatics},
  volume={13},
  pages={1--23},
  year={2021},
  publisher={Springer}
}

@article{wang2024pygmtools,
  title={Pygmtools: A python graph matching toolkit},
  author={Wang, Runzhong and Guo, Ziao and Pan, Wenzheng and Ma, Jiale and Zhang, Yikai and Yang, Nan and Liu, Qi and Wei, Longxuan and Zhang, Hanxue and Liu, Chang and others},
  journal={Journal of Machine Learning Research},
  volume={25},
  pages={1--7},
  year={2024}
}

@article{LawlerMS63,
author = {E. L. Lawler},
title = {The quadratic assignment problem},
journal = {Management Science},
  volume={9},
  number={4},
  pages={586--599},
  year={1963},
  publisher={INFORMS}
}

@article{LoiolaEJOR07,
  title={A survey for the quadratic assignment problem},
  author={Loiola, Eliane Maria and de Abreu, Nair Maria Maia and Boaventura-Netto, Paulo Oswaldo and Hahn, Peter and Querido, Tania},
  journal=EJOR,
  volume={176},
  number={2},
  pages={657--690},
  year={2007},
  publisher={Elsevier}
}

@inproceedings{ChoECCV10,
  title={Reweighted random walks for graph matching},
  author={Cho, Minsu and Lee, Jungmin and Lee, Kyoung Mu},
  booktitle=ECCV,
  pages={492--505},
  year={2010},
}

@article{KushinskySIAM19,
	title = {Sinkhorn Algorithm for Lifted Assignment Problems},
	volume = {12},
	pages = {716--735},
	number = {2},
	shortjournal = {{SIAM} J. Imaging Sci.},
	author = {Kushinsky, Yam and Maron, Haggai and Dym, Nadav and Lipman, Yaron},
	year = {2019},
}

@article{tian2021ubiquitous,
  title={A ubiquitous tire rubber--derived chemical induces acute mortality in coho salmon},
  author={Tian, Zhenyu and Zhao, Haoqi and Peter, Katherine T and Gonzalez, Melissa and Wetzel, Jill and Wu, Christopher and Hu, Ximin and Prat, Jasmine and Mudrock, Emma and Hettinger, Rachel and others},
  journal={Science},
  volume={371},
  number={6525},
  pages={185--189},
  year={2021},
  publisher={American Association for the Advancement of Science}
}

@article{dang2009cancer,
  title={Cancer-associated IDH1 mutations produce 2-hydroxyglutarate},
  author={Dang, Lenny and White, David W and Gross, Stefan and Bennett, Bryson D and Bittinger, Mark A and Driggers, Edward M and Fantin, Valeria R and Jang, Hyun Gyung and Jin, Shengfang and Keenan, Marie C and others},
  journal={Nature},
  volume={462},
  number={7274},
  pages={739--744},
  year={2009},
  publisher={Nature Publishing Group UK London}
}

@article{quinn2020global,
  title={Global chemical effects of the microbiome include new bile-acid conjugations},
  author={Quinn, Robert A and Melnik, Alexey V and Vrbanac, Alison and Fu, Ting and Patras, Kathryn A and Christy, Mitchell P and Bodai, Zsolt and Belda-Ferre, Pedro and Tripathi, Anupriya and Chung, Lawton K and others},
  journal={Nature},
  volume={579},
  number={7797},
  pages={123--129},
  year={2020},
  publisher={Nature Publishing Group UK London}
}

@article{bittremieux2022critical,
  title={The critical role that spectral libraries play in capturing the metabolomics community knowledge},
  author={Bittremieux, Wout and Wang, Mingxun and Dorrestein, Pieter C},
  journal={Metabolomics},
  volume={18},
  number={12},
  pages={94},
  year={2022},
  publisher={Springer}
}

@article{goldman2023mist,
  title={Annotating metabolite mass spectra with domain-inspired chemical formula transformers},
  author={Goldman, Samuel and Wohlwend, Jeremy and Stra{\v{z}}ar, Martin and Haroush, Guy and Xavier, Ramnik J and Coley, Connor W},
  journal={Nature Machine Intelligence},
  volume={5},
  number={9},
  pages={965--979},
  year={2023},
  publisher={Nature Publishing Group UK London}
}

@article{goldman2023scarf,
  title={Prefix-tree decoding for predicting mass spectra from molecules},
  author={Goldman, Samuel and Bradshaw, John and Xin, Jiayi and Coley, Connor},
  journal={Advances in Neural Information Processing Systems},
  volume={36},
  pages={48548--48572},
  year={2023}
}

@article{goldman2024iceberg,
  title={Generating molecular fragmentation graphs with autoregressive neural networks},
  author={Goldman, Samuel and Li, Janet and Coley, Connor W},
  journal={Analytical Chemistry},
  volume={96},
  number={8},
  pages={3419--3428},
  year={2024},
  publisher={ACS Publications}
}

@article{allen2015cfm-id,
  title={Competitive fragmentation modeling of ESI-MS/MS spectra for putative metabolite identification},
  author={Allen, Felicity and Greiner, Russ and Wishart, David},
  journal={Metabolomics},
  volume={11},
  pages={98--110},
  year={2015},
  publisher={Springer}
}

@article{MAGMA,
  title={Automatic Compound Annotation from Mass Spectrometry Data Using MAGMa},
  author={Lars Ridder and Justin J. J. van der Hooft and Stefan Verhoeven},
  journal={Mass Spectrometry},
  volume={3},
  number={Special\_Issue\_2},
  pages={S0033-S0033},
  year={2014},
  doi={10.5702/massspectrometry.S0033}
}

@article{wang2021cfm-id4,
  title={CFM-ID 4.0: more accurate ESI-MS/MS spectral prediction and compound identification},
  author={Wang, Fei and Liigand, Jaanus and Tian, Siyang and Arndt, David and Greiner, Russell and Wishart, David S},
  journal={Analytical chemistry},
  volume={93},
  number={34},
  pages={11692--11700},
  year={2021},
  publisher={ACS Publications}
}

@article{scarselli2008graph,
  title={The graph neural network model},
  author={Scarselli, Franco and Gori, Marco and Tsoi, Ah Chung and Hagenbuchner, Markus and Monfardini, Gabriele},
  journal={Transactions on Neural Networks},
  volume={20},
  number={1},
  pages={61--80},
  year={2008},
  publisher={IEEE}
}

@article{SinkhornAMS64,
author = {R. Sinkhorn and A. Rangarajan},
title = {A relationship between arbitrary positive matrices and doubly stochastic matrices},
journal = {Ann. Math. Statistics},
year = 1964,
volume = 35,
number = 2,
pages={876--879},
}

@article{Kuhn1955Hungarian,
  title={The Hungarian method for the assignment problem},
  author={Kuhn, Harold W},
  journal={Naval research logistics quarterly},
  volume={2},
  number={1-2},
  pages={83--97},
  year={1955},
  publisher={Wiley Online Library}
}

@article{van2024spectroscopic,
  title={A spectroscopic test suggests that fragment ion structure annotations in MS/MS libraries are frequently incorrect},
  author={van Tetering, Lara and Spies, Sylvia and Wildeman, Quirine DK and Houthuijs, Kas J and van Outersterp, Rianne E and Martens, Jonathan and Wevers, Ron A and Wishart, David S and Berden, Giel and Oomens, Jos},
  journal={Communications Chemistry},
  volume={7},
  number={1},
  pages={30},
  year={2024},
  publisher={Nature Publishing Group UK London}
}

@article{wang2016gnps,
  title={Sharing and community curation of mass spectrometry data with Global Natural Products Social Molecular Networking},
  author={Wang, Mingxun and Carver, Jeremy J and Phelan, Vanessa V and Sanchez, Laura M and Garg, Neha and Peng, Yao and Nguyen, Don Duy and Watrous, Jeramie and Kapono, Clifford A and Luzzatto-Knaan, Tal and others},
  journal={Nature biotechnology},
  volume={34},
  number={8},
  pages={828--837},
  year={2016},
  publisher={Nature Publishing Group US New York}
}

@misc{nist_database,
  title        = {{NIST} Standard Reference Database},
  author       = {NIST},
  year         = {2020},
  howpublished = {National Institute of Standards {and} Technology},
  url          = {https://www.nist.gov/srd},
}

@article{shahneh2024modifinder,
  title={ModiFinder: Tandem Mass Spectral Alignment Enables Structural Modification Site Localization},
  author={Shahneh, Mohammad Reza Zare and Strobel, Michael and Vitale, Giovanni Andrea and Geibel, Christian and Abiead, Yasin El and Garg, Neha and Wagner, Berenike and Forchhammer, Karl and Aron, Allegra and Phelan, Vanessa V and others},
  journal={Journal of the American Society for Mass Spectrometry},
  year={2024},
  publisher={ACS Publications}
}

@article{zhang2021nested,
  title={Nested graph neural networks},
  author={Zhang, Muhan and Li, Pan},
  journal={Advances in Neural Information Processing Systems},
  volume={34},
  pages={15734--15747},
  year={2021}
}

@article{young2024massformer,
  title={Tandem mass spectrum prediction for small molecules using graph transformers},
  author={Young, Adamo and R{\"o}st, Hannes and Wang, Bo},
  journal={Nature Machine Intelligence},
  volume={6},
  number={4},
  pages={404--416},
  year={2024},
  publisher={Nature Publishing Group UK London}
}

@article{young2024fragnnet,
  title={FraGNNet: A Deep Probabilistic Model for Mass Spectrum Prediction},
  author={Young, Adamo and Wang, Fei and Wishart, David and Wang, Bo and R{\"o}st, Hannes and Greiner, Russ},
  journal={arXiv preprint arXiv:2404.02360},
  year={2024}
}

@article{zhu2020using,
  title={Using graph neural networks for mass spectrometry prediction},
  author={Zhu, Hao and Liu, Liping and Hassoun, Soha},
  journal={arXiv preprint arXiv:2010.04661},
  year={2020}
}

@article{hong20233dmolms,
  title={3DMolMS: prediction of tandem mass spectra from 3D molecular conformations},
  author={Hong, Yuhui and Li, Sujun and Welch, Christopher J and Tichy, Shane and Ye, Yuzhen and Tang, Haixu},
  journal={Bioinformatics},
  volume={39},
  number={6},
  pages={btad354},
  year={2023},
  publisher={Oxford University Press}
}

@inproceedings{murphy2023efficiently,
  title={Efficiently predicting high resolution mass spectra with graph neural networks},
  author={Murphy, Michael and Jegelka, Stefanie and Fraenkel, Ernest and Kind, Tobias and Healey, David and Butler, Thomas},
  booktitle={International Conference on Machine Learning},
  pages={25549--25562},
  year={2023},
  organization={PMLR}
}

@inproceedings{bushuiev2024massspecgym,
  title={MassSpecGym: A benchmark for the discovery and identification of molecules},
  author={Bushuiev, Roman and Bushuiev, Anton and de Jonge, Niek F and Young, Adamo and Kretschmer, Fleming and Samusevich, Raman and Heirman, Janne and Wang, Fei and Zhang, Luke and D{\"u}hrkop, Kai and others},
  booktitle={The Thirty-eight Conference on Neural Information Processing Systems Datasets and Benchmarks Track},
  year={2024}
}

@article{morgan1965generation,
  title={The generation of a unique machine description for chemical structures-a technique developed at chemical abstracts service.},
  author={Morgan, Harry L},
  journal={Journal of chemical documentation},
  volume={5},
  number={2},
  pages={107--113},
  year={1965},
  publisher={ACS Publications}
}

@inproceedings{lee2019set,
  title={Set transformer: A framework for attention-based permutation-invariant neural networks},
  author={Lee, Juho and Lee, Yoonho and Kim, Jungtaek and Kosiorek, Adam and Choi, Seungjin and Teh, Yee Whye},
  booktitle={International conference on machine learning},
  pages={3744--3753},
  year={2019},
  organization={PMLR}
}

@inproceedings{NowakDSW18,
  title={Revised note on learning quadratic assignment with graph neural networks},
  author={Nowak, A. and Villar, S. and Bandeira, A. and Bruna, J.},
  booktitle={Data Science Workshop},
  year={2018}
}

@inproceedings{RolinekECCV20,
  title={Deep Graph Matching via Blackbox Differentiation of Combinatorial Solvers},
  author={Rol{\'\i}nek, Michal and Swoboda, Paul and Zietlow, Dominik and Paulus, Anselm and Musil, V{\'\i}t and Martius, Georg},
  booktitle=ECCV,
  pages={407--424},
  year={2020},
}

@inproceedings{sarlin2020superglue,
  title={Superglue: Learning feature matching with graph neural networks},
  author={Sarlin, Paul-Edouard and DeTone, Daniel and Malisiewicz, Tomasz and Rabinovich, Andrew},
  booktitle={Proceedings of the IEEE/CVF conference on computer vision and pattern recognition},
  pages={4938--4947},
  year={2020}
}

@article{bajusz2015tanimoto,
  title={Why is Tanimoto index an appropriate choice for fingerprint-based similarity calculations?},
  author={Bajusz, D{\'a}vid and R{\'a}cz, Anita and H{\'e}berger, K{\'a}roly},
  journal={Journal of cheminformatics},
  volume={7},
  pages={1--13},
  year={2015},
  publisher={Springer}
}

@article{capecchi2020one,
  title={One molecular fingerprint to rule them all: drugs, biomolecules, and the metabolome},
  author={Capecchi, Alice and Probst, Daniel and Reymond, Jean-Louis},
  journal={Journal of cheminformatics},
  volume={12},
  pages={1--15},
  year={2020},
  publisher={Springer}
}

@article{wei2019neims,
  title={Rapid prediction of electron--ionization mass spectrometry using neural networks},
  author={Wei, Jennifer N and Belanger, David and Adams, Ryan P and Sculley, D},
  journal={ACS central science},
  volume={5},
  number={4},
  pages={700--708},
  year={2019},
  publisher={ACS Publications}
}

@article{li2021entropy,
  title={Spectral entropy outperforms MS/MS dot product similarity for small-molecule compound identification},
  author={Li, Yuanyue and Kind, Tobias and Folz, Jacob and Vaniya, Arpana and Mehta, Sajjan Singh and Fiehn, Oliver},
  journal={Nature Methods},
  volume={18},
  number={12},
  pages={1524--1531},
  year={2021},
  publisher={Nature Publishing Group US New York}
}

@inproceedings{koch2015siamese,
  title={Siamese neural networks for one-shot image recognition},
  author={Koch, Gregory and Zemel, Richard and Salakhutdinov, Ruslan and others},
  booktitle={ICML deep learning workshop},
  volume={2},
  number={1},
  pages={1--30},
  year={2015},
  organization={Lille}
}

@inproceedings{guo2023deep,
  title={Deep learning of partial graph matching via differentiable top-k},
  author={Guo, Ziao and Wang, Runzhong and Jiang, Shaofei and Yang, Xiaokang and Yan, Junchi},
  booktitle={Proceedings of the IEEE/CVF Conference on Computer Vision and Pattern Recognition},
  pages={6272--6281},
  year={2023}
}