@string{AAAI = "Proceedings of the AAAI Conference on Artificial Intelligence (AAAI)"}
@string{NeurIPS = "Proceedings of the Annual  Conference on Neural Information Processing Systems (NeurIPS)"}
@string{SIGGRAPH = "Proceedings of the ACM SIGGRAPH Annual Conference (SIGGRAPH)"}
@string{ICML = "Proceedings of the International Conference on Machine Learning (ICML)"}
@string{IJCAI = "Proceedings of the International Joint Conference on  Artificial Intelligence (IJCAI)"}
@string{ICLR = "Proceedings of the International Conference on Learning Representations (ICLR)"}
@string{RA-L = "IEEE Robotics and Automation Letters (RA-L)"}
@string{ACL = "Proceedings of the Annual Meeting of the Association for Computational Linguistics (ACL)"}


@string{CVPR = "Proceedings of the IEEE Conference on Computer Vision and Pattern Recognition (CVPR)"}
@string{ECCV = "Proceedings of the European Conference on Computer Vision (ECCV)"}

@string{RSS = "Proceedings of the Robotics: Science and systems (RSS)"}
@string{ICRA = "Proceedings of the International Conference on Robotics and Automation (ICRA)"}
@string{IROS = "Proceedings of the IEEE/RSJ International Conference on Intelligent Robots and Systems (IROS)"}
@string{AAMAS = "Proceedings of the Conference on Autonomous Agents and MultiAgent Systems (AAMAS)"}
@string{CoRL = "Proceedings of the Annual Conference on Robot Learning (CoRL)"}
@string{WAFR = "Proceedings of the International Workshop on the Algorithmic Foundations of Robotics (WAFR)"}

@string{CEC = "Proceedings of the IEEE Congress on Evolutionary Computation (CEC)"}
@string{GECCO = "Proceedings of the Genetic and Evolutionary Computation Conference (GECCO)"}

@string{NC = "Nature Communications"}
@string{NMI = "Nature Machine Intelligence"}
@string{TOG= "ACM Transactions on Graphics (TOG)"}
@string{AI = "Artificial Intelligence"}
@string{JMLR = "Journal of Machine Learning Research"}
@string{TPAMI = "IEEE Trans on Pattern Analysis and Machine Intelligence"}
@string{KBS = "Knowledge-Based Systems"}

@string{JAIR = "Journal of Artificial Intelligence Research"}
@string{FRA = "Frontiers in Robotics and AI"}

@string{GP = "Genetic Programming"}

@string{ALIFE = "Proceedings of the artificial life conference (ALIFE)"}