%%% 기타 %%%

@article{Xu_Sheng_2024, 
title={Detecting AI-Generated Code Assignments Using Perplexity of Large Language Models}, 
author={Xu, Zhenyu and Sheng, Victor S.}, 
journal={Proceedings of the AAAI Conference on Artificial Intelligence}, 
year={2024} 
}

%%% 데이터셋 논문들 %%%%

@inproceedings{evalplus,
  title = {Is Your Code Generated by Chat{GPT} Really Correct? Rigorous Evaluation of Large Language Models for Code Generation},
  author = {Liu, Jiawei and Xia, Chunqiu Steven and Wang, Yuyao and Zhang, Lingming},
  booktitle = {Thirty-seventh Conference on Neural Information Processing Systems},
  year = {2023},
}

%mbpp
@article{austin2021program,
  title={{Program Synthesis with Large Language Models}},
  author={Austin, Jacob and Odena, Augustus and Nye, Maxwell and Bosma, Maarten and Michalewski, Henryk and Dohan, David and Jiang, Ellen and Cai, Carrie and Terry, Michael and Le, Quoc and others},
  journal={arXiv preprint arXiv:2108.07732},
  year={2021}
}
%humaneval
@article{chen2021evaluating,
  title={Evaluating Large Language Models Trained on Code},
  author={Chen, Mark and Tworek, Jerry and Jun, Heewoo and Yuan, Qiming and Pinto, Henrique Ponde De Oliveira and Kaplan, Jared and Edwards, Harri and Burda, Yuri and Joseph, Nicholas and Brockman, Greg and others},
  journal={arXiv preprint arXiv:2107.03374},
  year={2021}
}

@inproceedings{lai2023ds,
  title={DS-1000: A Natural and Reliable Benchmark for Data Science Code Generation},
  author={Lai, Yuhang and Li, Chengxi and Wang, Yiming and Zhang, Tianyi and Zhong, Ruiqi and Zettlemoyer, Luke and Yih, Wen-tau and Fried, Daniel and Wang, Sida and Yu, Tao},
  booktitle={International Conference on Machine Learning},
  year={2023},
}

%%%% LLMs 및 CodeLLMs 관련 논문들 %%%% 

@article{hui2024qwen2,
  title={Qwen2.5-Coder Technical Report},
  author={Hui, Binyuan and Yang, Jian and Cui, Zeyu and Yang, Jiaxi and Liu, Dayiheng and Zhang, Lei and Liu, Tianyu and Zhang, Jiajun and Yu, Bowen and Dang, Kai and others},
  journal={arXiv preprint arXiv:2409.12186},
  year={2024}
}

@article{roziere2023code,
  title={Code Llama: Open Foundation Models for Code},
  author={Roziere, Baptiste and Gehring, Jonas and Gloeckle, Fabian and Sootla, Sten and Gat, Itai and Tan, Xiaoqing Ellen and Adi, Yossi and Liu, Jingyu and Sauvestre, Romain and Remez, Tal and others},
  journal={arXiv preprint arXiv:2308.12950},
  year={2023}
}

@article{li2023starcoder,
  title={StarCoder: may the source be with you!},
  author={Li, Raymond and Allal, Loubna Ben and Zi, Yangtian and Muennighoff, Niklas and Kocetkov, Denis and Mou, Chenghao and Marone, Marc and Akiki, Christopher and Li, Jia and Chim, Jenny and others},
  journal={arXiv preprint arXiv:2305.06161},
  year={2023}
}

@article{luo2023wizardcoder,
  title={WizardCoder: Empowering Code Large Language Models with Evol-Instruct},
  author={Luo, Ziyang and Xu, Can and Zhao, Pu and Sun, Qingfeng and Geng, Xiubo and Hu, Wenxiang and Tao, Chongyang and Ma, Jing and Lin, Qingwei and Jiang, Daxin},
  journal={arXiv preprint arXiv:2306.08568},
  year={2023}
}

@article{guo2024deepseek,
  title={DeepSeek-Coder: When the Large Language Model Meets Programming--The Rise of Code Intelligence},
  author={Guo, Daya and Zhu, Qihao and Yang, Dejian and Xie, Zhenda and Dong, Kai and Zhang, Wentao and Chen, Guanting and Bi, Xiao and Wu, Yu and Li, YK and others},
  journal={arXiv preprint arXiv:2401.14196},
  year={2024}
}

@article{llama3,
  author       = {Abhimanyu Dubey and
                  Abhinav Jauhri and
                  Abhinav Pandey and
                  Abhishek Kadian and
                  Ahmad Al{-}Dahle and
                  Aiesha Letman and
                  Akhil Mathur and
                  Alan Schelten and
                  Amy Yang and
                  Angela Fan and
                  Anirudh Goyal and
                  Anthony Hartshorn and
                  Aobo Yang and
                  Archi Mitra and
                  Archie Sravankumar and
                  Artem Korenev and
                  Arthur Hinsvark and
                  Arun Rao and
                  Aston Zhang and
                  Aur{\'{e}}lien Rodriguez and
                  Austen Gregerson and
                  Ava Spataru and
                  Baptiste Rozi{\`{e}}re and
                  Bethany Biron and
                  Binh Tang and
                  Bobbie Chern and
                  Charlotte Caucheteux and
                  Chaya Nayak and
                  Chloe Bi and
                  Chris Marra and
                  Chris McConnell and
                  Christian Keller and
                  Christophe Touret and
                  Chunyang Wu and
                  Corinne Wong and
                  Cristian Canton Ferrer and
                  Cyrus Nikolaidis and
                  Damien Allonsius and
                  Daniel Song and
                  Danielle Pintz and
                  Danny Livshits and
                  David Esiobu and
                  Dhruv Choudhary and
                  Dhruv Mahajan and
                  Diego Garcia{-}Olano and
                  Diego Perino and
                  Dieuwke Hupkes and
                  Egor Lakomkin and
                  Ehab AlBadawy and
                  Elina Lobanova and
                  Emily Dinan and
                  Eric Michael Smith and
                  Filip Radenovic and
                  Frank Zhang and
                  Gabriel Synnaeve and
                  Gabrielle Lee and
                  Georgia Lewis Anderson and
                  Graeme Nail and
                  Gr{\'{e}}goire Mialon and
                  Guan Pang and
                  Guillem Cucurell and
                  Hailey Nguyen and
                  Hannah Korevaar and
                  Hu Xu and
                  Hugo Touvron and
                  Iliyan Zarov and
                  Imanol Arrieta Ibarra and
                  Isabel M. Kloumann and
                  Ishan Misra and
                  Ivan Evtimov and
                  Jade Copet and
                  Jaewon Lee and
                  Jan Geffert and
                  Jana Vranes and
                  Jason Park and
                  Jay Mahadeokar and
                  Jeet Shah and
                  Jelmer van der Linde and
                  Jennifer Billock and
                  Jenny Hong and
                  Jenya Lee and
                  Jeremy Fu and
                  Jianfeng Chi and
                  Jianyu Huang and
                  Jiawen Liu and
                  Jie Wang and
                  Jiecao Yu and
                  Joanna Bitton and
                  Joe Spisak and
                  Jongsoo Park and
                  Joseph Rocca and
                  Joshua Johnstun and
                  Joshua Saxe and
                  Junteng Jia and
                  Kalyan Vasuden Alwala and
                  Kartikeya Upasani and
                  Kate Plawiak and
                  Ke Li and
                  Kenneth Heafield and
                  Kevin Stone and
                  et al.},
  title        = {The Llama 3 Herd of Models},
  journal      = {CoRR},
  volume       = {abs/2407.21783},
  year         = {2024},
}
%%%% 코드 관련 task에서 LLMs이 잘 활용된다는 맥락의 논문들 %%%%%%%%

@article{zan2022large,
  title="{Large Language Models Meet NL2Code: A Survey}",
  author={Zan, Daoguang and Chen, Bei and Zhang, Fengji and Lu, Dianjie and Wu, Bingchao and Guan, Bei and Wang, Yongji and Lou, Jian-Guang},
  journal={arXiv preprint arXiv:2212.09420},
  year={2022}
}

@inproceedings{brown2020fewshot,
 title = {Language Models are Few-Shot Learners},
 author = {Brown, Tom and Mann, Benjamin and Ryder, Nick and Subbiah, Melanie and Kaplan, Jared D and Dhariwal, Prafulla and Neelakantan, Arvind and Shyam, Pranav and Sastry, Girish and Askell, Amanda and Agarwal, Sandhini and Herbert-Voss, Ariel and Krueger, Gretchen and Henighan, Tom and Child, Rewon and Ramesh, Aditya and Ziegler, Daniel and Wu, Jeffrey and Winter, Clemens and Hesse, Chris and Chen, Mark and Sigler, Eric and Litwin, Mateusz and Gray, Scott and Chess, Benjamin and Clark, Jack and Berner, Christopher and McCandlish, Sam and Radford, Alec and Sutskever, Ilya and Amodei, Dario},
 booktitle = {Advances in Neural Information Processing Systems},
 year = {2020}
}

@article{achiam2023gpt,
  title={GPT-4 Technical Report},
  author={Achiam, Josh and Adler, Steven and Agarwal, Sandhini and Ahmad, Lama and Akkaya, Ilge and Aleman, Florencia Leoni and Almeida, Diogo and Altenschmidt, Janko and Altman, Sam and Anadkat, Shyamal and others},
  journal={arXiv preprint arXiv:2303.08774},
  year={2023}
}

%1. code generation
@inproceedings{nam2024using,
  title={Using an llm to help with code understanding},
  author={Nam, Daye and Macvean, Andrew and Hellendoorn, Vincent and Vasilescu, Bogdan and Myers, Brad},
  booktitle={Proceedings of the IEEE/ACM 46th International Conference on Software Engineering},
  pages={1--13},
  year={2024}
}
@inproceedings{KazemitabaarHHE23,
  author       = {Majeed Kazemitabaar and
                  Xinying Hou and
                  Austin Z. Henley and
                  Barbara Jane Ericson and
                  David Weintrop and
                  Tovi Grossman},
  editor       = {Andreas M{\"{u}}hling and
                  Ilkka Jormanainen},
  title        = {How Novices Use LLM-based Code Generators to Solve {CS1} Coding Tasks
                  in a Self-Paced Learning Environment},
  booktitle    = {Proceedings of the 23rd Koli Calling International Conference on Computing
                  Education Research, Koli Calling 2023, Koli, Finland, November 13-18,
                  2023},
  publisher    = {{ACM}},
  year         = {2023},
}
@inproceedings{DBLP:conf/nips/LiuXW023,
  author       = {Jiawei Liu and
                  Chunqiu Steven Xia and
                  Yuyao Wang and
                  Lingming Zhang},
  editor       = {Alice Oh and
                  Tristan Naumann and
                  Amir Globerson and
                  Kate Saenko and
                  Moritz Hardt and
                  Sergey Levine},
  title        = {Is Your Code Generated by ChatGPT Really Correct? Rigorous Evaluation
                  of Large Language Models for Code Generation},
  booktitle    = {Advances in Neural Information Processing Systems 36: Annual Conference
                  on Neural Information Processing Systems 2023, NeurIPS 2023, New Orleans,
                  LA, USA, December 10 - 16, 2023},
  year         = {2023},
}
%2. code completion
@article{wang2024teaching,
  title={Teaching Code LLMs to Use Autocompletion Tools in Repository-Level Code Generation},
  author={Wang, Chong and Zhang, Jian and Feng, Yebo and Li, Tianlin and Sun, Weisong and Liu, Yang and Peng, Xin},
  journal={arXiv preprint arXiv:2401.06391},
  year={2024}
}
@inproceedings{DBLP:conf/sigsoft/0003X023,
  author       = {Yuxiang Wei and
                  Chunqiu Steven Xia and
                  Lingming Zhang},
  editor       = {Satish Chandra and
                  Kelly Blincoe and
                  Paolo Tonella},
  title        = {Copiloting the Copilots: Fusing Large Language Models with Completion
                  Engines for Automated Program Repair},
  booktitle    = {Proceedings of the 31st {ACM} Joint European Software Engineering
                  Conference and Symposium on the Foundations of Software Engineering,
                  {ESEC/FSE} 2023, San Francisco, CA, USA, December 3-9, 2023},
  publisher    = {{ACM}},
  year         = {2023},
}

@inproceedings{DBLP:conf/kbse/TangGLZXHL23,
  author       = {Ze Tang and
                  Jidong Ge and
                  Shangqing Liu and
                  Tingwei Zhu and
                  Tongtong Xu and
                  Liguo Huang and
                  Bin Luo},
  title        = {Domain Adaptive Code Completion via Language Models and Decoupled
                  Domain Databases},
  booktitle    = {38th {IEEE/ACM} International Conference on Automated Software Engineering,
                  {ASE} 2023, Luxembourg, September 11-15, 2023},
  publisher    = {{IEEE}},
  year         = {2023},
}

%%%% Watermark 관련 논문들 %%%%%%

@article{liu2024survey,
  title={A Survey of Text Watermarking in the Era of Large Language Models},
  author={Liu, Aiwei and Pan, Leyi and Lu, Yijian and Li, Jingjing and Hu, Xuming and Zhang, Xi and Wen, Lijie and King, Irwin and Xiong, Hui and Yu, Philip},
  journal={ACM Computing Surveys},
  year={2024},
  publisher={ACM New York, NY}
}

@inproceedings{tu-etal-2024-waterbench,
    title = "{W}ater{B}ench: Towards Holistic Evaluation of Watermarks for Large Language Models",
    author = "Tu, Shangqing  and
      Sun, Yuliang  and
      Bai, Yushi  and
      Yu, Jifan  and
      Hou, Lei  and
      Li, Juanzi",
    booktitle = "Proceedings of the 62nd Annual Meeting of the Association for Computational Linguistics (Volume 1: Long Papers)",
    year = "2024",
}
@inproceedings{FernandezCTCF23,
  author       = {Pierre Fernandez and
                  Antoine Chaffin and
                  Karim Tit and
                  Vivien Chappelier and
                  Teddy Furon},
  title        = {Three Bricks to Consolidate Watermarks for Large Language Models},
  booktitle    = {{IEEE} International Workshop on Information Forensics and Security,
                  {WIFS} 2023, N{\"{u}}rnberg, Germany, December 4-7, 2023},
  publisher    = {{IEEE}},
  year         = {2023},
}
@article{markllm,
  author       = {Leyi Pan and
                  Aiwei Liu and
                  Zhiwei He and
                  Zitian Gao and
                  Xuandong Zhao and
                  Yijian Lu and
                  Binglin Zhou and
                  Shuliang Liu and
                  Xuming Hu and
                  Lijie Wen and
                  Irwin King},
  title        = {MarkLLM: An Open-Source Toolkit for {LLM} Watermarking},
  journal      = {CoRR},
  volume       = {abs/2405.10051},
  year         = {2024},
}

%%% 이미 생성된 텍스트에 워터마킹하는 논문들 %%%

@article{munyer2024deeptextmark,
  title={DeepTextMark: A Deep Learning-Driven Text Watermarking Approach for Identifying Large Language Model Generated Text},
  author={Munyer, Travis and Tanvir, Abdullah and Das, Arjon and Zhong, Xin},
  journal={IEEE Access},
  year={2024},
  publisher={IEEE}
}

@inproceedings{yang2022tracing,
  title={Tracing Text Provenance via Context-Aware Lexical Substitution},
  author={Yang, Xi and Zhang, Jie and Chen, Kejiang and Zhang, Weiming and Ma, Zehua and Wang, Feng and Yu, Nenghai},
  booktitle={Proceedings of the AAAI Conference on Artificial Intelligence},
  year={2022}
}

@inproceedings{yoo-etal-2023-robust,
    title = "Robust Multi-bit Natural Language Watermarking through Invariant Features",
    author = "Yoo, KiYoon  and
      Ahn, Wonhyuk  and
      Jang, Jiho  and
      Kwak, Nojun",
    booktitle = "Proceedings of the 61st Annual Meeting of the Association for Computational Linguistics (Volume 1: Long Papers)",
    year = "2023",
}

@article{yang2023watermarking,
  title={Watermarking Text Generated by Black-Box Language Models},
  author={Yang, Xi and Chen, Kejiang and Zhang, Weiming and Liu, Chang and Qi, Yuang and Zhang, Jie and Fang, Han and Yu, Nenghai},
  journal={arXiv preprint arXiv:2305.08883},
  year={2023}
}

%%% 텍스트 생성 과정에 워터마크 삽입하는 논문들 %%% 

@inproceedings{kirchenbauer2023watermark,
  title="{A Watermark for Large Language Models}",
  author={Kirchenbauer, John and Geiping, Jonas and Wen, Yuxin and Katz, Jonathan and Miers, Ian and Goldstein, Tom},
  booktitle={International Conference on Machine Learning},
  year={2023},
}

@inproceedings{kirchenbauer2024reliability,
  title        = {On the Reliability of Watermarks for Large Language Models},
  author       = {John Kirchenbauer and
                  Jonas Geiping and
                  Yuxin Wen and
                  Manli Shu and
                  Khalid Saifullah and
                  Kezhi Kong and
                  Kasun Fernando and
                  Aniruddha Saha and
                  Micah Goldblum and
                  Tom Goldstein},
  booktitle    = {International Conference on Learning Representations,
                  (ICLR)},
  year         = {2024},
}

@inproceedings{liu2024a,
  title={A Semantic Invariant Robust Watermark for Large Language Models},
  author={Aiwei Liu and Leyi Pan and Xuming Hu and Shiao Meng and Lijie Wen},
  booktitle={The Twelfth International Conference on Learning Representations},
  year={2024},
}



@article{kuditipudi2023robust,
  title={Robust Distortion-Free Watermarks for Language Models},
  author={Kuditipudi, Rohith and Thickstun, John and Hashimoto, Tatsunori and Liang, Percy},
  journal={arXiv preprint arXiv:2307.15593},
  year={2023}
}

@article{hoang2024less,
  title={Less is More: Sparse Watermarking in LLMs with Enhanced Text Quality},
  author={Hoang, Duy C and Le, Hung TQ and Chu, Rui and Li, Ping and Zhao, Weijie and Lao, Yingjie and Doan, Khoa D},
  journal={arXiv preprint arXiv:2407.13803},
  year={2024}
}


@inproceedings{christ2024undetectable,
  title={Undetectable Watermarks for Language Models},
  author={Christ, Miranda and Gunn, Sam and Zamir, Or},
  booktitle={The Thirty Seventh Annual Conference on Learning Theory},
  year={2024},
  organization={PMLR}
}

@inproceedings{lu-etal-2024-entropy,
    title = "An Entropy-based Text Watermarking Detection Method",
    author = "Lu, Yijian  and
      Liu, Aiwei  and
      Yu, Dianzhi  and
      Li, Jingjing  and
      King, Irwin",
    booktitle = "Proceedings of the 62nd Annual Meeting of the Association for Computational Linguistics (Volume 1: Long Papers)",
    year = "2024",
}

@inproceedings{yoo-etal-2024-advancing,
    title = "Advancing Beyond Identification: Multi-bit Watermark for Large Language Models",
    author = "Yoo, KiYoon  and
      Ahn, Wonhyuk  and
      Kwak, Nojun",
    booktitle = "Proceedings of the 2024 Conference of the North American Chapter of the Association for Computational Linguistics: Human Language Technologies (Volume 1: Long Papers)",
    year = "2024",
}

@inproceedings{wangtowards,
  title={Towards Codable Watermarking for Injecting Multi-Bits Information to LLMs},
  author={Wang, Lean and Yang, Wenkai and Chen, Deli and Zhou, Hao and Lin, Yankai and Meng, Fandong and Zhou, Jie and Sun, Xu},
  booktitle={The Twelfth International Conference on Learning Representations}
}

@article{zhao2023provable,
  title={Provable Robust Watermarking for AI-Generated Text},
  author={Zhao, Xuandong and Ananth, Prabhanjan and Li, Lei and Wang, Yu-Xiang},
  journal={arXiv preprint arXiv:2306.17439},
  year={2023}
}

@inproceedings{ren-etal-2024-robust,
    title = "A Robust Semantics-based Watermark for Large Language Model against Paraphrasing",
    author = "Ren, Jie  and
      Xu, Han  and
      Liu, Yiding  and
      Cui, Yingqian  and
      Wang, Shuaiqiang  and
      Yin, Dawei  and
      Tang, Jiliang",
    booktitle = "Findings of the Association for Computational Linguistics: NAACL 2024",
    year = "2024",
}

@inproceedings{he-etal-2024-watermarks,
    title = "Can Watermarks Survive Translation? On the Cross-lingual Consistency of Text Watermark for Large Language Models",
    author = "He, Zhiwei  and
      Zhou, Binglin  and
      Hao, Hongkun  and
      Liu, Aiwei  and
      Wang, Xing  and
      Tu, Zhaopeng  and
      Zhang, Zhuosheng  and
      Wang, Rui",
    booktitle = "Proceedings of the 62nd Annual Meeting of the Association for Computational Linguistics (Volume 1: Long Papers)",
    year = "2024",
}

@inproceedings{
  liu2024an,
  title={An Unforgeable Publicly Verifiable Watermark for Large Language Models},
  author={Aiwei Liu and Leyi Pan and Xuming Hu and Shuang Li and Lijie Wen and Irwin King and Philip S. Yu},
  booktitle={The Twelfth International Conference on Learning Representations},
  year={2024},
}

%%%% Code Watermark 관련 논문들 %%%%%%

@inproceedings{lee-etal-2024-wrote,
    title = "Who Wrote this Code? Watermarking for Code Generation",
    author = "Lee, Taehyun  and
      Hong, Seokhee  and
      Ahn, Jaewoo  and
      Hong, Ilgee  and
      Lee, Hwaran  and
      Yun, Sangdoo  and
      Shin, Jamin  and
      Kim, Gunhee",
    booktitle = "Proceedings of the 62nd Annual Meeting of the Association for Computational Linguistics (Volume 1: Long Papers)",
    year = "2024",
}

@article{ning2024mcgmark,
  title={MCGMark: An Encodable and Robust Online Watermark for LLM-Generated Malicious Code},
  author={Ning, Kaiwen and Chen, Jiachi and Zhong, Qingyuan and Zhang, Tao and Wang, Yanlin and Li, Wei and Zhang, Yu and Zhang, Weizhe and Zheng, Zibin},
  journal={arXiv preprint arXiv:2408.01354},
  year={2024}
}

@article{guan2024codeip,
  title={CODEIP: A Grammar-Guided Multi-Bit Watermark for Large Language Models of Code},
  author={Guan, Batu and Wan, Yao and Bi, Zhangqian and Wang, Zheng and Zhang, Hongyu and Sui, Yulei and Zhou, Pan and Sun, Lichao},
  journal={arXiv preprint arXiv:2404.15639},
  year={2024}
}

@inproceedings {yang2024srcmarker,
    title = {SrcMarker: Dual-Channel Source Code Watermarking via Scalable Code Transformations},
    author = {B. Yang and W. Li and L. Xiang and B. Li},
    booktitle = {2024 IEEE Symposium on Security and Privacy (SP)},
    year = {2024},
}
@article{li2024resilient,
  title={Resilient Watermarking for LLM-Generated Codes},
  author={Li, Boquan and Zhang, Mengdi and Zhang, Peixin and Sun, Jun and Wang, Xingmei},
  journal={arXiv preprint arXiv:2402.07518},
  year={2024}
}

@inproceedings{li2023protecting,
  title={Protecting Intellectual Property of Large Language Model-Based Code Generation APIs via Watermarks},
  author={Li, Zongjie and Wang, Chaozheng and Wang, Shuai and Gao, Cuiyun},
  booktitle={Proceedings of the 2023 ACM SIGSAC Conference on Computer and Communications Security},
  year={2023}
}

@inproceedings{sun2023codemark,
  title={CodeMark: Imperceptible Watermarking for Code Datasets Against Neural Code Completion Models},
  author={Sun, Zhensu and Du, Xiaoning and Song, Fu and Li, Li},
  booktitle={Proceedings of the 31st ACM Joint European Software Engineering Conference and Symposium on the Foundations of Software Engineering},
  pages={1561--1572},
  year={2023}
}

@article{betweenlineofcode24,
  author       = {Yuling Shi and
                  Hongyu Zhang and
                  Chengcheng Wan and
                  Xiaodong Gu},
  title        = {Between Lines of Code: Unraveling the Distinct Patterns of Machine
                  and Human Programmers},
  journal      = {CoRR},
  volume       = {abs/2401.06461},
  year         = {2024},
}





%%% LLM이 생성한 텍스트 및 코드의 탐지가 중요하다는 맥락의 논문들 %%%%%%%%%%%% 

@inproceedings{mitchell2023detectgpt,
  title={{DetectGPT: Zero-shot Machine-Generated Text Detection using Probability Curvature}},
  author={Mitchell, Eric and Lee, Yoonho and Khazatsky, Alexander and Manning, Christopher D and Finn, Chelsea},
  booktitle={International Conference on Machine Learning},
  year={2023},
}

@inproceedings{bao2023fast,
  title={{Fast-DetectGPT: Efficient Zero-Shot Detection of Machine-Generated Text via Conditional Probability Curvature}},
  author={Bao, Guangsheng and Zhao, Yanbin and Teng, Zhiyang and Yang, Linyi and Zhang, Yue},
  booktitle={The Twelfth International Conference on Learning Representations},
  year={2023},
}

@article{wang2023evaluating,
  title="{Evaluating AIGC Detectors on Code Content}",
  author={Wang, Jian and Liu, Shangqing and Xie, Xiaofei and Li, Yi},
  journal={arXiv preprint arXiv:2304.05193},
  year={2023}
}

@article{nguyen2023snippet,
  title="{Is this Snippet Written by Chatgpt? an Empirical Study with a CodeBERT-based Classifier}",
  author={Nguyen, Phuong T and Di Rocco, Juri and Di Sipio, Claudio and Rubei, Riccardo and Di Ruscio, Davide and Di Penta, Massimiliano},
  journal={arXiv preprint arXiv:2307.09381},
  year={2023}
}

@article{yang2023zero,
  title="{Zero-shot Detection of Machine-Generated Codes}",
  author={Yang, Xianjun and Zhang, Kexun and Chen, Haifeng and Petzold, Linda and Wang, William Yang and Cheng, Wei},
  journal={arXiv preprint arXiv:2310.05103},
  year={2023}
}

@inproceedings{su-etal-2023-detectllm,
    title = "{DetectLLM: Leveraging Log Rank Information for Zero-Shot Detection of Machine-Generated Text}",
    author = "Su, Jinyan  and
      Zhuo, Terry  and
      Wang, Di  and
      Nakov, Preslav",
    booktitle = "Findings of the Association for Computational Linguistics: EMNLP 2023",
    year = "2023",
}

@inproceedings{zhu-etal-2023-beat,
    title = "{Beat LLMs at Their Own Game: Zero-Shot {LLM}-Generated Text Detection via Querying ChatGPT}",
    author = "Zhu, Biru  and
      Yuan, Lifan  and
      Cui, Ganqu  and
      Chen, Yangyi  and
      Fu, Chong  and
      He, Bingxiang  and
      Deng, Yangdong  and
      Liu, Zhiyuan  and
      Sun, Maosong  and
      Gu, Ming",
    booktitle = "Proceedings of the 2023 Conference on Empirical Methods in Natural Language Processing",
    year = "2023",
}

@inproceedings{mireshghallah-etal-2024-smaller,
    title = "{Smaller Language Models are Better Zero-shot Machine-Generated Text Detectors}",
    author = "Mireshghallah, Niloofar  and
      Mattern, Justus  and
      Gao, Sicun  and
      Shokri, Reza  and
      Berg-Kirkpatrick, Taylor",
    booktitle = "Proceedings of the 18th Conference of the European Chapter of the Association for Computational Linguistics (Volume 2: Short Papers)",
    year = "2024",
}

%%%%%%%%%%%% ISSTA에 나온 논문들 %%%%%%%%%%%%
@inproceedings{Sun0Y0024,
  author       = {Zhensu Sun and
                  Xiaoning Du and
                  Zhou Yang and
                  Li Li and
                  David Lo},
  editor       = {Maria Christakis and
                  Michael Pradel},
  title        = {{AI} Coders Are among Us: Rethinking Programming Language Grammar
                  towards Efficient Code Generation},
  booktitle    = {Proceedings of the 33rd {ACM} {SIGSOFT} International Symposium on
                  Software Testing and Analysis, {ISSTA} 2024, Vienna, Austria, September
                  16-20, 2024},
  publisher    = {{ACM}},
  year         = {2024},
}

@inproceedings{GuoWSZZCZMZ24,
  author       = {Lianghong Guo and
                  Yanlin Wang and
                  Ensheng Shi and
                  Wanjun Zhong and
                  Hongyu Zhang and
                  Jiachi Chen and
                  Ruikai Zhang and
                  Yuchi Ma and
                  Zibin Zheng},
  editor       = {Maria Christakis and
                  Michael Pradel},
  title        = {When to Stop? Towards Efficient Code Generation in LLMs with Excess
                  Token Prevention},
  booktitle    = {Proceedings of the 33rd {ACM} {SIGSOFT} International Symposium on
                  Software Testing and Analysis, {ISSTA} 2024, Vienna, Austria, September
                  16-20, 2024},
  publisher    = {{ACM}},
  year         = {2024},

}

@inproceedings{Guo0XLTFWGB24,
  author       = {Qi Guo and
                  Xiaohong Li and
                  Xiaofei Xie and
                  Shangqing Liu and
                  Ze Tang and
                  Ruitao Feng and
                  Junjie Wang and
                  Jidong Ge and
                  Lei Bu},
  editor       = {Maria Christakis and
                  Michael Pradel},
  title        = {FT2Ra: {A} Fine-Tuning-Inspired Approach to Retrieval-Augmented Code
                  Completion},
  booktitle    = {Proceedings of the 33rd {ACM} {SIGSOFT} International Symposium on
                  Software Testing and Analysis, {ISSTA} 2024, Vienna, Austria, September
                  16-20, 2024},
  publisher    = {{ACM}},
  year         = {2024},
}

@inproceedings{GuoFCLHL24,
  author       = {Xiaowei Guo and
                  Cai Fu and
                  Juan Chen and
                  Hongle Liu and
                  Lansheng Han and
                  Wenjin Li},
  editor       = {Maria Christakis and
                  Michael Pradel},
  title        = {Enhancing Robustness of Code Authorship Attribution through Expert
                  Feature Knowledge},
  booktitle    = {Proceedings of the 33rd {ACM} {SIGSOFT} International Symposium on
                  Software Testing and Analysis, {ISSTA} 2024, Vienna, Austria, September
                  16-20, 2024},
  publisher    = {{ACM}},
  year         = {2024},
}

%%sweet에서 사용한 인용논문
@inproceedings{SandovalPNKGD23,
  author       = {Gustavo Sandoval and
                  Hammond Pearce and
                  Teo Nys and
                  Ramesh Karri and
                  Siddharth Garg and
                  Brendan Dolan{-}Gavitt},
  editor       = {Joseph A. Calandrino and
                  Carmela Troncoso},
  title        = {Lost at {C:} {A} User Study on the Security Implications of Large
                  Language Model Code Assistants},
  booktitle    = {32nd {USENIX} Security Symposium, {USENIX} Security 2023, Anaheim,
                  CA, USA, August 9-11, 2023},
  publisher    = {{USENIX} Association},
  year         = {2023},
}

@inproceedings{PearceA0DK22,
  author       = {Hammond Pearce and
                  Baleegh Ahmad and
                  Benjamin Tan and
                  Brendan Dolan{-}Gavitt and
                  Ramesh Karri},
  title        = {Asleep at the Keyboard? Assessing the Security of GitHub Copilot's
                  Code Contributions},
  booktitle    = {43rd {IEEE} Symposium on Security and Privacy, {SP} 2022, San Francisco,
                  CA, USA, May 22-26, 2022},
  publisher    = {{IEEE}},
  year         = {2022},
}

@inproceedings{CarliniTWJHLRBS21,
  author       = {Nicholas Carlini and
                  Florian Tram{\`{e}}r and
                  Eric Wallace and
                  Matthew Jagielski and
                  Ariel Herbert{-}Voss and
                  Katherine Lee and
                  Adam Roberts and
                  Tom B. Brown and
                  Dawn Song and
                  {\'{U}}lfar Erlingsson and
                  Alina Oprea and
                  Colin Raffel},
  editor       = {Michael D. Bailey and
                  Rachel Greenstadt},
  title        = {Extracting Training Data from Large Language Models},
  booktitle    = {30th {USENIX} Security Symposium, {USENIX} Security 2021, August 11-13,
                  2021},
  publisher    = {{USENIX} Association},
  year         = {2021},
}

@article{MirskyDKSGYZPLE23,
  author       = {Yisroel Mirsky and
                  Ambra Demontis and
                  Jaidip Kotak and
                  Ram Shankar and
                  Gelei Deng and
                  Liu Yang and
                  Xiangyu Zhang and
                  Maura Pintor and
                  Wenke Lee and
                  Yuval Elovici and
                  Battista Biggio},
  title        = {The Threat of Offensive {AI} to Organizations},
  journal      = {Comput. Secur.},
  volume       = {124},
  pages        = {103006},
  year         = {2023},
}
@article{hazell2023spear,
  title={Spear phishing with large language models},
  author={Hazell, Julian},
  journal={arXiv preprint arXiv:2305.06972},
  year={2023}
}
%sweet인용2 -> LLM활용한 code detection가 아닌 text detection에 집중하고 있는 모습
@article{SolaimanBCAHWRKKKMNBMJ19,
  author       = {Irene Solaiman and
                  Miles Brundage and
                  Jack Clark and
                  Amanda Askell and
                  Ariel Herbert{-}Voss and
                  Jeff Wu and
                  Alec Radford and
                  Jasmine Wang},
  title        = {Release Strategies and the Social Impacts of Language Models},
  journal      = {CoRR},
  volume       = {abs/1908.09203},
  year         = {2019},
  url          = {http://arxiv.org/abs/1908.09203},
}

@inproceedings{IppolitoDCE20,
  author       = {Daphne Ippolito and
                  Daniel Duckworth and
                  Chris Callison{-}Burch and
                  Douglas Eck},
  editor       = {Dan Jurafsky and
                  Joyce Chai and
                  Natalie Schluter and
                  Joel R. Tetreault},
  title        = {Automatic Detection of Generated Text is Easiest when Humans are Fooled},
  booktitle    = {Proceedings of the 58th Annual Meeting of the Association for Computational
                  Linguistics, {ACL} 2020, Online, July 5-10, 2020},
  publisher    = {Association for Computational Linguistics},
  year         = {2020},
}

@article{GuoZWJNDYW23,
  author       = {Biyang Guo and
                  Xin Zhang and
                  Ziyuan Wang and
                  Minqi Jiang and
                  Jinran Nie and
                  Yuxuan Ding and
                  Jianwei Yue and
                  Yupeng Wu},
  title        = {How Close is ChatGPT to Human Experts? Comparison Corpus, Evaluation,
                  and Detection},
  journal      = {CoRR},
  volume       = {abs/2301.07597},
  year         = {2023},
}

@article{yu2023gpt,
  title={Gpt paternity test: Gpt generated text detection with gpt genetic inheritance},
  author={Yu, Xiao and Qi, Yuang and Chen, Kejiang and Chen, Guoqiang and Yang, Xi and Zhu, Pengyuan and Zhang, Weiming and Yu, Nenghai},
  journal={CoRR},
  year={2023}
}
@inproceedings{GehrmannSR19,
  author       = {Sebastian Gehrmann and
                  Hendrik Strobelt and
                  Alexander M. Rush},
  editor       = {Marta R. Costa{-}juss{\`{a}} and
                  Enrique Alfonseca},
  title        = {{GLTR:} Statistical Detection and Visualization of Generated Text},
  booktitle    = {Proceedings of the 57th Conference of the Association for Computational
                  Linguistics, {ACL} 2019, Florence, Italy, July 28 - August 2, 2019,
                  Volume 3: System Demonstrations},
  publisher    = {Association for Computational Linguistics},
  year         = {2019},
}

%서베이 논문
@article{asurveyoftextwatermarking,
  author       = {Aiwei Liu and
                  Leyi Pan and
                  Yijian Lu and
                  Jingjing Li and
                  Xuming Hu and
                  Lijie Wen and
                  Irwin King and
                  Philip S. Yu},
  title        = {A Survey of Text Watermarking in the Era of Large Language Models},
  journal      = {CoRR},
  volume       = {abs/2312.07913},
  year         = {2023},
  url          = {https://doi.org/10.48550/arXiv.2312.07913},
}

@article{asurveyondetection,
  author       = {Xianjun Yang and
                  Liangming Pan and
                  Xuandong Zhao and
                  Haifeng Chen and
                  Linda R. Petzold and
                  William Yang Wang and
                  Wei Cheng},
  title        = {A Survey on Detection of LLMs-Generated Content},
  journal      = {CoRR},
  volume       = {abs/2310.15654},
  year         = {2023},
}

@article{asurveyonllm,
  author       = {Yifan Yao and
                  Jinhao Duan and
                  Kaidi Xu and
                  Yuanfang Cai and
                  Eric Sun and
                  Yue Zhang},
  title        = {A Survey on Large Language Model {(LLM)} Security and Privacy: The
                  Good, the Bad, and the Ugly},
  journal      = {CoRR},
  volume       = {abs/2312.02003},
  year         = {2023},
}


% bit-acc metric사용한 논문
@inproceedings{ZhuKJF18,
  author       = {Jiren Zhu and
                  Russell Kaplan and
                  Justin Johnson and
                  Li Fei{-}Fei},
  editor       = {Vittorio Ferrari and
                  Martial Hebert and
                  Cristian Sminchisescu and
                  Yair Weiss},
  title        = {HiDDeN: Hiding Data With Deep Networks},
  booktitle    = {Computer Vision - {ECCV} 2018 - 15th European Conference, Munich,
                  Germany, September 8-14, 2018, Proceedings, Part {XV}},
  series       = {Lecture Notes in Computer Science},
  volume       = {11219},
  publisher    = {Springer},
  year         = {2018},
}

@inproceedings{LuoZCYM20,
  author       = {Xiyang Luo and
                  Ruohan Zhan and
                  Huiwen Chang and
                  Feng Yang and
                  Peyman Milanfar},
  title        = {Distortion Agnostic Deep Watermarking},
  booktitle    = {2020 {IEEE/CVF} Conference on Computer Vision and Pattern Recognition,
                  {CVPR} 2020, Seattle, WA, USA, June 13-19, 2020},
  publisher    = {Computer Vision Foundation / {IEEE}},
  year         = {2020},
}

@inproceedings{YangZCZMWY22,
  author       = {Xi Yang and
                  Jie Zhang and
                  Kejiang Chen and
                  Weiming Zhang and
                  Zehua Ma and
                  Feng Wang and
                  Nenghai Yu},
  title        = {Tracing Text Provenance via Context-Aware Lexical Substitution},
  booktitle    = {Thirty-Sixth {AAAI} Conference on Artificial Intelligence, {AAAI}
                  2022, Thirty-Fourth Conference on Innovative Applications of Artificial
                  Intelligence, {IAAI} 2022, The Twelveth Symposium on Educational Advances
                  in Artificial Intelligence, {EAAI} 2022 Virtual Event, February 22
                  - March 1, 2022},
  publisher    = {{AAAI} Press},
  year         = {2022},
}

%green-red 관련논문
@inproceedings{GuoTSL0024,
  author       = {Yuxuan Guo and
                  Zhiliang Tian and
                  Yiping Song and
                  Tianlun Liu and
                  Liang Ding and
                  Dongsheng Li},
  title        = {Context-aware Watermark with Semantic Balanced Green-red Lists for
                  Large Language Models},
  booktitle    = {Proceedings of the 2024 Conference on Empirical Methods in Natural
                  Language Processing, {EMNLP} 2024, Miami, FL, USA, November 12-16,
                  2024},
  publisher    = {Association for Computational Linguistics},
  year         = {2024},
}

%워터마크 정의
@inproceedings{atallah2001natural,
  title={Natural language watermarking: Design, analysis, and a proof-of-concept implementation},
  author={Atallah, Mikhail J and Raskin, Victor and Crogan, Michael and Hempelmann, Christian and Kerschbaum, Florian and Mohamed, Dina and Naik, Sanket},
  booktitle={Information Hiding: 4th International Workshop, IH 2001 Pittsburgh, PA, USA, April 25--27, 2001 Proceedings 4},
  year={2001}
}

@inproceedings{HouZHWCWSDKT24,
  author       = {Abe Bohan Hou and
                  Jingyu Zhang and
                  Tianxing He and
                  Yichen Wang and
                  Yung{-}Sung Chuang and
                  Hongwei Wang and
                  Lingfeng Shen and
                  Benjamin Van Durme and
                  Daniel Khashabi and
                  Yulia Tsvetkov},
  title        = {SemStamp: {A} Semantic Watermark with Paraphrastic Robustness for
                  Text Generation},
  booktitle    = {Proceedings of the 2024 Conference of the North American Chapter of
                  the Association for Computational Linguistics: Human Language Technologies
                  (Volume 1: Long Papers), {NAACL} 2024, Mexico City, Mexico, June 16-21,
                  2024},
  publisher    = {Association for Computational Linguistics},
  year         = {2024},
}

%humanevalpack
@inproceedings{MuennighoffLZZH24,
  author       = {Niklas Muennighoff and
                  Qian Liu and
                  Armel Randy Zebaze and
                  Qinkai Zheng and
                  Binyuan Hui and
                  Terry Yue Zhuo and
                  Swayam Singh and
                  Xiangru Tang and
                  Leandro von Werra and
                  Shayne Longpre},
  title        = {OctoPack: Instruction Tuning Code Large Language Models},
  booktitle    = {The Twelfth International Conference on Learning Representations,
                  {ICLR} 2024, Vienna, Austria, May 7-11, 2024},
  publisher    = {OpenReview.net},
  year         = {2024},
}

#codegen
@inproceedings{NijkampPHTWZSX23,
  author       = {Erik Nijkamp and
                  Bo Pang and
                  Hiroaki Hayashi and
                  Lifu Tu and
                  Huan Wang and
                  Yingbo Zhou and
                  Silvio Savarese and
                  Caiming Xiong},
  title        = {CodeGen: An Open Large Language Model for Code with Multi-Turn Program
                  Synthesis},
  booktitle    = {The Eleventh International Conference on Learning Representations,
                  {ICLR} 2023, Kigali, Rwanda, May 1-5, 2023},
  publisher    = {OpenReview.net},
  year         = {2023},
}

#resil
@inproceedings{WuHG0H24,
  author       = {Yihan Wu and
                  Zhengmian Hu and
                  Junfeng Guo and
                  Hongyang Zhang and
                  Heng Huang},
  title        = {A Resilient and Accessible Distribution-Preserving Watermark for Large
                  Language Models},
  booktitle    = {Forty-first International Conference on Machine Learning, {ICML} 2024,
                  Vienna, Austria, July 21-27, 2024},
  publisher    = {OpenReview.net},
  year         = {2024},
}