@article{guan2024codeip,
  title={CODEIP: A Grammar-Guided Multi-Bit Watermark for Large Language Models of Code},
  author={Guan, Batu and Wan, Yao and Bi, Zhangqian and Wang, Zheng and Zhang, Hongyu and Sui, Yulei and Zhou, Pan and Sun, Lichao},
  journal={arXiv preprint arXiv:2404.15639},
  year={2024}
}

@inproceedings{lee-etal-2024-wrote,
    title = "Who Wrote this Code? Watermarking for Code Generation",
    author = "Lee, Taehyun  and
      Hong, Seokhee  and
      Ahn, Jaewoo  and
      Hong, Ilgee  and
      Lee, Hwaran  and
      Yun, Sangdoo  and
      Shin, Jamin  and
      Kim, Gunhee",
    booktitle = "Proceedings of the 62nd Annual Meeting of the Association for Computational Linguistics (Volume 1: Long Papers)",
    year = "2024",
}

@article{li2024resilient,
  title={Resilient Watermarking for LLM-Generated Codes},
  author={Li, Boquan and Zhang, Mengdi and Zhang, Peixin and Sun, Jun and Wang, Xingmei},
  journal={arXiv preprint arXiv:2402.07518},
  year={2024}
}

