@article{gunther2023jina,
  title={Jina embeddings 2: 8192-token general-purpose text embeddings for long documents},
  author={G{\"u}nther, Michael and Ong, Jackmin and Mohr, Isabelle and Abdessalem, Alaeddine and Abel, Tanguy and Akram, Mohammad Kalim and Guzman, Susana and Mastrapas, Georgios and Sturua, Saba and Wang, Bo and others},
  journal={arXiv preprint arXiv:2310.19923},
  year={2023}
}

@article{li2024long,
  title={Long Context vs. RAG for LLMs: An Evaluation and Revisits},
  author={Li, Xinze and Cao, Yixin and Ma, Yubo and Sun, Aixin},
  journal={arXiv preprint arXiv:2501.01880},
  year={2024}
}

@article{xu2023retrieval,
  title={Retrieval meets long context large language models},
  author={Xu, Peng and Ping, Wei and Wu, Xianchao and McAfee, Lawrence and Zhu, Chen and Liu, Zihan and Subramanian, Sandeep and Bakhturina, Evelina and Shoeybi, Mohammad and Catanzaro, Bryan},
  journal={arXiv preprint arXiv:2310.03025},
  year={2023}
}

@article{yue2024inference,
  title={Inference scaling for long-context retrieval augmented generation},
  author={Yue, Zhenrui and Zhuang, Honglei and Bai, Aijun and Hui, Kai and Jagerman, Rolf and Zeng, Hansi and Qin, Zhen and Wang, Dong and Wang, Xuanhui and Bendersky, Michael},
  journal={arXiv preprint arXiv:2410.04343},
  year={2024}
}

@article{zhao2024retrieval,
  title={Retrieval-augmented generation for ai-generated content: A survey},
  author={Zhao, Penghao and Zhang, Hailin and Yu, Qinhan and Wang, Zhengren and Geng, Yunteng and Fu, Fangcheng and Yang, Ling and Zhang, Wentao and Cui, Bin},
  journal={arXiv preprint arXiv:2402.19473},
  year={2024}
}

