% LiDAR based collision avoidance
@article{derrouaoui2021pso,
  title={{PSO Based Optimal Gain Scheduling Backstepping Flight Controller Design for a Transformable Quadrotor}},
  author={Derrouaoui, Saddam Hocine and Bouzid, Yasser and Guiatni, Mohamed},
  journal={Journal of Intelligent \& Robotic Systems},
  volume={102},
  number={3},
  pages={1--25},
  year={2021},
  publisher={Springer}
}

@article{derrouaoui2020dynamic,
  title={{Dynamic Modeling of a Transformable Quadrotor}},
  author={Derrouaoui, SH and Guiatni, M and Bouzid, Y and Dib, I and Moudjari, N},
  booktitle={2020 International Conference on Unmanned Aircraft Systems (ICUAS)},
  pages={1714--1719},
  year={2020},
  organization={IEEE}
}

@article{zheng2019obstacle,
  title={{The Obstacle Detection Method of UAV-Based on 2D LiDAR}},
  author={Zheng, Lanxiang and Zhang, Ping and Tan, Jia and Li, Fang},
  journal={IEEE Access},
  volume={7},
  pages={163437--163448},
  year={2019},
  organization={IEEE}
}

@article{matthies2014stereo,
  title={{Stereo Vision-Based Obstacle Avoidance for Micro Air Vehicles Using Disparity Space}},
  author={Matthies, Larry and Brockers, Roland and Kuwata, Yoshiaki and Weiss, Stephan},
  journal={International Conference on Robotics and Automation (ICRA)},
  pages={3242--3249},
  year={2014},
  organization={IEEE}
}
% vision based collision avoidance
% heuristics
@article{yasin2020unmanned,
  title={{Unmanned Aerial Vehicles (UAVs): Collision Avoidance Systems and Approaches}},
  author={Yasin, Jawad N and Mohamed, Sherif AS and Haghbayan, Mohammad-Hashem and Heikkonen, Jukka and Tenhunen, Hannu and Plosila, Juha},
  journal={IEEE Access},
  volume={8},
  pages={105139--105155},
  year={2020},
  publisher={IEEE}
}

@article{watanabe2007vision,
  title={{Vision-based Obstacle Avoidance for UAVs}},
  author={Watanabe, Yoko and Calise, Anthony and Johnson, Eric},
  journal={AIAA guidance, navigation and control conference and exhibit},
  pages={6829},
  year={2007}
}

@article{park2012stereo,
  title={{Stereo Vision-based Collision Avoidance of Quadrotor UAV}},
  author={Park, Jongho and Kim, Youdan},
  journal={2012 12th International Conference on Control, Automation and Systems},
  pages={173--178},
  year={2012},
  organization={IEEE}
}

@article{yoo2011optical,
  title={{Optical Flow-based Collision Avoidance of Multi-Rotor UAVs in Urban Environments}},
  author={Yoo, Dong-Wan and Won, Dae-Yeon and Tahk, Min-Jea},
  journal={International Journal of Aeronautical and Space Sciences},
  volume={12},
  number={3},
  pages={252--259},
  year={2011},
  publisher={The Korean Society for Aeronautical and Space Sciences}
}

% estimate time-to-collision
@article{saha2014real,
  title={{A Real-time Monocular Vision-based Frontal Obstacle Detection and Avoidance for Low Cost UAVs in GPS Denied Environment}},
  author={Saha, Suman and Natraj, Ashutosh and Waharte, Sonia},
  journal={International Conference on Aerospace Electronics and Remote Sensing Technology},
  pages={189--195},
  year={2014},
  organization={IEEE}
}
% size expansion algorithm
@article{mori2013first,
  title={{First Results in Detecting and Avoiding Frontal Obstacles from a Monocular Camera for Micro Unmanned Aerial Vehicles}},
  author={Mori, Tomoyuki and Scherer, Sebastian},
  journal={International Conference on Robotics and Automation (ICRA)},
  pages={1750--1757},
  year={2013},
  organization={IEEE}
}
% Estimate Depth Map
@article{alvarez2016collision,
  title={{Collision Avoidance for Quadrotors with a Monocular Camera}},
  author={Alvarez, H and Paz, Lina Maria and Sturm, J{\"u}rgen and Cremers, Daniel},
  journal={Experimental Robotics},
  pages={195--209},
  year={2016},
  organization={Springer}
}
% DNN based collision avoidance
@article{chakravarty2017cnn,
  title={{CNN-Based Single Image Obstacle Avoidance on a Quadrotor}},
  author={Chakravarty, Punarjay and Kelchtermans, Klaas and Roussel, Tom and Wellens, Stijn and Tuytelaars, Tinne and Van Eycken, Luc},
  journal={International Conference on Robotics and Automation (ICRA)},
  pages={6369--6374},
  year={2017},
  organization={IEEE}
}

@article{lavalle1998rapidly,
  title={{Rapidly-Exploring Random Trees: A New Tool for Path Planning}},
  author={LaValle, Steven M and others},
  year={1998},
  publisher={Ames, IA, USA}
}

@article{sniedovich2006dijkstra,
  title={{Dijkstra's Algorithm Revisited: the Dynamic Programming Connexion}},
  author={Sniedovich, Moshe},
  journal={Control and cybernetics},
  volume={35},
  number={3},
  pages={599--620},
  year={2006}
}
@article{zhou2017fast,
  title={{Fast, Online Collision Avoidance for Dynamic Vehicles Using Buffered Voronoi Cells}},
  author={Zhou, Dingjiang and Wang, Zijian and Bandyopadhyay, Saptarshi and Schwager, Mac},
  journal={Robotics and Automation Letters (RA-L)},
  volume={2},
  number={2},
  pages={1047--1054},
  year={2017},
  publisher={IEEE}
}

@article{julier1997new,
  title={{New Extension of the Kalman Filter to Nonlinear Systems}},
  author={Julier, Simon J and Uhlmann, Jeffrey K},
  journal={Signal processing, Sensor Fusion, and Target Recognition VI},
  volume={3068},
  pages={182--193},
  year={1997},
  publisher={International Society for Optics and Photonics}
}

@article{green2008optic,
  title={{Optic Flow-Based Collision Avoidance}},
  author={Green, William E and Oh, Paul Y},
  journal={Robotics \& Automation Magazine},
  volume={15},
  number={1},
  pages={96--103},
  year={2008},
  publisher={IEEE}
}
% optical flow based
@article{cho2019vision,
  title={{Vision-Based Obstacle Avoidance Strategies for Mavs Using Optical Flows in 3D Textured Environments}},
  author={Cho, Gangik and Kim, Jongyun and Oh, Hyondong},
  journal={Sensors},
  volume={19},
  number={11},
  pages={2523},
  year={2019},
  publisher={Multidisciplinary Digital Publishing Institute}
}
% Filtering method
@article{shirai2004asymmetry,
  title={{Asymmetry in the Perception of Motion-in-depth}},
  author={Shirai, Nobu and Yamaguchi, Masami K},
  journal={Vision Research},
  volume={44},
  number={10},
  pages={1003--1011},
  year={2004},
  publisher={Elsevier}
}

% size expansion
@article{al2017obstacle,
  title={{Obstacle Detection and Avoidance System Based on Monocular Camera and Size Expansion Algorithm for UAVs}},
  author={Al-Kaff, Abdulla and Garc{\'\i}a, Fernando and Mart{\'\i}n, David and De La Escalera, Arturo and Armingol, Jos{\'e} Mar{\'\i}a},
  journal={Sensors},
  volume={17},
  number={5},
  pages={1061},
  year={2017},
  publisher={Multidisciplinary Digital Publishing Institute}
}

% DNN papers: binary Classification of collision
@article{daftry2016introspective,
  title={{Introspective Perception: Learning to Predict Failures in Vision Systems}},
  author={Daftry, Shreyansh and Zeng, Sam and Bagnell, J Andrew and Hebert, Martial},
  journal={International Conference on Intelligent Robots and Systems (IROS)},
  pages={1743--1750},
  year={2016},
  organization={IEEE}
}

@article{strickland2018deep,
  title={{Deep Predictive Models for Collision Risk Assessment in Autonomous Driving}},
  author={Strickland, Mark and Fainekos, Georgios and Amor, Heni Ben},
  journal={International Conference on Robotics and Automation (ICRA)},
  pages={4685--4692},
  year={2018},
  organization={IEEE}
}

@article{loquercio2018dronet,
  title={{DroNet: Learning to Fly by Driving}},
  author={Loquercio, Antonio and Maqueda, Ana I and Del-Blanco, Carlos R and Scaramuzza, Davide},
  journal={Robotics and Automation Letters (RA-L)},
  volume={3},
  number={2},
  pages={1088--1095},
  year={2018},
  publisher={IEEE}
}

% time-to-collision estimation 
@article{manglik2019forecasting,
  title={{Forecasting Time-to-Collision from Monocular Video: Feasibility, Dataset, and Challenges}},
  author={Manglik, Aashi and Weng, Xinshuo and Ohn-Bar, Eshed and Kitanil, Kris M},
  journal={International Conference on Intelligent Robots and Systems (IROS)},
  pages={8081--8088},
  year={2019},
  organization={IEEE}
}

@article{jakobi1995noise,
  title={{Noise and the Reality-Gap: The Use of Simulation in Evolutionary Robotics}},
  author={Jakobi, Nick and Husbands, Phil and Harvey, Inman},
  journal={European Conference on Artificial Life (ECAL)},
  pages={704--720},
  year={1995},
  organization={Springer}
}

% sim-to-real methods
@article{tobin2017domain,
  title={{Domain Randomization for Transferring Deep Neural Networks from Simulation to the Real World}},
  author={Tobin, Josh and Fong, Rachel and Ray, Alex and Schneider, Jonas and Zaremba, Wojciech and Abbeel, Pieter},
  journal={International Conference on Intelligent Robots and Systems (IROS)},
  pages={23--30},
  year={2017},
  organization={IEEE}
}


@article{sadeghi2016cad2rl,
  title={{CAD2RL: Real Single-Image Flight Without a Single Real Image}},
  author={Sadeghi, Fereshteh and Levine, Sergey},
  journal={arXiv preprint arXiv:1611.04201},
  year={2016}
}

@article{stein2018genesis,
  title={{GeneSIS-RT: Generating Synthetic Images for Training Secondary Real-World Tasks}},
  author={Stein, Gregory J and Roy, Nicholas},
  journal={International Conference on Robotics and Automation (ICRA)},
  pages={7151--7158},
  year={2018},
  organization={IEEE}
}

@article{Aguero-2015-VRC,
  author={Aguero, C.E. and Koenig, N. and Chen, I. and Boyer, H. and Peters, S. and Hsu, J. and Gerkey, B. and Paepcke, S. and Rivero, J.L.  and Manzo, J. and Krotkov, E. and Pratt, G.},
  journal={Automation Science and Engineering, IEEE Transactions on},
  title={{Inside the Virtual Robotics Challenge: Simulating Real-Time Robotic Disaster Response}},
  year={2015},
  month={April},
  volume={12},
  number={2},
  pages={494-506},
  keywords={Computational modeling;Computer architecture;Computers;Real-time systems;Robot sensing systems;Servers;Cloud robotics;real-time robot simulation;robotic disaster response},
  doi={10.1109/TASE.2014.2368997},
  ISSN={1545-5955}
}

@article{zhu2017unpaired,
  title={{Unpaired Image-to-Image Translation Using Cycle-Consistent Adversarial Networks}},
  author={Zhu, Jun-Yan and Park, Taesung and Isola, Phillip and Efros, Alexei A},
  journal={International Conference on Computer Vision (ICCV)},
  pages={2242--2251},
  year={2017},
  organization={IEEE}
}

@article{goodfellow2014generative,
  title={{Generative Adversarial Networks}},
  author={Goodfellow, Ian J and Pouget-Abadie, Jean and Mirza, Mehdi and Xu, Bing and Warde-Farley, David and Ozair, Sherjil and Courville, Aaron and Bengio, Yoshua},
  journal={arXiv preprint arXiv:1406.2661},
  year={2014}
}

@article{ben2010theory,
  title={{A Theory of Learning from Different Domains}},
  author={Ben-David, Shai and Blitzer, John and Crammer, Koby and Kulesza, Alex and Pereira, Fernando and Vaughan, Jennifer Wortman},
  journal={{Machine Learning}},
  volume={79},
  number={1},
  pages={151--175},
  year={2010},
  publisher={Springer}
}


@article{zhang2019vr,
  title={{VR-Goggles for Robots: Real-to-Sim Domain Adaptation for Visual Control}},
  author={Zhang, Jingwei and Tai, Lei and Yun, Peng and Xiong, Yufeng and Liu, Ming and Boedecker, Joschka and Burgard, Wolfram},
  journal={Robotics and Automation Letters (RA-L)},
  volume={4},
  number={2},
  pages={1148--1155},
  year={2019},
  publisher={IEEE}
}

@article{yoo2017domain,
  title={{Domain Adaptation Using Adversarial Learning for Autonomous Navigation}},
  author={Yoo, Jaeyoon and Hong, Yongjun and Noh, YungKyun and Yoon, Sungroh},
  journal={arXiv preprint arXiv:1712.03742},
  year={2017}
}

@article{bewley2019learning,
  title={{Learning to Drive from Simulation Without Real World Labels}},
  author={Bewley, Alex and Rigley, Jessica and Liu, Yuxuan and Hawke, Jeffrey and Shen, Richard and Lam, Vinh-Dieu and Kendall, Alex},
  journal={International Conference on Robotics and Automation (ICRA)},
  pages={4818--4824},
  year={2019},
  organization={IEEE}
}

@article{el2018yolo4d,
  title={{YOLO4D: A Spatio-Temporal Approach for Real-Time Multi-Object Detection and Classification from LiDAR Point Clouds}},
  author={El Sallab, Ahmad and Sobh, Ibrahim and Zidan, Mahmoud and Zahran, Mohamed and Abdelkarim, Sherif},
  year={2018}
}

@article{hernandez2015probabilistic,
  title={{Probabilistic Backpropagation for Scalable Learning of Bayesian Neural Networks}},
  author={Hern{\'a}ndez-Lobato, Jos{\'e} Miguel and Adams, Ryan},
  journal={International Conference on Machine Learning},
  pages={1861--1869},
  year={2015},
  organization={PMLR}
}

@article{osband2016risk,
  title={{Risk Versus Uncertainty in Deep Learning: Bayes, Bootstrap and the Dangers of Dropout}},
  author={Osband, Ian},
  journal={NIPS Workshop on Bayesian Deep Learning},
  volume={192},
  year={2016}
}

@article{neal2012bayesian,
  title={{Bayesian Learning for Neural Networks}},
  author={Neal, Radford M},
  journal={Springer Science \& Business Media},
  volume={118},
  year={2012}
}

@article{hora1996aleatory,
  title={{Aleatory and Epistemic Uncertainty in Probability Elicitation with an Example from Hazardous Waste Management}},
  author={Hora, Stephen C},
  journal={Reliability Engineering \& System Safety},
  volume={54},
  number={2-3},
  pages={217--223},
  year={1996},
  publisher={Elsevier}
}

@article{der2009aleatory,
  title={{Aleatory or Epistemic? Does it Matter?}},
  author={Der Kiureghian, Armen and Ditlevsen, Ove},
  journal={{Structural Safety}},
  volume={31},
  number={2},
  pages={105--112},
  year={2009},
  publisher={Elsevier}
}

@article{kendall2017uncertainties,
  title={{What Uncertainties Do We Need in Bayesian Deep Learning for Computer Vision?}},
  author={Kendall, Alex and Gal, Yarin},
  journal={Neural Information Processing Systems (NIPS)},
  year={2017}
}

@article{loquercio2020general,
  title={{A General Framework for Uncertainty Estimation in Deep Learning}},
  author={Loquercio, Antonio and Segu, Mattia and Scaramuzza, Davide},
  journal={Robotics and Automation Letters (RA-L)},
  volume={5},
  number={2},
  pages={3153--3160},
  year={2020},
  publisher={IEEE}
}

@article{kahn2017uncertainty,
  title={{Uncertainty-Aware Reinforcement Learning for Collision Avoidance}},
  author={Kahn, Gregory and Villaflor, Adam and Pong, Vitchyr and Abbeel, Pieter and Levine, Sergey},
  journal={arXiv preprint arXiv:1702.01182},
  year={2017}
}

@book{joyce2003bayes,
  title={{Bayes' Theorem}},
  author={Joyce, James},
  year={2003}
}

@inproceedings{nix1994estimating,
  title={{Estimating the Mean and Variance of the Target Probability Distribution}},
  author={Nix, David A and Weigend, Andreas S},
  booktitle={Proceedings of International Conference on Neural Networks (ICNN)},
  volume={1},
  pages={55--60},
  year={1994},
  organization={IEEE}
}

@article{isola2017image,
  title={{Image-to-Image Translation with Conditional Adversarial Networks}},
  author={Isola, Phillip and Zhu, Jun-Yan and Zhou, Tinghui and Efros, Alexei A},
  journal={International Conference on Computer Vision and Pattern Recognition (CVPR)},
  pages={5967--5976},
  year={2017},
  organization={IEEE}
}

@article{shi2015convolutional,
  title={{Convolutional LSTM Network: A Machine Learning Approach for Precipitation Nowcasting}},
  author={Shi, Xingjian and Chen, Zhourong and Wang, Hao and Yeung, Dit Yan and Wong, Wai Kin and Woo, Wang Chun},
  journal={Neural Information Processing Systems (NIPS)},
  volume={2015},
  pages={802--810},
  year={2015},
  organization={Citeseer}
}

@article{hochreiter1997long,
  title={{Long Short-Term Memory}},
  author={Hochreiter, Sepp and Schmidhuber, J{\"u}rgen},
  journal={{Neural Computation}},
  volume={9},
  number={8},
  pages={1735--1780},
  year={1997},
  publisher={MIT Press}
}

@article{srivastava2014dropout,
  title={{Dropout: A Simple Way to Prevent Neural Networks from Overfitting}},
  author={Srivastava, Nitish and Hinton, Geoffrey and Krizhevsky, Alex and Sutskever, Ilya and Salakhutdinov, Ruslan},
  journal={Journal of Machine Learning Research (JMLR)},
  volume={15},
  number={1},
  pages={1929--1958},
  year={2014}
}

@article{kingma2014adam,
  title={{Adam: A Method for Stochastic Optimization}},
  author={Kingma, Diederik P and Ba, Jimmy},
  journal={arXiv preprint arXiv:1412.6980},
  year={2014}
}

@article{van2008visualizing,
  title={{Visualizing Data using t-SNE}},
  author={Van der Maaten, Laurens and Hinton, Geoffrey},
  journal={Journal of Machine Learning Research (JMLR)},
  volume={9},
  number={11},
  year={2008}
}

@article{he2016identity,
  title={{Identity Mappings in Deep Residual Networks}},
  author={He, Kaiming and Zhang, Xiangyu and Ren, Shaoqing and Sun, Jian},
  journal={European Conference on Computer Vision (ECCV)},
  pages={630--645},
  year={2016},
  organization={Springer}
}

@article{dumoulin2016adversarially,
  title={{Adversarially Learned Inference}},
  author={Dumoulin, Vincent and Belghazi, Ishmael and Poole, Ben and Mastropietro, Olivier and Lamb, Alex and Arjovsky, Martin and Courville, Aaron},
  journal={arXiv preprint arXiv:1606.00704},
  year={2016}
}

@article{graves2011practical,
  title={{Practical Variational Inference for Neural Networks}},
  author={Graves, Alex},
  journal={Neural Information Processing Systems (NIPS)},
  pages={2348--2356},
  year={2011}
}

@article{blundell2015weight,
  title={{Weight Uncertainty in Neural Network}},
  author={Blundell, Charles and Cornebise, Julien and Kavukcuoglu, Koray and Wierstra, Daan},
  journal={International Conference on Machine Learning (ICML)},
  pages={1613--1622},
  year={2015},
  organization={Preceedings of Machine Learning Research (PMLR)}
}

@article{gal2015bayesian,
  title={{Bayesian Convolutional Neural Networks with Bernoulli Approximate Variational Inference}},
  author={Gal, Yarin and Ghahramani, Zoubin},
  journal={arXiv preprint arXiv:1506.02158},
  year={2015}
}

@MISC{ros,
  author = {{Stanford Artificial Intelligence Laboratory}},
  title = {{Robotic Operating System (ROS)}},
  howpublished = {\url{https://www.ros.org}},
  year = {2018}
}

@MISC{parrotbebop,
    author = {Mani Monajjemi},
    title = {{Bebop Autonomy}},
    howpublished = {\url{http://wiki.ros.org/bebop-autonomy}},
}
