@article{fukami2021global,
	title={Global field reconstruction from sparse sensors with {Voronoi} tessellation-assisted deep learning},
	author={Fukami, Kai and Maulik, Romit and Ramachandra, Nesar and Fukagata, Koji and Taira, Kunihiko},
	journal={Nature Machine Intelligence},
	volume={3},
	number={11},
	pages={945--951},
	year={2021},
	publisher={Nature Publishing Group UK London}
}

@article{domingo2016sensor,
	title={Sensor placement determination for range-difference positioning using evolutionary multi-objective optimization},
	author={Domingo-Perez, Francisco and Lazaro-Galilea, Jose Luis and Wieser, Andreas and Martin-Gorostiza, Ernesto and Salido-Monzu, David and de la Llana, Alvaro},
	journal={Expert Systems with Applications},
	volume={47},
	pages={95--105},
	year={2016}
}

@article{julian2012distributed,
	title={Distributed robotic sensor networks: {An} information-theoretic approach},
	author={Julian, Brian J and Angermann, Michael and Schwager, Mac and Rus, Daniela},
	journal={The International Journal of Robotics Research},
	volume={31},
	number={10},
	pages={1134--1154},
	year={2012},
	publisher={SAGE Publications Sage UK: London, England}
}

@article{kandris2020applications,
	title={Applications of wireless sensor networks: {An} up-to-date survey},
	author={Kandris, Dionisis and Nakas, Christos and Vomvas, Dimitrios and Koulouras, Grigorios},
	journal={Applied System Innovation},
	volume={3},
	number={1},
	pages={1-14},
	year={2020},
	publisher={MDPI}
}

@article{SEO2023119459,
	title = {Collision-free active sensing for maximum seeking of unknown environment fields with {Gaussian} processes},
	journal = {Expert Systems with Applications},
	volume = {216},
	pages = {1-16},
	year = {2023},
	author = {Jaemin Seo and Geunsik Bae and Hyondong Oh}
}

@inproceedings{8793848,
	author={Hutchinson, Michael and Ladosz, Pawel and Liu, Cunjia and Chen, Wen-Hua},
	booktitle={IEEE International Conference on Robotics and Automation}, 
	title={Experimental Assessment of Plume Mapping using Point Measurements from Unmanned Vehicles}, 
	year={2019},
	pages={7720-7726}}

@article{KIM2109,
	author={Jigang Kim and Dohyun Jang and H. Jin Kim},
	title = {Distributed Multi-agent Target Search and Tracking With {Gaussian} Process and Reinforcement Learning},
	journal = {International Journal of Control, Automation and Systems},
	volume = {21},
        number={9},
	pages = {3057--3067},
	year = {2023}
}

@article{KIM20129,
	author={Jongyun Kim and Pawel Ladosz and Hyondong Oh},
	title = {Optimal communication relay positioning in mobile multi-node networks},
	journal = {Robotics and Autonomous Systems},
	volume = {129},
	pages = {1-18},
	year = {2020}
}

@article{gu2012spatial,
	title={Spatial {Gaussian} process regression with mobile sensor networks},
	author={Gu, Dongbing and Hu, Huosheng},
	journal={IEEE Trans. Neural Netw. Learn. Syst.},
	volume={23},
	number={8},
	pages={1279--1290},
	year={2012},
	publisher={IEEE}
}

@article{9144385,
	author={Jang, Dohyun and Yoo, Jaehyun and Son, Clark Youngdong and Kim, Dabin and Kim, H. Jin},
	journal={IEEE Robotics and Automation Letters}, 
	title={Multi-Robot Active Sensing and Environmental Model Learning With Distributed {Gaussian} Process}, 
	year={2020},
	volume={5},
	number={4},
	pages={5905-5912}}
	
@article{10.5555/1390681.1390689,
	author = {Krause, Andreas and Singh, Ajit and Guestrin, Carlos},
	title = {Near-Optimal Sensor Placements in {Gaussian} Processes: Theory, Efficient Algorithms and Empirical Studies},
	year = {2008},
	volume = {9},
	journal = {Journal of Machine Learning Research},
	pages = {235–284}
}

@article{wang2017online,
	title={An online {Bayesian} filtering framework for {Gaussian} process regression: {Application} to global surface temperature analysis},
	author={Wang, Yali and Chaib-draa, Brahim},
	journal={Expert Systems with Applications},
	volume={67},
	pages={285--295},
	year={2017},
	publisher={Elsevier}
}

@article{manfredi2013design,
	title={Design of a multi-hop dynamic consensus algorithm over wireless sensor networks},
	author={Manfredi, Sabato},
	journal={Control Engineering Practice},
	volume={21},
	number={4},
	pages={381--394},
	year={2013},
	publisher={Elsevier}
}

@inproceedings{deisenroth2015distributed,
	title={Distributed {Gaussian} processes},
	author={Deisenroth, Marc and Ng, Jun Wei},
	booktitle={International Conference on Machine Learning},
	pages={1481--1490},
	year={2015}
}

@article{choi2015distributed,
	title={Distributed Gaussian process regression under localization uncertainty},
	author={Choi, Sungjoon and Jadaliha, Mahdi and Choi, Jongeun and Oh, Songhwai},
	journal={Journal of Dynamic Systems, Measurement and Control},
	volume={137},
	number={3},
	pages={11},
	year={2015},
	publisher={American Society of Mechanical Engineers}
}

@article{8387507,
	author={Pillonetto, Gianluigi and Schenato, Luca and Varagnolo, Damiano},
	journal={IEEE Transactions on Pattern Analysis and Machine Intelligence}, 
	title={Distributed Multi-Agent {Gaussian} Regression via Finite-Dimensional Approximations}, 
	year={2019},
	volume={41},
	number={9},
	pages={2098--2111}
}

@article{solin2020hilbert,
	title={Hilbert space methods for reduced-rank {Gaussian} process regression},
	author={Solin, Arno and S{\"a}rkk{\"a}, Simo},
	journal={Statistics and Computing},
	volume={30},
	number={2},
	pages={419--446},
	year={2020}
}

@article{solin2014hilbert,
	title={Hilbert space methods for reduced-rank {Gaussian} process regression},
	author={Solin, Arno and S{\"a}rkk{\"a}, Simo},
	journal={arXiv:1401.5508},
	year={2014}
}

@article{8880505,
	author={Veibäck, Clas and Olofsson, Jonatan and Lauknes, Tom Rune and Hendeby, Gustaf},
	journal={IEEE Transactions on Aerospace and Electronic Systems}, 
	title={Learning Target Dynamics While Tracking Using {Gaussian} Processes}, 
	year={2020},
	volume={56},
	number={4},
	pages={2591-2602}
	}

@article{viset2022extended,
	title={{An extended Kalman filter for magnetic field SLAM using Gaussian process regression}},
	author={Viset, Frida and Helmons, Rudy and Kok, Manon},
	journal={Sensors},
	volume={22},
	number={8},
	pages={2833-2851},
	year={2022}
}


%@phdthesis{osborne2010bayesian,
%	title={Bayesian {Gaussian} processes for sequential prediction, optimisation and quadrature},
%	author={Osborne, Michael A},
%	year={2010},
%	school={Oxford University},
%	address = {Oxford., UK}
%}
%
%@article{huber2014recursive,
%	title={Recursive {Gaussian} process: On-line regression and learning},
%	author={Huber, Marco F},
%	journal={Pattern Recognition Letters},
%	volume={45},
%	pages={85--91},
%	year={2014},
%	publisher={Elsevier}
%}

%@article{xu2011sequential,
%	title={Sequential Bayesian prediction and adaptive sampling algorithms for mobile sensor networks},
%	author={Xu, Yunfei and Choi, Jongeun and Dass, Sarat and Maiti, Tapabrata},
%	journal={IEEE Trans. Autom. Control.},
%	volume={57},
%	number={8},
%	pages={2078--2084},
%	year={2011},
%	publisher={IEEE}
%}	

@book{sarkka2013bayesian,
	title={Bayesian filtering and smoothing},
	author={S{\"a}rkk{\"a}, Simo},
	year={2013},
	publisher={Cambridge university press}
}

@inproceedings{olfati2009kalman,
	title={Kalman-consensus filter: Optimality, stability, and performance},
	author={Olfati-Saber, Reza},
	booktitle={IEEE Conference on Decision and Control},
	pages={7036--7042},
	year={2009}
}

@article{kar2010gossip,
	title={Gossip and distributed Kalman filtering: Weak consensus under weak detectability},
	author={Kar, Soummya and Moura, Jos{\'e} MF},
	journal={IEEE Transactions on Signal Processing},
	volume={59},
	number={4},
	pages={1766--1784},
	year={2010}
}

@inproceedings{rasmussen2004gaussian,
	title={Gaussian processes in machine learning},
	author={Rasmussen, Carl Edward},
	booktitle={Summer School on Machine Learning},
	pages={63--71},
	year={2003},
	publisher={Springer}
}

@inproceedings{Levy2008,
	author={Levy, Bernard C.},
	title={Karhunen {Loeve} Expansion of {Gaussian} Processes},
	booktitle={Principles of Signal Detection and Parameter Estimation},
	year={2008},
	publisher={Springer},
	address={Boston, MA},
	pages={1--47}
}

@inproceedings{Larry2003,
	author={Larry, Wasserman},
	title={A concise course in statistical inference},
	booktitle={All of Statistics},
	year={2003},
	publisher={Springer},
	address={Newyork, NY},
	pages={1--442}
}

@article{solin2018modeling,
	title={Modeling and interpolation of the ambient magnetic field by {Gaussian} processes},
	author={Solin, Arno and Kok, Manon and Wahlstr{\"o}m, Niklas and Sch{\"o}n, Thomas B and S{\"a}rkk{\"a}, Simo},
	journal={IEEE Transactions on Robotics},
	volume={34},
	number={4},
	pages={1112--1127},
	year={2018}
}

@inproceedings{1239709,
	author={Saber, R.O. and Murray, R.M.},
	booktitle={American Control Conference}, 
	title={Consensus protocols for networks of dynamic agents}, 
	year={2003},
	pages={951-956}}

@inproceedings{hartikainen2010kalman,
	title={Kalman filtering and smoothing solutions to temporal {Gaussian} process regression models},
	author={Hartikainen, Jouni and S{\"a}rkk{\"a}, Simo},
	booktitle={IEEE International Workshop on Machine Learning for Signal Processing},
	pages={379--384},
	year={2010}
}

@article{jadbabaie2003coordination,
	title={Coordination of groups of mobile autonomous agents using nearest neighbor rules},
	author={Jadbabaie, Ali and Lin, Jie and Morse, A Stephen},
	journal={IEEE Transactions on Automatic Control},
	volume={48},
	number={6},
	pages={988--1001},
	year={2003},
}

@book{bejan2013convection,
	title={Convection heat transfer},
	author={Bejan, Adrian},
	year={2013},
	publisher={John wiley \& sons}
}

@article{newaz2023decentralized,
	title={Decentralized Multi-Robot Information Gathering From Unknown Spatial Fields},
	author={Newaz, Abdullah Al Redwan and Alsayegh, Murtadha and Alam, Tauhidul and Bobadilla, Leonardo},
	journal={IEEE Robotics and Automation Letters},
	volume={8},
	number={5},
	pages={3070--3077},
	year={2023},
}

@article{guerrero2021sparse,
	title={Sparse {Gaussian} process for online seagrass semantic mapping},
	author={Guerrero-Font, Eric and Bonin-Font, Francisco and Martin-Abadal, Miguel and Gonzalez-Cid, Yolanda and Oliver-Codina, Gabriel},
	journal={Expert Systems with Applications},
	volume={170},
	pages={1-14},
	year={2021}
}

%@online{proof_consensus,
%	title={Privector consensus protocol: A Supplementary for Convergence Proof },
%	author={Seo, Jaemin and Bae, Geunsik and Oh, Hyondong},
%	archivePrefix ={arXiv},
%	primaryClass ={cs.LG},
%	url = {https://bit.ly/aslunist},
%	year={2023},
%	}
%	
	

@inproceedings{nejad2009max,
	title={Max-consensus in a max-plus algebraic setting: {The} case of fixed communication topologies},
	author={Nejad, Behrang Monajemi and Attia, Sid Ahmed and Raisch, Jorg},
	booktitle={International Conference on Information, Communication and Automation Technologies},
	pages={1--7},
	year={2009},
	organization={IEEE}
}


@article{cohen1999max,
	title={Max-plus algebra and system theory: Where we are and where to go now},
	author={Cohen, Guy and Gaubert, St{\'e}phane and Quadrat, Jean-Pierre},
	journal={Annual Reviews in Control},
	volume={23},
	pages={207--219},
	year={1999},
	publisher={Elsevier}
}
