@ARTICLE{10872817,
  author={Peng, Tianhao and Yuan, Haitao and Zhang, Yongqi and Li, Yuchen and Dai, Peihong and Wang, Qunbo and Wang, Senzhang and Wu, Wenjun},
  journal={IEEE Transactions on Knowledge and Data Engineering}, 
  title={TagRec: Temporal-Aware Graph Contrastive Learning with Theoretical Augmentation for Sequential Recommendation}, 
  year={2025},
  volume={},
  number={},
  pages={1-14},
  keywords={Collaboration;Data models;Recommender systems;Data augmentation;Contrastive learning;Adaptation models;Graph neural networks;Analytical models;Electronic mail;Transformers;Continuous-Time Sequential Recommendation;Graph Contrastive Learning;Graph Neural Network;Data Augmentation},
  doi={10.1109/TKDE.2025.3538706}}

@inproceedings{alpha,
  title={Alpha: Attention-based long-horizon pathfinding in highly-structured areas},
  author={He, Chengyang and Yang, Tianze and Duhan, Tanishq and Wang, Yutong and Sartoretti, Guillaume},
  booktitle={2024 IEEE International Conference on Robotics and Automation (ICRA)},
  pages={14576--14582},
  year={2024},
  organization={IEEE}
}

@article{bodnar2022neural,
  title={Neural sheaf diffusion: A topological perspective on heterophily and oversmoothing in gnns},
  author={Bodnar, Cristian and Di Giovanni, Francesco and Chamberlain, Benjamin and Lio, Pietro and Bronstein, Michael},
  journal={Advances in Neural Information Processing Systems},
  volume={35},
  pages={18527--18541},
  year={2022}
}

@article{dcc,
  title={Learning selective communication for multi-agent path finding},
  author={Ma, Ziyuan and Luo, Yudong and Pan, Jia},
  journal={IEEE Robotics and Automation Letters},
  volume={7},
  number={2},
  pages={1455--1462},
  year={2021},
  publisher={IEEE}
}

@inproceedings{dhc,
  title={Distributed heuristic multi-agent path finding with communication},
  author={Ma, Ziyuan and Luo, Yudong and Ma, Hang},
  booktitle={2021 IEEE International Conference on Robotics and Automation (ICRA)},
  pages={8699--8705},
  year={2021},
  organization={IEEE}
}

@book{grothendieck1955general,
  title={A general theory of fibre spaces with structure sheaf},
  author={Grothendieck, Alexandre},
  number={4},
  year={1955},
  publisher={University of Kansas, Department of Mathematics}
}

@phdthesis{hansen2020laplacians,
  title={Laplacians of Cellular Sheaves: Theory and Applications},
  author={Hansen, Jakob},
  year={2020},
  school={University of Pennsylvania}
}

@article{hansen2021opinion,
  title={Opinion dynamics on discourse sheaves},
  author={Hansen, Jakob and Ghrist, Robert},
  journal={SIAM Journal on Applied Mathematics},
  volume={81},
  number={5},
  pages={2033--2060},
  year={2021},
  publisher={SIAM}
}

@article{magat,
  title={Message-aware graph attention networks for large-scale multi-robot path planning},
  author={Li, Qingbiao and Lin, Weizhe and Liu, Zhe and Prorok, Amanda},
  journal={IEEE Robotics and Automation Letters},
  volume={6},
  number={3},
  pages={5533--5540},
  year={2021},
  publisher={IEEE}
}

@inproceedings{peng2023clgt,
  title={CLGT: A graph transformer for student performance prediction in collaborative learning},
  author={Peng, Tianhao and Liang, Yu and Wu, Wenjun and Ren, Jian and Pengrui, Zhao and Pu, Yanjun},
  booktitle={Proceedings of the AAAI conference on artificial intelligence},
  volume={37},
  number={13},
  pages={15947--15954},
  year={2023}
}

@inproceedings{peng2024graphrare,
  title={Graphrare: Reinforcement learning enhanced graph neural network with relative entropy},
  author={Peng, Tianhao and Wu, Wenjun and Yuan, Haitao and Bao, Zhifeng and Pengru, Zhao and Yu, Xin and Lin, Xuetao and Liang, Yu and Pu, Yanjun},
  booktitle={2024 IEEE 40th International Conference on Data Engineering (ICDE)},
  pages={2489--2502},
  year={2024},
  organization={IEEE}
}

@inproceedings{pico,
  title={Multi-agent path finding with prioritized communication learning},
  author={Li, Wenhao and Chen, Hongjun and Jin, Bo and Tan, Wenzhe and Zha, Hongyuan and Wang, Xiangfeng},
  booktitle={2022 International Conference on Robotics and Automation (ICRA)},
  pages={10695--10701},
  year={2022},
  organization={IEEE}
}

@article{primal,
  title={Primal: Pathfinding via reinforcement and imitation multi-agent learning},
  author={Sartoretti, Guillaume and Kerr, Justin and Shi, Yunfei and Wagner, Glenn and Kumar, TK Satish and Koenig, Sven and Choset, Howie},
  journal={IEEE Robotics and Automation Letters},
  volume={4},
  number={3},
  pages={2378--2385},
  year={2019},
  publisher={IEEE}
}

@article{primal2,
  title={PRIMAL $ \_2 $: Pathfinding via reinforcement and imitation multi-agent learning-lifelong},
  author={Damani, Mehul and Luo, Zhiyao and Wenzel, Emerson and Sartoretti, Guillaume},
  journal={IEEE Robotics and Automation Letters},
  volume={6},
  number={2},
  pages={2666--2673},
  year={2021},
  publisher={IEEE}
}

@article{robinson2014topological,
  author       = {Stefania Sardellitti and
                  Sergio Barbarossa},
  title        = {Topological Signal Processing Over Generalized Cell Complexes},
  journal      = {{IEEE} Trans. Signal Process.},
  volume       = {72},
  pages        = {687--700},
  year         = {2024}
}

@inproceedings{scrimp,
  title={SCRIMP: Scalable communication for reinforcement-and imitation-learning-based multi-agent pathfinding},
  author={Wang, Yutong and Xiang, Bairan and Huang, Shinan and Sartoretti, Guillaume},
  booktitle={2023 IEEE/RSJ International Conference on Intelligent Robots and Systems (IROS)},
  pages={9301--9308},
  year={2023},
  organization={IEEE}
}

@article{sheafori,
  title={Leray in Oflag XVIIA: the origins of sheaf theory, sheaf cohomology, and spectral sequences},
  author={Miller, Haynes},
  journal={Kantor 2000},
  pages={17--34},
  year={2000}
}

