@article{honig2019persistent,
  title={Persistent and robust execution of MAPF schedules in warehouses},
  author={H{\"o}nig, Wolfgang and Kiesel, Scott and Tinka, Andrew and Durham, Joseph W and Ayanian, Nora},
  journal={IEEE Robotics and Automation Letters},
  volume={4},
  number={2},
  pages={1125--1131},
  year={2019},
  publisher={IEEE}
}

@article{rekik2019multi,
  title={A multi agent system for the online container stacking in seaport terminals},
  author={Rekik, Ines and Elkosantini, Sabeur},
  journal={Journal of Computational Science},
  volume={35},
  pages={12--24},
  year={2019},
  publisher={Elsevier}
}

@inproceedings{li2021lifelong,
  title={Lifelong multi-agent path finding in large-scale warehouses},
  author={Li, Jiaoyang and Tinka, Andrew and Kiesel, Scott and Durham, Joseph W and Kumar, TK Satish and Koenig, Sven},
  booktitle={Proceedings of the AAAI Conference on Artificial Intelligence},
  volume={35},
  number={13},
  pages={11272--11281},
  year={2021}
}

@article{hansen2019toward,
  title={Toward a spectral theory of cellular sheaves},
  author={Hansen, Jakob and Ghrist, Robert},
  journal={Journal of Applied and Computational Topology},
  volume={3},
  pages={315--358},
  year={2019},
  publisher={Springer}
}

@article{primal,
  title={Primal: Pathfinding via reinforcement and imitation multi-agent learning},
  author={Sartoretti, Guillaume and Kerr, Justin and Shi, Yunfei and Wagner, Glenn and Kumar, TK Satish and Koenig, Sven and Choset, Howie},
  journal={IEEE Robotics and Automation Letters},
  volume={4},
  number={3},
  pages={2378--2385},
  year={2019},
  publisher={IEEE}
}

@article{primal2,
  title={PRIMAL $ \_2 $: Pathfinding via reinforcement and imitation multi-agent learning-lifelong},
  author={Damani, Mehul and Luo, Zhiyao and Wenzel, Emerson and Sartoretti, Guillaume},
  journal={IEEE Robotics and Automation Letters},
  volume={6},
  number={2},
  pages={2666--2673},
  year={2021},
  publisher={IEEE}
}

@article{magat,
  title={Message-aware graph attention networks for large-scale multi-robot path planning},
  author={Li, Qingbiao and Lin, Weizhe and Liu, Zhe and Prorok, Amanda},
  journal={IEEE Robotics and Automation Letters},
  volume={6},
  number={3},
  pages={5533--5540},
  year={2021},
  publisher={IEEE}
}

@inproceedings{dhc,
  title={Distributed heuristic multi-agent path finding with communication},
  author={Ma, Ziyuan and Luo, Yudong and Ma, Hang},
  booktitle={2021 IEEE International Conference on Robotics and Automation (ICRA)},
  pages={8699--8705},
  year={2021},
  organization={IEEE}
}

@article{dcc,
  title={Learning selective communication for multi-agent path finding},
  author={Ma, Ziyuan and Luo, Yudong and Pan, Jia},
  journal={IEEE Robotics and Automation Letters},
  volume={7},
  number={2},
  pages={1455--1462},
  year={2021},
  publisher={IEEE}
}

@inproceedings{pico,
  title={Multi-agent path finding with prioritized communication learning},
  author={Li, Wenhao and Chen, Hongjun and Jin, Bo and Tan, Wenzhe and Zha, Hongyuan and Wang, Xiangfeng},
  booktitle={2022 International Conference on Robotics and Automation (ICRA)},
  pages={10695--10701},
  year={2022},
  organization={IEEE}
}

@inproceedings{scrimp,
  title={SCRIMP: Scalable communication for reinforcement-and imitation-learning-based multi-agent pathfinding},
  author={Wang, Yutong and Xiang, Bairan and Huang, Shinan and Sartoretti, Guillaume},
  booktitle={2023 IEEE/RSJ International Conference on Intelligent Robots and Systems (IROS)},
  pages={9301--9308},
  year={2023},
  organization={IEEE}
}

@inproceedings{alpha,
  title={Alpha: Attention-based long-horizon pathfinding in highly-structured areas},
  author={He, Chengyang and Yang, Tianze and Duhan, Tanishq and Wang, Yutong and Sartoretti, Guillaume},
  booktitle={2024 IEEE International Conference on Robotics and Automation (ICRA)},
  pages={14576--14582},
  year={2024},
  organization={IEEE}
}

@article{sheafori,
  title={Leray in Oflag XVIIA: the origins of sheaf theory, sheaf cohomology, and spectral sequences},
  author={Miller, Haynes},
  journal={Kantor 2000},
  pages={17--34},
  year={2000}
}

@book{grothendieck1955general,
  title={A general theory of fibre spaces with structure sheaf},
  author={Grothendieck, Alexandre},
  number={4},
  year={1955},
  publisher={University of Kansas, Department of Mathematics}
}

@phdthesis{hansen2020laplacians,
  title={Laplacians of Cellular Sheaves: Theory and Applications},
  author={Hansen, Jakob},
  year={2020},
  school={University of Pennsylvania}
}



@article{robinson2014topological,
  author       = {Stefania Sardellitti and
                  Sergio Barbarossa},
  title        = {Topological Signal Processing Over Generalized Cell Complexes},
  journal      = {{IEEE} Trans. Signal Process.},
  volume       = {72},
  pages        = {687--700},
  year         = {2024}
}

@article{hansen2021opinion,
  title={Opinion dynamics on discourse sheaves},
  author={Hansen, Jakob and Ghrist, Robert},
  journal={SIAM Journal on Applied Mathematics},
  volume={81},
  number={5},
  pages={2033--2060},
  year={2021},
  publisher={SIAM}
}

@article{bodnar2022neural,
  title={Neural sheaf diffusion: A topological perspective on heterophily and oversmoothing in gnns},
  author={Bodnar, Cristian and Di Giovanni, Francesco and Chamberlain, Benjamin and Lio, Pietro and Bronstein, Michael},
  journal={Advances in Neural Information Processing Systems},
  volume={35},
  pages={18527--18541},
  year={2022}
}

@article{odrm,
  title={Subdimensional expansion for multirobot path planning},
  author={Wagner, Glenn and Choset, Howie},
  journal={Artificial intelligence},
  volume={219},
  pages={1--24},
  year={2015},
  publisher={Elsevier}
}

@inproceedings{mapper,
  title={Mapper: Multi-agent path planning with evolutionary reinforcement learning in mixed dynamic environments},
  author={Liu, Zuxin and Chen, Baiming and Zhou, Hongyi and Koushik, Guru and Hebert, Martial and Zhao, Ding},
  booktitle={2020 IEEE/RSJ International Conference on Intelligent Robots and Systems (IROS)},
  pages={11748--11754},
  year={2020},
  organization={IEEE}
}

@article{g2rl,
  title={Mobile robot path planning in dynamic environments through globally guided reinforcement learning},
  author={Wang, Binyu and Liu, Zhe and Li, Qingbiao and Prorok, Amanda},
  journal={IEEE Robotics and Automation Letters},
  volume={5},
  number={4},
  pages={6932--6939},
  year={2020},
  publisher={IEEE}
}

@book{Sheaftheory,
  title={Sheaf theory},
  author={Bredon, Glen E},
  volume={170},
  year={2012},
  publisher={Springer Science \& Business Media}
}

@article{globalsection,
  title={Toward a spectral theory of cellular sheaves},
  author={Hansen, Jakob and Ghrist, Robert},
  journal={Journal of Applied and Computational Topology},
  volume={3},
  number={4},
  pages={315--358},
  year={2019},
  publisher={Springer}
}

@article{he2024social,
  title={Social Behavior as a Key to Learning-based Multi-Agent Pathfinding Dilemmas},
  author={He, Chengyang and Duhan, Tanishq and Tulsyan, Parth and Kim, Patrick and Sartoretti, Guillaume},
  journal={arXiv preprint arXiv:2408.03063},
  year={2024}
}

@article{snn,
  author       = {Jakob Hansen and
                  Thomas Gebhart},
  title        = {Sheaf Neural Networks},
  journal      = {CoRR},
  volume       = {abs/2012.06333},
  year         = {2020}
}


@inproceedings{yu2024leveraging,
  title={Leveraging Partial Symmetry for Multi-Agent Reinforcement Learning},
  author={Yu, Xin and Shi, Rongye and Feng, Pu and Tian, Yongkai and Li, Simin and Liao, Shuhao and Wu, Wenjun},
  booktitle={Proceedings of the AAAI Conference on Artificial Intelligence},
  volume={38},
  number={16},
  pages={17583--17590},
  year={2024}
}

@incollection{yu2023esp,
  title={Esp: Exploiting symmetry prior for multi-agent reinforcement learning},
  author={Yu, Xin and Shi, Rongye and Feng, Pu and Tian, Yongkai and Luo, Jie and Wu, Wenjun},
  booktitle={ECAI 2023},
  pages={2946--2953},
  year={2023},
  publisher={IOS Press}
}

@inproceedings{yu2024adaptaug,
  title={Adaptaug: Adaptive data augmentation framework for multi-agent reinforcement learning},
  author={Yu, Xin and Tian, Yongkai and Wang, Li and Feng, Pu and Wu, Wenjun and Shi, Rongye},
  booktitle={2024 IEEE International Conference on Robotics and Automation (ICRA)},
  pages={10814--10820},
  year={2024},
  organization={IEEE}
}

@inproceedings{yu2021swarm,
  title={Swarm inverse reinforcement learning for biological systems},
  author={Yu, Xin and Wu, Wenjun and Feng, Pu and Tian, Yongkai},
  booktitle={2021 IEEE International Conference on Bioinformatics and Biomedicine (BIBM)},
  pages={274--279},
  year={2021},
  organization={IEEE}
}

@article{feng2024safe,
  title={Safe and efficient multi-agent collision avoidance with physics-informed reinforcement learning},
  author={Feng, Pu and Shi, Rongye and Wang, Size and Liang, Junkang and Yu, Xin and Li, Simin and Wu, Wenjun},
  journal={IEEE Robotics and Automation Letters},
  year={2024},
  publisher={IEEE}
}
@inproceedings{feng2024hierarchical,
  title={Hierarchical Consensus-Based Multi-Agent Reinforcement Learning for Multi-Robot Cooperation Tasks},
  author={Feng, Pu and Liang, Junkang and Wang, Size and Yu, Xin and Ji, Xin and Chen, Yiting and Zhang, Kui and Shi, Rongye and Wu, Wenjun},
  booktitle={2024 IEEE/RSJ International Conference on Intelligent Robots and Systems (IROS)},
  pages={642--649},
  year={2024},
  organization={IEEE}
}

@inproceedings{feng2023mact,
  title={Mact: Multi-agent collision avoidance with continuous transition reinforcement learning via mixup},
  author={Feng, Pu and Yu, Xin and Liang, Junkang and Wu, Wenjun and Tian, Yongkai},
  booktitle={International Conference on Swarm Intelligence},
  pages={74--85},
  year={2023},
  organization={Springer}
}

@inproceedings{peng2024graphrare,
  title={Graphrare: Reinforcement learning enhanced graph neural network with relative entropy},
  author={Peng, Tianhao and Wu, Wenjun and Yuan, Haitao and Bao, Zhifeng and Pengru, Zhao and Yu, Xin and Lin, Xuetao and Liang, Yu and Pu, Yanjun},
  booktitle={2024 IEEE 40th International Conference on Data Engineering (ICDE)},
  pages={2489--2502},
  year={2024},
  organization={IEEE}
}

@ARTICLE{10872817,
  author={Peng, Tianhao and Yuan, Haitao and Zhang, Yongqi and Li, Yuchen and Dai, Peihong and Wang, Qunbo and Wang, Senzhang and Wu, Wenjun},
  journal={IEEE Transactions on Knowledge and Data Engineering}, 
  title={TagRec: Temporal-Aware Graph Contrastive Learning with Theoretical Augmentation for Sequential Recommendation}, 
  year={2025},
  volume={},
  number={},
  pages={1-14},
  keywords={Collaboration;Data models;Recommender systems;Data augmentation;Contrastive learning;Adaptation models;Graph neural networks;Analytical models;Electronic mail;Transformers;Continuous-Time Sequential Recommendation;Graph Contrastive Learning;Graph Neural Network;Data Augmentation},
  doi={10.1109/TKDE.2025.3538706}}


@inproceedings{peng2023clgt,
  title={CLGT: A graph transformer for student performance prediction in collaborative learning},
  author={Peng, Tianhao and Liang, Yu and Wu, Wenjun and Ren, Jian and Pengrui, Zhao and Pu, Yanjun},
  booktitle={Proceedings of the AAAI conference on artificial intelligence},
  volume={37},
  number={13},
  pages={15947--15954},
  year={2023}
}