@article{tang2023saytap,
  title={Saytap: Language to quadrupedal locomotion},
  author={Tang, Yujin and Yu, Wenhao and Tan, Jie and Zen, Heiga and Faust, Aleksandra and Harada, Tatsuya},
  journal={arXiv preprint arXiv:2306.07580},
  year={2023}
}

@article{yu2024few,
  title={Few-shot in-context preference learning using large language models},
  author={Yu, Chao and Lu, Hong and Gao, Jiaxuan and Tan, Qixin and Yang, Xinting and Wang, Yu and Wu, Yi and Vinitsky, Eugene},
  journal={arXiv preprint arXiv:2410.17233},
  year={2024}
}

@article{mahmud2024maple,
  title={MAPLE: A Framework for Active Preference Learning Guided by Large Language Models},
  author={Mahmud, Saaduddin and Nakamura, Mason and Zilberstein, Shlomo},
  journal={arXiv preprint arXiv:2412.07207},
  year={2024}
}

@inproceedings{peng2024preference,
  title={Preference-Conditioned Language-Guided Abstraction},
  author={Peng, Andi and Bobu, Andreea and Li, Belinda Z and Sumers, Theodore R and Sucholutsky, Ilia and Kumar, Nishanth and Griffiths, Thomas L and Shah, Julie A},
  booktitle={Proceedings of the 2024 ACM/IEEE International Conference on Human-Robot Interaction},
  pages={572--581},
  year={2024}
}
@inproceedings{margolis2023walk,
  title={Walk these ways: Tuning robot control for generalization with multiplicity of behavior},
  author={Margolis, Gabriel B and Agrawal, Pulkit},
  booktitle={Conference on Robot Learning},
  pages={22--31},
  year={2023},
  organization={PMLR}
}

@article{yu2023language,
  title={Language to rewards for robotic skill synthesis},
  author={Yu, Wenhao and Gileadi, Nimrod and Fu, Chuyuan and Kirmani, Sean and Lee, Kuang-Huei and Arenas, Montse Gonzalez and Chiang, Hao-Tien Lewis and Erez, Tom and Hasenclever, Leonard and Humplik, Jan and others},
  journal={arXiv preprint arXiv:2306.08647},
  year={2023}
}

@article{ma2023eureka,
  title={Eureka: Human-level reward design via coding large language models},
  author={Ma, Yecheng Jason and Liang, William and Wang, Guanzhi and Huang, De-An and Bastani, Osbert and Jayaraman, Dinesh and Zhu, Yuke and Fan, Linxi and Anandkumar, Anima},
  journal={arXiv preprint arXiv:2310.12931},
  year={2023}
}

@inproceedings{mahadevan2024generative,
  title={Generative expressive robot behaviors using large language models},
  author={Mahadevan, Karthik and Chien, Jonathan and Brown, Noah and Xu, Zhuo and Parada, Carolina and Xia, Fei and Zeng, Andy and Takayama, Leila and Sadigh, Dorsa},
  booktitle={Proceedings of the 2024 ACM/IEEE International Conference on Human-Robot Interaction},
  pages={482--491},
  year={2024}
}

@inproceedings{brown2019extrapolating,
  title={Extrapolating beyond suboptimal demonstrations via inverse reinforcement learning from observations},
  author={Brown, Daniel and Goo, Wonjoon and Nagarajan, Prabhat and Niekum, Scott},
  booktitle={International conference on machine learning},
  pages={783--792},
  year={2019},
  organization={PMLR}
}

@inproceedings{biyik2018batch,
  title={Batch active preference-based learning of reward functions},
  author={Biyik, Erdem and Sadigh, Dorsa},
  booktitle={Conference on robot learning},
  pages={519--528},
  year={2018},
  organization={PMLR}
}

@article{wei2022chain,
  title={Chain-of-thought prompting elicits reasoning in large language models},
  author={Wei, Jason and Wang, Xuezhi and Schuurmans, Dale and Bosma, Maarten and Xia, Fei and Chi, Ed and Le, Quoc V and Zhou, Denny and others},
  journal={Advances in neural information processing systems},
  volume={35},
  pages={24824--24837},
  year={2022}
}

@article{park2022surf,
  title={SURF: Semi-supervised reward learning with data augmentation for feedback-efficient preference-based reinforcement learning},
  author={Park, Jongjin and Seo, Younggyo and Shin, Jinwoo and Lee, Honglak and Abbeel, Pieter and Lee, Kimin},
  journal={arXiv preprint arXiv:2203.10050},
  year={2022}
}

@inproceedings{brown2020safe,
  title={Safe imitation learning via fast bayesian reward inference from preferences},
  author={Brown, Daniel and Coleman, Russell and Srinivasan, Ravi and Niekum, Scott},
  booktitle={International Conference on Machine Learning},
  pages={1165--1177},
  year={2020},
  organization={PMLR}
}

@article{lee2021b,
  title={B-pref: Benchmarking preference-based reinforcement learning},
  author={Lee, Kimin and Smith, Laura and Dragan, Anca and Abbeel, Pieter},
  journal={arXiv preprint arXiv:2111.03026},
  year={2021}
}

@article{christiano2017deep,
  title={Deep reinforcement learning from human preferences},
  author={Christiano, Paul F and Leike, Jan and Brown, Tom and Martic, Miljan and Legg, Shane and Amodei, Dario},
  journal={Advances in neural information processing systems},
  volume={30},
  year={2017}
}

@inproceedings{macglashan2017interactive,
  title={Interactive learning from policy-dependent human feedback},
  author={MacGlashan, James and Ho, Mark K and Loftin, Robert and Peng, Bei and Wang, Guan and Roberts, David L and Taylor, Matthew E and Littman, Michael L},
  booktitle={International conference on machine learning},
  pages={2285--2294},
  year={2017},
  organization={PMLR}
}

@article{liang2024learning,
  title={Learning to Learn Faster from Human Feedback with Language Model Predictive Control},
  author={Liang, Jacky and Xia, Fei and Yu, Wenhao and Zeng, Andy and Arenas, Montserrat Gonzalez and Attarian, Maria and Bauza, Maria and Bennice, Matthew and Bewley, Alex and Dostmohamed, Adil and others},
  journal={arXiv preprint arXiv:2402.11450},
  year={2024}
}

@article{kumar2021rma,
  title={Rma: Rapid motor adaptation for legged robots},
  author={Kumar, Ashish and Fu, Zipeng and Pathak, Deepak and Malik, Jitendra},
  journal={arXiv preprint arXiv:2107.04034},
  year={2021}
}

@article{lee2020learning,
  title={Learning quadrupedal locomotion over challenging terrain},
  author={Lee, Joonho and Hwangbo, Jemin and Wellhausen, Lorenz and Koltun, Vladlen and Hutter, Marco},
  journal={Science robotics},
  volume={5},
  number={47},
  pages={eabc5986},
  year={2020},
  publisher={American Association for the Advancement of Science}
}

@article{lee2021pebble,
  title={Pebble: Feedback-efficient interactive reinforcement learning via relabeling experience and unsupervised pre-training},
  author={Lee, Kimin and Smith, Laura and Abbeel, Pieter},
  journal={arXiv preprint arXiv:2106.05091},
  year={2021}
}
@article{nguyen2023pupper,
  title={Innovating pediatric care with social robots to alleviate anxiety},
  author={Nguyen, Teresa and Yamaguchi, Craig and Tilton, Liana and Caruso, Thomas},
  journal={Pediatric Anesthesia},
  volume={34},
  number={3},
  pages={279--280},
  year={2023},
  publisher={John Wiley and Sons}
}

@article{casper2023open,
  title={Open problems and fundamental limitations of reinforcement learning from human feedback},
  author={Casper, Stephen and Davies, Xander and Shi, Claudia and Gilbert, Thomas Krendl and Scheurer, J{\'e}r{\'e}my and Rando, Javier and Freedman, Rachel and Korbak, Tomasz and Lindner, David and Freire, Pedro and others},
  journal={arXiv preprint arXiv:2307.15217},
  year={2023}
}

@article{kwon2023reward,
  title={Reward design with language models},
  author={Kwon, Minae and Xie, Sang Michael and Bullard, Kalesha and Sadigh, Dorsa},
  journal={arXiv preprint arXiv:2303.00001},
  year={2023}
}

@inproceedings{hejna2023few,
  title={Few-shot preference learning for human-in-the-loop rl},
  author={Hejna III, Donald Joseph and Sadigh, Dorsa},
  booktitle={Conference on Robot Learning},
  pages={2014--2025},
  year={2023},
  organization={PMLR}
}

@article{hadfield2017inverse,
  title={Inverse reward design},
  author={Hadfield-Menell, Dylan and Milli, Smitha and Abbeel, Pieter and Russell, Stuart J and Dragan, Anca},
  journal={Advances in neural information processing systems},
  volume={30},
  year={2017}
}

@article{fu2021minimizing,
  title={Minimizing energy consumption leads to the emergence of gaits in legged robots},
  author={Fu, Zipeng and Kumar, Ashish and Malik, Jitendra and Pathak, Deepak},
  journal={arXiv preprint arXiv:2111.01674},
  year={2021}
}

@article{caluwaerts2023barkour,
  title={Barkour: Benchmarking animal-level agility with quadruped robots},
  author={Caluwaerts, Ken and Iscen, Atil and Kew, J Chase and Yu, Wenhao and Zhang, Tingnan and Freeman, Daniel and Lee, Kuang-Huei and Lee, Lisa and Saliceti, Stefano and Zhuang, Vincent and others},
  journal={arXiv preprint arXiv:2305.14654},
  year={2023}
}

@article{makoviychuk2021isaac,
  title={Isaac gym: High performance gpu-based physics simulation for robot learning},
  author={Makoviychuk, Viktor and Wawrzyniak, Lukasz and Guo, Yunrong and Lu, Michelle and Storey, Kier and Macklin, Miles and Hoeller, David and Rudin, Nikita and Allshire, Arthur and Handa, Ankur and others},
  journal={arXiv preprint arXiv:2108.10470},
  year={2021}
}

@inproceedings{liang2023code,
  title={Code as policies: Language model programs for embodied control},
  author={Liang, Jacky and Huang, Wenlong and Xia, Fei and Xu, Peng and Hausman, Karol and Ichter, Brian and Florence, Pete and Zeng, Andy},
  booktitle={2023 IEEE International Conference on Robotics and Automation (ICRA)},
  pages={9493--9500},
  year={2023},
  organization={IEEE}
}

@inproceedings{hu2023language,
  title={Language instructed reinforcement learning for human-ai coordination},
  author={Hu, Hengyuan and Sadigh, Dorsa},
  booktitle={International Conference on Machine Learning},
  pages={13584--13598},
  year={2023},
  organization={PMLR}
}

@article{achiam2023gpt,
  title={Gpt-4 technical report},
  author={Achiam, Josh and Adler, Steven and Agarwal, Sandhini and Ahmad, Lama and Akkaya, Ilge and Aleman, Florencia Leoni and Almeida, Diogo and Altenschmidt, Janko and Altman, Sam and Anadkat, Shyamal and others},
  journal={arXiv preprint arXiv:2303.08774},
  year={2023}
}

@article{schulman2017proximal,
  title={Proximal policy optimization algorithms},
  author={Schulman, John and Wolski, Filip and Dhariwal, Prafulla and Radford, Alec and Klimov, Oleg},
  journal={arXiv preprint arXiv:1707.06347},
  year={2017}
}

@inproceedings{yang2022fast,
  title={Fast and efficient locomotion via learned gait transitions},
  author={Yang, Yuxiang and Zhang, Tingnan and Coumans, Erwin and Tan, Jie and Boots, Byron},
  booktitle={Conference on robot learning},
  pages={773--783},
  year={2022},
  organization={PMLR}
}

@inproceedings{brohan2023can,
  title={Do as i can, not as i say: Grounding language in robotic affordances},
  author={Brohan, Anthony and Chebotar, Yevgen and Finn, Chelsea and Hausman, Karol and Herzog, Alexander and Ho, Daniel and Ibarz, Julian and Irpan, Alex and Jang, Eric and Julian, Ryan and others},
  booktitle={Conference on robot learning},
  pages={287--318},
  year={2023},
  organization={PMLR}
}

@book{sadigh2017active,
  title={Active preference-based learning of reward functions},
  author={Sadigh, Dorsa and Dragan, Anca D and Sastry, Shankar and Seshia, Sanjit A},
  year={2017}
}

@inproceedings{li2021learning,
  title={Learning human objectives from sequences of physical corrections},
  author={Li, Mengxi and Canberk, Alper and Losey, Dylan P and Sadigh, Dorsa},
  booktitle={2021 IEEE International Conference on Robotics and Automation (ICRA)},
  pages={2877--2883},
  year={2021},
  organization={IEEE}
}

@inproceedings{knox2009interactively,
  title={Interactively shaping agents via human reinforcement: The TAMER framework},
  author={Knox, W Bradley and Stone, Peter},
  booktitle={Proceedings of the fifth international conference on Knowledge capture},
  pages={9--16},
  year={2009}
}

@inproceedings{myers2022learning,
  title={Learning multimodal rewards from rankings},
  author={Myers, Vivek and Biyik, Erdem and Anari, Nima and Sadigh, Dorsa},
  booktitle={Conference on robot learning},
  pages={342--352},
  year={2022},
  organization={PMLR}
}

@article{wilson2012bayesian,
  title={A bayesian approach for policy learning from trajectory preference queries},
  author={Wilson, Aaron and Fern, Alan and Tadepalli, Prasad},
  journal={Advances in neural information processing systems},
  volume={25},
  year={2012}
}

@article{bradley1952rank,
  title={Rank analysis of incomplete block designs: I. The method of paired comparisons},
  author={Bradley, Ralph Allan and Terry, Milton E},
  journal={Biometrika},
  volume={39},
  number={3/4},
  pages={324--345},
  year={1952},
  publisher={JSTOR}
}

@article{ziegler1909fine,
  title={Fine-tuning language models from human preferences. arXiv 2019},
  author={Ziegler, Daniel M and Stiennon, Nisan and Wu, Jeffrey and Brown, Tom B and Radford, Alec and Amodei, Dario and Christiano, Paul and Irving, Geoffrey},
  journal={arXiv preprint arXiv:1909.08593},
  year={1909}
}

@article{thumm2024text2interaction,
  title={Text2Interaction: Establishing Safe and Preferable Human-Robot Interaction},
  author={Thumm, Jakob and Agia, Christopher and Pavone, Marco and Althoff, Matthias},
  journal={arXiv preprint arXiv:2408.06105},
  year={2024}
}