@article{boulougouriMolecularSetRepresentation2024,
  title = {Molecular Set Representation Learning},
  author = {Boulougouri, Maria and Vandergheynst, Pierre and Probst, Daniel},
  year = {2024},
  month = jul,
  journal = {Nature Machine Intelligence},
  volume = {6},
  number = {7},
  pages = {754--763},
  publisher = {Nature Publishing Group},
  issn = {2522-5839},
  doi = {10.1038/s42256-024-00856-0},
}

@misc{bushuievEmergenceMolecularStructures2025,
  title = {Emergence of Molecular Structures from Repository-Scale Self-Supervised Learning on Tandem Mass Spectra},
  author = {Bushuiev, Roman and Bushuiev, Anton and Samusevich, Raman and Brungs, Corinna and Sivic, Josef and Pluskal, Tom{\'a}{\v s}},
  year = {2025},
  month = jan,
  publisher = {ChemRxiv},
  doi = {10.26434/chemrxiv-2023-kss3r-v3},
}

@misc{butlerMS2MolTransformerModel2023,
  title = {{{MS2Mol}}: {{A}} Transformer Model for Illuminating Dark Chemical Space from Mass Spectra},
  shorttitle = {{{MS2Mol}}},
  author = {Butler, Thomas and Frandsen, Abraham and Lightheart, Rose and Bargh, Brian and Kerby, Thomas and West, Kiana and Davison, Joseph and Taylor, James and Krettler, Christoph and Bollerman, T. J. and Voronov, Gennady and Moon, Kevin and Kind, Tobias and Dorrestein, Pieter and Allen, August and Colluru, Viswa and Healey, David},
  year = {2023},
  month = sep,
  publisher = {ChemRxiv},
  doi = {10.26434/chemrxiv-2023-vsmpx-v4},
}

@article{huberMS2DeepScoreNovelDeep2021,
  title = {{{MS2DeepScore}}: A Novel Deep Learning Similarity Measure to Compare Tandem Mass Spectra},
  shorttitle = {{{MS2DeepScore}}},
  author = {Huber, Florian and {van der Burg}, Sven and {van der Hooft}, Justin J. J. and Ridder, Lars},
  year = {2021},
  month = oct,
  journal = {Journal of Cheminformatics},
  volume = {13},
  number = {1},
  pages = {84},
  issn = {1758-2946},
  doi = {10.1186/s13321-021-00558-4},
}

@article{huberSpec2VecImprovedMass2021,
  title = {{{Spec2Vec}}: {{Improved}} Mass Spectral Similarity Scoring through Learning of Structural Relationships},
  shorttitle = {{{Spec2Vec}}},
  author = {Huber, Florian and Ridder, Lars and Verhoeven, Stefan and Spaaks, Jurriaan H. and Diblen, Faruk and Rogers, Simon and van der Hooft, Justin J. J.},
  year = {2021},
  month = feb,
  journal = {PLOS Computational Biology},
  volume = {17},
  number = {2},
  pages = {e1008724},
  publisher = {Public Library of Science},
  issn = {1553-7358},
  doi = {10.1371/journal.pcbi.1008724},
}

@article{jinSurveyGraphNeural2024,
  title = {A {{Survey}} on {{Graph Neural Networks}} for {{Time Series}}: {{Forecasting}}, {{Classification}}, {{Imputation}}, and {{Anomaly Detection}}},
  shorttitle = {A {{Survey}} on {{Graph Neural Networks}} for {{Time Series}}},
  author = {Jin, Ming and Koh, Huan Yee and Wen, Qingsong and Zambon, Daniele and Alippi, Cesare and Webb, Geoffrey I. and King, Irwin and Pan, Shirui},
  year = {2024},
  month = dec,
  journal = {IEEE Transactions on Pattern Analysis and Machine Intelligence},
  volume = {46},
  number = {12},
  pages = {10466--10485},
  issn = {1939-3539},
  doi = {10.1109/TPAMI.2024.3443141},
}

@inproceedings{murphyEfficientlyPredictingHigh2023,
  title = {Efficiently Predicting High Resolution Mass Spectra with Graph Neural Networks},
  booktitle = {Proceedings of the 40th {{International Conference}} on {{Machine Learning}}},
  author = {Murphy, Michael and Jegelka, Stefanie and Fraenkel, Ernest and Kind, Tobias and Healey, David and Butler, Thomas},
  year = {2023},
  month = jul,
  series = {{{ICML}}'23},
  volume = {202},
  pages = {25549--25562},
  publisher = {JMLR.org},
  address = {Honolulu, Hawaii, USA},
}

@misc{nallapareddyImprovingFulllengthRibosome2024,
  title = {Towards Improving Full-Length Ribosome Density Prediction by Bridging Sequence and Graph-Based Representations},
  author = {Nallapareddy, Mohan Vamsi and Craighero, Francesco and Gobet, Cédric and Naef, Felix and Vandergheynst, Pierre},
  date = {2024-09-27},
  year = 2024,
  eprinttype = {bioRxiv},
  eprintclass = {New Results},
  pages = {2024.04.08.588507},
  doi = {10.1101/2024.04.08.588507},
}

@article{parkMassSpectraPrediction2024,
  title = {Mass Spectra Prediction with Structural Motif-Based Graph Neural Networks},
  author = {Park, Jiwon and Jo, Jeonghee and Yoon, Sungroh},
  year = {2024},
  month = jan,
  journal = {Scientific Reports},
  volume = {14},
  number = {1},
  pages = {1400},
  publisher = {Nature Publishing Group},
  issn = {2045-2322},
  doi = {10.1038/s41598-024-51760-x},
}

@article{youngTandemMassSpectrum2024,
  title = {Tandem Mass Spectrum Prediction for Small Molecules Using Graph Transformers},
  author = {Young, Adamo and Röst, Hannes and Wang, Bo},
  year=2024,
  date = {2024-04},
  journal = {Nature Machine Intelligence},
  shortjournal = {Nat Mach Intell},
  volume = {6},
  number = {4},
  pages = {404--416},
  publisher = {Nature Publishing Group},
  issn = {2522-5839},
  doi = {10.1038/s42256-024-00816-8},
  url = {https://www.nature.com/articles/s42256-024-00816-8},
  urldate = {2025-01-21},
}

@article{zhangMSBERTEmbeddingTandem2024,
  title = {{{MSBERT}}: {{Embedding Tandem Mass Spectra}} into {{Chemically Rational Space}} by {{Mask Learning}} and {{Contrastive Learning}}},
  shorttitle = {{{MSBERT}}},
  author = {Zhang, Hailiang and Yang, Qiong and Xie, Ting and Wang, Yue and Zhang, Zhimin and Lu, Hongmei},
  year = {2024},
  month = oct,
  journal = {Analytical Chemistry},
  volume = {96},
  number = {42},
  pages = {16599--16608},
  publisher = {American Chemical Society},
  issn = {0003-2700},
  doi = {10.1021/acs.analchem.4c02426},
}

@article{zhangPredictionElectronIonization2022,
  title = {Prediction of Electron Ionization Mass Spectra Based on Graph Convolutional Networks},
  author = {Zhang, Baojie and Zhang, Jun and Xia, Yi and Chen, Peng and Wang, Bing},
  year = {2022},
  month = may,
  journal = {International Journal of Mass Spectrometry},
  volume = {475},
  pages = {116817},
  issn = {1387-3806},
  doi = {10.1016/j.ijms.2022.116817},
}

