@inproceedings{10.1145/3609437.3609465,
author = {Zhao, Yunfei and Dong, Yihong and Li, Ge},
title = {Seq2Seq or Seq2Tree: Generating Code Using Both Paradigms via Mutual Learning},
year = {2023},
isbn = {9798400708947},
publisher = {Association for Computing Machinery},
address = {New York, NY, USA},
url = {https://doi.org/10.1145/3609437.3609465},
doi = {10.1145/3609437.3609465},
booktitle = {Proceedings of the 14th Asia-Pacific Symposium on Internetware},
pages = {238â€“248},
numpages = {11},
keywords = {neural networks, mutual learning, code generation, abstract syntax tree},
location = {Hangzhou, China},
series = {Internetware '23}
}

@inproceedings{DBLP:conf/aaai/XieSGLCYW21,
  author       = {Binbin Xie and
                  Jinsong Su and
                  Yubin Ge and
                  Xiang Li and
                  Jianwei Cui and
                  Junfeng Yao and
                  Bin Wang},
  title        = {Improving Tree-Structured Decoder Training for Code Generation via
                  Mutual Learning},
  booktitle    = { AAAI },
  year         = {2021},
}

@inproceedings{DBLP:conf/acl/GuoLDW0022,
  author       = {Daya Guo and
                  Shuai Lu and
                  Nan Duan and
                  Yanlin Wang and
                  Ming Zhou and
                  Jian Yin},
  title        = {UniXcoder: Unified Cross-Modal Pre-training for Code Representation},
  booktitle    = {ACL},
  year         = {2022},
}

@inproceedings{DBLP:conf/acl/JiangZM00H0S20,
  author       = {Hui Jiang and
                  Chulun Zhou and
                  Fandong Meng and
                  Biao Zhang and
                  Jie Zhou and
                  Degen Huang and
                  Qingqiang Wu and
                  Jinsong Su},
  title        = {Exploring Dynamic Selection of Branch Expansion Orders for Code Generation},
  booktitle    = {ACL},
  year         = {2021},
}

@inproceedings{DBLP:conf/emnlp/0034WJH21,
  author       = {Yue Wang and
                  Weishi Wang and
                  Shafiq R. Joty and
                  Steven C. H. Hoi},
  title        = {CodeT5: Identifier-aware Unified Pre-trained Encoder-Decoder Models
                  for Code Understanding and Generation},
  booktitle    = {EMNLP},
  year         = {2021},
}

@inproceedings{DBLP:conf/iclr/GuoRLFT0ZDSFTDC21,
  author       = {Daya Guo and
                  Shuo Ren and
                  Shuai Lu and
                  Zhangyin Feng and
                  Duyu Tang and
                  Shujie Liu and
                  Long Zhou and
                  Nan Duan and
                  Alexey Svyatkovskiy and
                  Shengyu Fu and
                  Michele Tufano and
                  Shao Kun Deng and
                  Colin B. Clement and
                  Dawn Drain and
                  Neel Sundaresan and
                  Jian Yin and
                  Daxin Jiang and
                  Ming Zhou},
  title        = {GraphCodeBERT: Pre-training Code Representations with Data Flow},
  booktitle    = {{ICLR}},
  year         = {2021},
}

@inproceedings{DBLP:conf/iwpc/WangDLZ22,
  author       = {Yu Wang and
                  Yu Dong and
                  Xuesong Lu and
                  Aoying Zhou},
  title        = {GypSum: learning hybrid representations for code summarization},
  booktitle    = {ICPC},
  year         = {2022},
}

@inproceedings{DBLP:conf/uai/JiangZLLL21,
  author       = {Xue Jiang and
                  Zhuoran Zheng and
                  Chen Lyu and
                  Liang Li and
                  Lei Lyu},
  editor       = {Cassio P. de Campos and
                  Marloes H. Maathuis and
                  Erik Quaeghebeur},
  title        = {TreeBERT: {A} tree-based pre-trained model for programming language},
  booktitle    = {{UAI} 2021},
  year         = {2021},
  url          = {https://proceedings.mlr.press/v161/jiang21a.html},
  timestamp    = {Fri, 17 Dec 2021 17:06:27 +0100},
  biburl       = {https://dblp.org/rec/conf/uai/JiangZLLL21.bib},
  bibsource    = {dblp computer science bibliography, https://dblp.org}
}

@article{DBLP:journals/corr/abs-2206-05239,
  author       = {Sindhu Tipirneni and
                  Ming Zhu and
                  Chandan K. Reddy},
  title        = {StructCoder: Structure-Aware Transformer for Code Generation},
  journal      = {CoRR},
  year         = {2022},
}

