% Models:
@article{dubey2024llama3,
  title={The llama 3 herd of models},
  author={Dubey, Abhimanyu and Jauhri, Abhinav and Pandey, Abhinav and Kadian, Abhishek and Al-Dahle, Ahmad and Letman, Aiesha and Mathur, Akhil and Schelten, Alan and Yang, Amy and Fan, Angela and others},
  journal={arXiv preprint arXiv:2407.21783},
  year={2024}
}

@misc{openai2025gpt35,
  author       = {OpenAI},
  title        = {GPT-3.5-Turbo},
  year         = {2023},
  url          = {https://openai.com/index/gpt-3-5-turbo-fine-tuning-and-api-updates/},
  urldate      = {2025-01-23}
}

% Multi-Agency
@article{qian2023chatdev,
  title={Communicative agents for software development},
  author={Qian, Chen and Cong, Xin and Yang, Cheng and Chen, Weize and Su, Yusheng and Xu, Juyuan and Liu, Zhiyuan and Sun, Maosong},
  journal={arXiv preprint arXiv:2307.07924},
  volume={6},
  number={3},
  year={2023}
}
@article{hong2023metagpt,
  title={Metagpt: Meta programming for multi-agent collaborative framework},
  author={Hong, Sirui and Zheng, Xiawu and Chen, Jonathan and Cheng, Yuheng and Wang, Jinlin and Zhang, Ceyao and Wang, Zili and Yau, Steven Ka Shing and Lin, Zijuan and Zhou, Liyang and others},
  journal={arXiv preprint arXiv:2308.00352},
  year={2023}
}

@book{minsky1988society,
  title={Society of mind},
  author={Minsky, Marvin},
  year={1988},
  publisher={Simon and Schuster}
}
@article{wu2023autogen,
  title={Autogen: Enabling next-gen llm applications via multi-agent conversation framework},
  author={Wu, Qingyun and Bansal, Gagan and Zhang, Jieyu and Wu, Yiran and Zhang, Shaokun and Zhu, Erkang and Li, Beibin and Jiang, Li and Zhang, Xiaoyun and Wang, Chi},
  journal={arXiv preprint arXiv:2308.08155},
  year={2023}
}
@article{li2023camel,
  title={Camel: Communicative agents for" mind" exploration of large language model society},
  author={Li, Guohao and Hammoud, Hasan and Itani, Hani and Khizbullin, Dmitrii and Ghanem, Bernard},
  journal={Advances in Neural Information Processing Systems},
  volume={36},
  pages={51991--52008},
  year={2023}
}

@inproceedings{du2023debate,
author = {Du, Yilun and Li, Shuang and Torralba, Antonio and Tenenbaum, Joshua B. and Mordatch, Igor},
title = {Improving factuality and reasoning in language models through multiagent debate},
year = {2024},
booktitle = {Proceedings of the 41st International Conference on Machine Learning},
articleno = {467},
numpages = {31},
location = {Vienna, Austria},
series = {ICML'24}
}

@article{liang2023mad,
  title={Encouraging divergent thinking in large language models through multi-agent debate},
  author={Liang, Tian and He, Zhiwei and Jiao, Wenxiang and Wang, Xing and Wang, Yan and Wang, Rui and Yang, Yujiu and Shi, Shuming and Tu, Zhaopeng},
  journal={arXiv preprint arXiv:2305.19118},
  year={2023}
}


% Prompting
@inproceedings{karpathy2023stateofgpt,
  title={State of GPT},
  author={Andrej Karpathy},
  booktitle={Microsoft Build 2023},
  year={2023},
  url={https://github.com/giachat/State-of-GPT-2023}
}


@article{yao2024tree,
  title={Tree of thoughts: Deliberate problem solving with large language models},
  author={Yao, Shunyu and Yu, Dian and Zhao, Jeffrey and Shafran, Izhak and Griffiths, Tom and Cao, Yuan and Narasimhan, Karthik},
  journal={Advances in Neural Information Processing Systems},
  volume={36},
  year={2024}
}

@article{lewkowycz2022majority2,
  title={Solving quantitative reasoning problems with language models},
  author={Lewkowycz, Aitor and Andreassen, Anders and Dohan, David and Dyer, Ethan and Michalewski, Henryk and Ramasesh, Vinay and Slone, Ambrose and Anil, Cem and Schlag, Imanol and Gutman-Solo, Theo and others},
  journal={Advances in Neural Information Processing Systems},
  volume={35},
  pages={3843--3857},
  year={2022}
}

@article{madaan2024selfreflection,
  title={Self-refine: Iterative refinement with self-feedback},
  author={Madaan, Aman and Tandon, Niket and Gupta, Prakhar and Hallinan, Skyler and Gao, Luyu and Wiegreffe, Sarah and Alon, Uri and Dziri, Nouha and Prabhumoye, Shrimai and Yang, Yiming and others},
  journal={Advances in Neural Information Processing Systems},
  volume={36},
  year={2024}
}

@inproceedings{gao2023pal,
  title={Pal: Program-aided language models},
  author={Gao, Luyu and Madaan, Aman and Zhou, Shuyan and Alon, Uri and Liu, Pengfei and Yang, Yiming and Callan, Jamie and Neubig, Graham},
  booktitle={International Conference on Machine Learning},
  pages={10764--10799},
  year={2023},
  organization={PMLR}
}

@article{shinn2024reflexion,
  title={Reflexion: Language agents with verbal reinforcement learning},
  author={Shinn, Noah and Cassano, Federico and Gopinath, Ashwin and Narasimhan, Karthik and Yao, Shunyu},
  journal={Advances in Neural Information Processing Systems},
  volume={36},
  year={2024}
}

@article{diao2023active,
  title={Active prompting with chain-of-thought for large language models},
  author={Diao, Shizhe and Wang, Pengcheng and Lin, Yong and Pan, Rui and Liu, Xiang and Zhang, Tong},
  journal={arXiv preprint arXiv:2302.12246},
  year={2023}
}

@article{zhou2022prompteng,
  title={Large language models are human-level prompt engineers},
  author={Zhou, Yongchao and Muresanu, Andrei Ioan and Han, Ziwen and Paster, Keiran and Pitis, Silviu and Chan, Harris and Ba, Jimmy},
  journal={arXiv preprint arXiv:2211.01910},
  year={2022}
}

@article{paranjape2023art,
  title={Art: Automatic multi-step reasoning and tool-use for large language models},
  author={Paranjape, Bhargavi and Lundberg, Scott and Singh, Sameer and Hajishirzi, Hannaneh and Zettlemoyer, Luke and Ribeiro, Marco Tulio},
  journal={arXiv preprint arXiv:2303.09014},
  year={2023}
}

@article{long2023tree2,
  title={Large language model guided tree-of-thought},
  author={Long, Jieyi},
  journal={arXiv preprint arXiv:2305.08291},
  year={2023}
}

@article{liu2021generated,
  title={Generated knowledge prompting for commonsense reasoning},
  author={Liu, Jiacheng and Liu, Alisa and Lu, Ximing and Welleck, Sean and West, Peter and Bras, Ronan Le and Choi, Yejin and Hajishirzi, Hannaneh},
  journal={arXiv preprint arXiv:2110.08387},
  year={2021}
}

@article{brown2020fewshot,
  title={Language models are few-shot learners},
  author={Brown, Tom B and Mann, Benjamin and Ryder, Nick and Subbiah, Melanie and Kaplan, Jared and Dhariwal, Prafulla and Neelakantan, Arvind and Shyam, Pranav and Sastry, Girish and Askell, Amanda and others},
  journal={Advances in neural information processing systems},
  volume={33},
  pages={1877--1901},
  year={2020}
}

@article{brown2020language,
  title={Language models are few-shot learners},
  author={Brown, Tom B and Mann, Benjamin and Ryder, Nick and Subbiah, Melanie and Kaplan, Jared and Dhariwal, Prafulla and Neelakantan, Arvind and Shyam, Pranav and Sastry, Girish and Askell, Amanda and others},
  journal={Advances in neural information processing systems},
  volume={33},
  pages={1877--1901},
  year={2020}
}

@article{wei2022cot,
  title={Chain of thought prompting elicits reasoning in large language models},
  author={Wei, Jason and Wang, Xuezhi and Schuurmans, Dale and Bosma, Maarten and Ichter, Brian and Xia, Fei and Chi, Ed H and Le, Quoc and Zhou, Denny},
  journal={arXiv preprint arXiv:2201.11903},
  year={2022}
}

@article{wang2022majority,
  title={Self-consistency improves chain of thought reasoning in language models},
  author={Wang, Xuezhi and Wei, Jason and Schuurmans, Dale and Le, Quoc and Chi, Ed H and Zhou, Denny},
  journal={arXiv preprint arXiv:2203.11171},
  year={2022}
}

@article{lewis2020retrieval,
  title={Retrieval-augmented generation for knowledge-intensive nlp tasks},
  author={Lewis, Patrick and Perez, Ethan and Piktus, Aleksandra and Petroni, Fabio and Karpukhin, Vladimir and Goyal, Naman and Küttler, Heinrich and Lewis, Mike and Yih, Wen-tau and Rocktäschel, Tim and others},
  journal={arXiv preprint arXiv:2005.11401},
  year={2020}
}

@article{yao2022react,
  title={ReAct: Synergizing reasoning and acting in language models},
  author={Yao, Shunyu and Zhao, Jeffrey and Yu, Dian and Cao, Shixiang Shane and Yu, Ziyi and Narasimhan, Karthik and Cao, Yuan},
  journal={arXiv preprint arXiv:2210.03629},
  year={2022}
}

% Benchmarks
@article{austin2021program,
  title={Program synthesis with large language models},
  author={Austin, Jacob and Odena, Augustus and Nye, Maxwell and Bosma, Maarten and Michalewski, Henryk and Dohan, David and Jiang, Ellen and Cai, Carrie and Terry, Michael and Le, Quoc and others},
  journal={arXiv preprint arXiv:2108.07732},
  year={2021}
}

@article{guha2024legalbench,
  title={Legalbench: A collaboratively built benchmark for measuring legal reasoning in large language models},
  author={Guha, Neel and Nyarko, Julian and Ho, Daniel and R{\'e}, Christopher and Chilton, Adam and Chohlas-Wood, Alex and Peters, Austin and Waldon, Brandon and Rockmore, Daniel and Zambrano, Diego and others},
  journal={Advances in Neural Information Processing Systems},
  volume={36},
  year={2024}
}

@inproceedings{wang2018glue,
  title={GLUE: A multi-task benchmark and analysis platform for natural language understanding},
  author={Alex Wang and Amanpreet Singh and Julian Michael and Felix Hill and Omer Levy and Samuel Bowman},
  booktitle={Proceedings of the 2018 EMNLP Workshop BlackboxNLP: Analyzing and Interpreting Neural Networks for NLP},
  pages={353--355},
  year={2018},
  organization={Association for Computational Linguistics},
  url={https://aclanthology.org/W18-5446}
}

@inproceedings{wang2019superglue,
  title={SuperGLUE: A Stickier Benchmark for General-Purpose Language Understanding Systems},
  author={Alex Wang and Yada Pruksachatkun and Nikita Nangia and Amanpreet Singh and Julian Michael and Felix Hill and Omer Levy and Samuel Bowman},
  booktitle={Advances in Neural Information Processing Systems},
  volume={32},
  year={2019},
  publisher={Curran Associates, Inc.}
}

@article{clark2018think,
  title={Think you have solved question answering? try arc, the ai2 reasoning challenge},
  author={Clark, Peter and Cowhey, Isaac and Etzioni, Oren and Khot, Tushar and Sabharwal, Ashish and Schoenick, Carissa and Tafjord, Oyvind},
  journal={arXiv preprint arXiv:1803.05457},
  year={2018}
}

@article{zellers2019hellaswag,
  title={Hellaswag: Can a machine really finish your sentence?},
  author={Zellers, Rowan and Holtzman, Ari and Bisk, Yonatan and Farhadi, Ali and Choi, Yejin},
  journal={arXiv preprint arXiv:1905.07830},
  year={2019}
}

@inproceedings{hendrycks2021measuring,
title={Measuring Massive Multitask Language Understanding},
author={Dan Hendrycks and Collin Burns and Steven Basart and Andy Zou and Mantas Mazeika and Dawn Song and Jacob Steinhardt},
booktitle={International Conference on Learning Representations},
year={2021},
url={https://openreview.net/forum?id=d7KBjmI3GmQ}
}

@article{chen2021evaluating,
  title={Evaluating large language models trained on code},
  author={Chen, Mark and Tworek, Jerry and Jun, Heewoo and Yuan, Qiming and Pinto, Henrique Ponde De Oliveira and Kaplan, Jared and Edwards, Harri and Burda, Yuri and Joseph, Nicholas and Brockman, Greg and others},
  journal={arXiv preprint arXiv:2107.03374},
  year={2021}
}

@article{cobbe2021training,
  title={Training verifiers to solve math word problems},
  author={Cobbe, Karl and Kosaraju, Vineet and Bavarian, Mohammad and Chen, Mark and Jun, Heewoo and Kaiser, Lukasz and Plappert, Matthias and Tworek, Jerry and Hilton, Jacob and Nakano, Reiichiro and others},
  journal={arXiv preprint arXiv:2110.14168},
  year={2021}
}

@article{singhal2023large,
  title={Large language models encode clinical knowledge},
  author={Singhal, Karan and Azizi, Shekoofeh and Tu, Tao and Mahdavi, S Sara and Wei, Jason and Chung, Hyung Won and Scales, Nathan and Tanwani, Ajay and Cole-Lewis, Heather and Pfohl, Stephen and others},
  journal={Nature},
  volume={620},
  number={7972},
  pages={172--180},
  year={2023},
  publisher={Nature Publishing Group}
}

@article{xie2024finben,
  title={The finben: An holistic financial benchmark for large language models},
  author={Xie, Qianqian and Han, Weiguang and Chen, Zhengyu and Xiang, Ruoyu and Zhang, Xiao and He, Yueru and Xiao, Mengxi and Li, Dong and Dai, Yongfu and Feng, Duanyu and others},
  journal={arXiv preprint arXiv:2402.12659},
  year={2024}
}

@article{srivastava2022beyond,
  title={Beyond the imitation game: Quantifying and extrapolating the capabilities of language models},
  author={Srivastava, Aarohi and Rastogi, Abhinav and Rao, Abhishek and Shoeb, Abu Awal Md and Abid, Abubakar and Fisch, Adam and Brown, Adam R and Santoro, Adam and Gupta, Aditya and Garriga-Alonso, Adri{\`a} and others},
  journal={arXiv preprint arXiv:2206.04615},
  year={2022}
}

@article{andriushchenko2024agentharm,
  title={Agentharm: A benchmark for measuring harmfulness of llm agents},
  author={Andriushchenko, Maksym and Souly, Alexandra and Dziemian, Mateusz and Duenas, Derek and Lin, Maxwell and Wang, Justin and Hendrycks, Dan and Zou, Andy and Kolter, Zico and Fredrikson, Matt and others},
  journal={arXiv preprint arXiv:2410.09024},
  year={2024}
}

% Philosophy:
@book{jowett1901republic,
  author    = {Jowett, Benjamin},
  title     = {The Republic},
  booktitle = {The dialogues of Plato: Translated into English with analyses and introductions},
  pages     = {1--452},
  year      = {1901},
  publisher = {Charles Scribner's Sons},
  url       = {https://doi.org/10.1037/11599-001}
}

@article{meyer2018dialectic,
  title={Dialectic and questioning: Socrates and Plato},
  author={Meyer, Michel},
  journal={Revue internationale de Philosophie},
  number={2},
  pages={113--129},
  year={2018},
  publisher={Cairn/Isako}
}

@book{aristotle_prior_analytics,
  author = {Aristotle},
  title = {Prior Analytics},
  year = {-350},
  publisher = {Clarendon Press},
  address = {Oxford},
  translator = {Robin Smith}
}

@book{aristotle_metaphysics,
  author = {Aristotle},
  title = {Metaphysics},
  year = {-340},
  publisher = {Penguin Classics},
  address = {London},
  translator = {Hugh Lawson-Tancred}
}

@book{plato_republic,
  author = {Plato},
  title = {The Republic},
  year = {-380},
  publisher = {Penguin Classics},
  address = {London},
  translator = {Desmond Lee}
}

@book{descartes_meditations,
  author = {René Descartes},
  title = {Meditations on First Philosophy},
  year = {1641},
  publisher = {Cambridge University Press},
  address = {Cambridge},
  translator = {Donald A. Cress}
}

@book{hume_treatise_human_nature,
  author = {David Hume},
  title = {A Treatise of Human Nature},
  year = {1739},
  publisher = {Oxford University Press},
  address = {Oxford}
}

@book{kant_critique_pure_reason,
  author = {Immanuel Kant},
  title = {Critique of Pure Reason},
  year = {1781},
  publisher = {Cambridge University Press},
  address = {Cambridge},
  translator = {Norman Kemp Smith}
}

@book{mill_system_logic,
  author = {John Stuart Mill},
  title = {A System of Logic},
  year = {1843},
  publisher = {Longmans, Green, Reader, and Dyer},
  address = {London}
}

@book{hegel_phenomenology_spirit,
  author = {Georg Wilhelm Friedrich Hegel},
  title = {Phenomenology of Spirit},
  year = {1807},
  publisher = {Oxford University Press},
  address = {Oxford},
  translator = {A. V. Miller}
}

@book{nietzsche_beyond_good_evil,
  author = {Friedrich Nietzsche},
  title = {Beyond Good and Evil},
  year = {1886},
  publisher = {Cambridge University Press},
  address = {Cambridge},
  translator = {Walter Kaufmann}
}

@book{wittgenstein_tractatus,
  author = {Ludwig Wittgenstein},
  title = {Tractatus Logico-Philosophicus},
  year = {1921},
  publisher = {Routledge and Kegan Paul},
  address = {London},
  translator = {C. K. Ogden}
}

@book{heidegger_being_time,
  author = {Martin Heidegger},
  title = {Being and Time},
  year = {1927},
  publisher = {Harper \& Row},
  address = {New York},
  translator = {John Macquarrie and Edward Robinson}
}

@book{popper_logic_scientific_discovery,
  author = {Karl Popper},
  title = {The Logic of Scientific Discovery},
  year = {1934},
  publisher = {Routledge},
  address = {London},
  translator = {Karl Popper}
}

@book{kuhn_structure_scientific_revolutions,
  author = {Thomas S. Kuhn},
  title = {The Structure of Scientific Revolutions},
  year = {1962},
  publisher = {University of Chicago Press},
  address = {Chicago}
}

@book{sartre_being_nothingness,
  author = {Jean-Paul Sartre},
  title = {Being and Nothingness},
  year = {1943},
  publisher = {Routledge},
  address = {London},
  translator = {Hazel E. Barnes}
}

@book{adorno_negative_dialectics,
  author = {Theodor W. Adorno},
  title = {Negative Dialectics},
  year = {1966},
  publisher = {Routledge},
  address = {London},
  translator = {E. B. Ashton}
}

@article{peirce_fixation_belief,
  author = {Charles Sanders Peirce},
  title = {The Fixation of Belief},
  journal = {Popular Science Monthly},
  year = {1877},
  volume = {12},
  pages = {1--15}
}

@book{frege_begriffsschrift,
  author = {Gottlob Frege},
  title = {Begriffsschrift: A Formula Language for Pure Thought Modeled on that of Arithmetic},
  year = {1879},
  publisher = {Harvard University Press},
  address = {Cambridge},
  translator = {Stevan Burgess}
}

@book{rawls_theory_justice,
  author = {John Rawls},
  title = {A Theory of Justice},
  year = {1971},
  publisher = {Harvard University Press},
  address = {Cambridge, MA}
}

@book{sidgwick_methods_ethics,
  author = {Henry Sidgwick},
  title = {The Methods of Ethics},
  year = {1874},
  publisher = {Macmillan},
  address = {London}
}

@book{harman_change_view,
  author = {Gilbert Harman},
  title = {Change in View: Principles of Reasoning},
  year = {1986},
  publisher = {MIT Press},
  address = {Cambridge, MA}
}

@article{quine_two_dogmas,
  author = {W. V. O. Quine},
  title = {Two Dogmas of Empiricism},
  journal = {The Philosophical Review},
  year = {1951},
  volume = {60},
  number = {1},
  pages = {20--43}
}

@book{wittgenstein_philosophical_investigations,
  author = {Ludwig Wittgenstein},
  title = {Philosophical Investigations},
  year = {1953},
  publisher = {Blackwell},
  address = {Oxford},
  translator = {G. E. M. Anscombe}
}

@article{sellars_myth_given,
  author = {Wilfrid Sellars},
  title = {Empiricism and the Philosophy of Mind},
  journal = {Minnesota Studies in the Philosophy of Science},
  year = {1956},
  volume = {1},
  pages = {253--329}
}

% Dialectics Section
@book{hegel_science_logic,
  author = {Georg Wilhelm Friedrich Hegel},
  title = {Science of Logic},
  year = {1812},
  publisher = {Cambridge University Press},
  address = {Cambridge},
  translator = {George di Giovanni}
}

@book{marx_capital,
  author = {Karl Marx},
  title = {Capital, Volume I},
  year = {1867},
  publisher = {Penguin Books},
  address = {London},
  translator = {Ben Fowkes}
}

@book{buber_i_and_thou,
  author = {Martin Buber},
  title = {I and Thou},
  year = {1923},
  publisher = {Scribner},
  translator = {Walter Kaufmann}
}

@book{popper_open_society,
  author = {Karl Popper},
  title = {The Open Society and Its Enemies},
  year = {1945},
  publisher = {Routledge},
  address = {London}
}

@book{marcuse_one_dimensional_man,
  author = {Herbert Marcuse},
  title = {One-Dimensional Man},
  year = {1964},
  publisher = {Beacon Press},
  address = {Boston}
}

@book{engels_dialectics_nature,
  author = {Friedrich Engels},
  title = {Dialectics of Nature},
  year = {1875},
  publisher = {International Publishers},
  address = {New York}
}


% ============================================================


@article{gsm8k,
  title={Training Verifiers to Solve Math Word Problems},
  author={Cobbe, Karl and Kosaraju, Vineet and Bavarian, Mohammad and Chen, Mark and Jun, Heewoo and Kaiser, Lukasz and Plappert, Matthias and Tworek, Jerry and Hilton, Jacob and Nakano, Reiichiro and Hesse, Christopher and Schulman, John},
  journal={arXiv preprint arXiv:2110.14168},
  year={2021},
  url={https://arxiv.org/abs/2110.14168}
}

@inproceedings{mmlu,
  title={Measuring Massive Multitask Language Understanding},
  author={Hendrycks, Dan and Burns, Collin and Basart, Steven and Zou, Andy and Mazeika, Mantas and Song, Dawn and Steinhardt, Jacob},
  booktitle={International Conference on Learning Representations},
  year={2021},
  url={https://arxiv.org/abs/2009.03300}
}

@article{data_contamination_1,
  title={Generalization or Memorization: Data Contamination and Trustworthy Evaluation for Large Language Models},
  author={Dong, Yihong and Jiang, Xue and Liu, Huanyu and Jin, Zhi and Gu, Bin and Yang, Mengfei and Li, Ge},
  journal={arXiv preprint arXiv:2402.15938},
  year={2024},
  url={https://arxiv.org/abs/2402.15938}
}

@misc{hellaswag,
  title={HellaSwag or HellaBad? 36\% of this popular LLM benchmark contains errors},
  author={Chen, Edwin},
  year={2023},
  howpublished={\url{https://www.surgehq.ai/blog/hellaswag-or-hellabad-36-of-this-popular-llm-benchmark-contains-errors}}
}

@article{gaia,
  title={GAIA: A Benchmark for General AI Assistants},
  author={Mialon, Grégoire and Fourrier, Clémentine and Swift, Craig and Wolf, Thomas and LeCun, Yann and Scialom, Thomas},
  journal={arXiv preprint arXiv:2311.12983},
  year={2023},
  url={https://arxiv.org/abs/2311.12983}
}

@article{gpt4_results,
  title={Sparks of Artificial General Intelligence: Early Experiments with GPT-4},
  author={Bubeck, Sébastien and Chandrasekaran, Varun and Eldan, Ronen and Gehrke, Johannes and Horvitz, Eric and Kamar, Ece and Lee, Peter and Lee, Yin Tat and Li, Yuanzhi and Lundberg, Scott and others},
  journal={arXiv preprint arXiv:2303.12712},
  year={2023},
  url={https://arxiv.org/abs/2303.12712}
}

@article{gpt4,
  title={GPT-4 Technical Report},
  author={OpenAI},
  year={2023},
  journal={arXiv preprint arXiv:2303.08774},
  url={https://arxiv.org/abs/2303.08774}
}

@incollection{opt_complex,
  title={Optimization techniques: an overview},
  author={Datta, Shubhabrata and Roy, Sandipan and Davim, J. Paulo},
  booktitle={Optimization in Industry},
  year={2019},
  publisher={Springer},
  address={Cham}
}

@book{opt_intro,
  title={An Introduction to Optimization},
  author={Chong, Edwin K. P. and Zak, Stanislaw H.},
  edition={4th},
  year={2013},
  publisher={John Wiley \& Sons, Incorporated},
  series={Wiley Series in Discrete Mathematics and Optimization},
  address={Somerset}
}

@InCollection{aristotle-rhetoric,
	author       =	{Rapp, Christof},
	title        =	{{Aristotle’s Rhetoric}},
	booktitle    =	{The {Stanford} Encyclopedia of Philosophy},
	editor       =	{Edward N. Zalta and Uri Nodelman},
	howpublished =	{\url{https://plato.stanford.edu/archives/win2023/entries/aristotle-rhetoric/}},
	year         =	{2023},
	edition      =	{{W}inter 2023},
	publisher    =	{Metaphysics Research Lab, Stanford University}
}

@InCollection{dialectical-school,
	author       =	{Bobzien, Susanne and Duncombe, Matthew},
	title        =	{{Dialectical School}},
	booktitle    =	{The {Stanford} Encyclopedia of Philosophy},
	editor       =	{Edward N. Zalta and Uri Nodelman},
	howpublished =	{\url{https://plato.stanford.edu/archives/fall2023/entries/dialectical-school/}},
	year         =	{2023},
	edition      =	{{F}all 2023},
	publisher    =	{Metaphysics Research Lab, Stanford University}
}


@article{ai_bench_progress,
  title={Plotting progress in AI},
  author={Kiela, Douwe and Thrush, Tristan and Ethayarajh, Kawin and Singh, Amanpreet},
  journal={Contextual AI Blog},
  year={2023},
  url={https://contextual.ai/blog/plotting-progress}
}

@inproceedings{langley00,
 author    = {P. Langley},
 title     = {Crafting Papers on Machine Learning},
 year      = {2000},
 pages     = {1207--1216},
 editor    = {Pat Langley},
 booktitle     = {Proceedings of the 17th International Conference
              on Machine Learning (ICML 2000)},
 address   = {Stanford, CA},
 publisher = {Morgan Kaufmann}
}

@TechReport{mitchell80,
  author = 	 "T. M. Mitchell",
  title = 	 "The Need for Biases in Learning Generalizations",
  institution =  "Computer Science Department, Rutgers University",
  year = 	 "1980",
  address =	 "New Brunswick, MA",
}

@phdthesis{kearns89,
  author = {M. J. Kearns},
  title =  {Computational Complexity of Machine Learning},
  school = {Department of Computer Science, Harvard University},
  year =   {1989}
}

@Book{MachineLearningI,
  editor = 	 "R. S. Michalski and J. G. Carbonell and T.
		  M. Mitchell",
  title = 	 "Machine Learning: An Artificial Intelligence
		  Approach, Vol. I",
  publisher = 	 "Tioga",
  year = 	 "1983",
  address =	 "Palo Alto, CA"
}

@Book{DudaHart2nd,
  author =       "R. O. Duda and P. E. Hart and D. G. Stork",
  title =        "Pattern Classification",
  publisher =    "John Wiley and Sons",
  edition =      "2nd",
  year =         "2000"
}

@misc{anonymous,
  title= {Suppressed for Anonymity},
  author= {Author, N. N.},
  year= {2021}
}

@InCollection{Newell81,
  author =       "A. Newell and P. S. Rosenbloom",
  title =        "Mechanisms of Skill Acquisition and the Law of
                  Practice", 
  booktitle =    "Cognitive Skills and Their Acquisition",
  pages =        "1--51",
  publisher =    "Lawrence Erlbaum Associates, Inc.",
  year =         "1981",
  editor =       "J. R. Anderson",
  chapter =      "1",
  address =      "Hillsdale, NJ"
}


@Article{Samuel59,
  author = 	 "A. L. Samuel",
  title = 	 "Some Studies in Machine Learning Using the Game of
		  Checkers",
  journal =	 "IBM Journal of Research and Development",
  year =	 "1959",
  volume =	 "3",
  number =	 "3",
  pages =	 "211--229"
}
