@inproceedings{Agarwal21,
    title = {Neural Additive Models: Interpretable Machine Learning with Neural Nets},
    author = {Agarwal, Rishabh and Melnick, Levi and Frosst, Nicholas and Zhang, Xuezhou and Lengerich, Ben and Caruana, Rich and Hinton, Geoffrey E},
    booktitle = {Proceedings of the 35th Conference on Neural Information Processing Systems (NIPS)},
    volume={34},
    pages={4699--4711},
    year = {2021}
}

@inproceedings{Chang22,
  title={NODE-GAM: neural generalized additive model for interpretable deep learning},
  author={Chang, C. H.  and  Caruana, R.  and  Goldenberg, A. },
  booktitle = {Proceedings of the 29th International Conference on Learning Representations(ICML)},
  year={2022}
 }

@article{Meier2009High,
  title={High-dimensional additive modeling},
  author={Meier and Lukas and van and de and Geer and Sara and B\u00fchlmann and Peter},
  journal={Ann Statist},
  volume={37},
  number={6B},
  pages={3779â€“3821},
  year={2009},
}

@inproceedings{an2021artflow,
  title={Artflow: Unbiased image style transfer via reversible neural flows},
  author={An, Jie and Huang, Siyu and Song, Yibing and Dou, Dejing and Liu, Wei and Luo, Jiebo},
  booktitle={Proceedings of the IEEE/CVF Conference on Computer Vision and Pattern Recognition},
  pages={862--871},
  year={2021}
}

@inproceedings{bammey2020adaptive,
  title={An adaptive neural network for unsupervised mosaic consistency analysis in image forensics},
  author={Bammey, Quentin and Gioi, Rafael Grompone von and Morel, Jean-Michel},
  booktitle={Proceedings of the IEEE/CVF conference on computer vision and pattern recognition},
  pages={14194--14204},
  year={2020}
}

@inproceedings{cazenavette2024fakeinversion,
  title={FakeInversion: Learning to Detect Images from Unseen Text-to-Image Models by Inverting Stable Diffusion},
  author={Cazenavette, George and Sud, Avneesh and Leung, Thomas and Usman, Ben},
  booktitle={Proceedings of the IEEE/CVF Conference on Computer Vision and Pattern Recognition},
  pages={10759--10769},
  year={2024}
}

@inproceedings{chen2021image,
  title={Image manipulation detection by multi-view multi-scale supervision},
  author={Chen, Xinru and Dong, Chengbo and Ji, Jiaqi and Cao, Juan and Li, Xirong},
  booktitle={Proceedings of the IEEE/CVF international conference on computer vision},
  pages={14185--14193},
  year={2021}
}

@inproceedings{enouen2022sparse,
    title={Sparse Interaction Additive Networks via Feature Interaction Detection and Sparse Selection},
    author={Enouen, James and Liu, Yan},
    booktitle={Proceedings of the 35th Conference on Neural Information Processing Systems (NIPS)},
    volume={35},
    pages={13908--13920},
    year={2022},
}

@inproceedings{gatys2016image,
  title={Image style transfer using convolutional neural networks},
  author={Gatys, Leon A and Ecker, Alexander S and Bethge, Matthias},
  booktitle={Proceedings of the IEEE conference on computer vision and pattern recognition},
  pages={2414--2423},
  year={2016}
}

@article{grommelt2024fake,
  title={Fake or JPEG? Revealing Common Biases in Generated Image Detection Datasets},
  author={Grommelt, Patrick and Weiss, Louis and Pfreundt, Franz-Josef and Keuper, Janis},
  journal={arXiv preprint arXiv:2403.17608},
  year={2024}
}

@inproceedings{guillaro2023trufor,
  title={Trufor: Leveraging all-round clues for trustworthy image forgery detection and localization},
  author={Guillaro, Fabrizio and Cozzolino, Davide and Sud, Avneesh and Dufour, Nicholas and Verdoliva, Luisa},
  booktitle={Proceedings of the IEEE/CVF conference on computer vision and pattern recognition},
  pages={20606--20615},
  year={2023}
}

@article{huang2025pfb,
  title={Pfb-diff: Progressive feature blending diffusion for text-driven image editing},
  author={Huang, Wenjing and Tu, Shikui and Xu, Lei},
  journal={Neural Networks},
  volume={181},
  pages={106777},
  year={2025},
  publisher={Elsevier}
}

@article{li2017universal,
  title={Universal style transfer via feature transforms},
  author={Li, Yijun and Fang, Chen and Yang, Jimei and Wang, Zhaowen and Lu, Xin and Yang, Ming-Hsuan},
  journal={Advances in neural information processing systems},
  volume={30},
  year={2017}
}

@article{liu2022pscc,
  title={PSCC-Net: Progressive spatio-channel correlation network for image manipulation detection and localization},
  author={Liu, Xiaohong and Liu, Yaojie and Chen, Jun and Liu, Xiaoming},
  journal={IEEE Transactions on Circuits and Systems for Video Technology},
  volume={32},
  number={11},
  pages={7505--7517},
  year={2022},
  publisher={IEEE}
}

@inproceedings{locatello2019challenging,
  title={Challenging common assumptions in the unsupervised learning of disentangled representations},
  author={Locatello, Francesco and Bauer, Stefan and Lucic, Mario and Raetsch, Gunnar and Gelly, Sylvain and Sch{\"o}lkopf, Bernhard and Bachem, Olivier},
  booktitle={international conference on machine learning},
  pages={4114--4124},
  year={2019},
  organization={PMLR}
}

@inproceedings{luo2024lare,
  title={LaRE\^{} 2: Latent Reconstruction Error Based Method for Diffusion-Generated Image Detection},
  author={Luo, Yunpeng and Du, Junlong and Yan, Ke and Ding, Shouhong},
  booktitle={Proceedings of the IEEE/CVF Conference on Computer Vision and Pattern Recognition},
  pages={17006--17015},
  year={2024}
}

@article{ma2023exposing,
  title={Exposing the fake: Effective diffusion-generated images detection},
  author={Ma, Ruipeng and Duan, Jinhao and Kong, Fei and Shi, Xiaoshuang and Xu, Kaidi},
  journal={arXiv preprint arXiv:2307.06272},
  year={2023}
}

@article{mueller2024gamformer,
  title={GAMformer: In-Context Learning for Generalized Additive Models},
  author={Mueller, Andreas and Siems, Julien and Nori, Harsha and Salinas, David and Zela, Arber and Caruana, Rich and Hutter, Frank},
  journal={arXiv preprint arXiv:2410.04560},
  year={2024}
}

@inproceedings{ojha2023towards,
  title={Towards universal fake image detectors that generalize across generative models},
  author={Ojha, Utkarsh and Li, Yuheng and Lee, Yong Jae},
  booktitle={Proceedings of the IEEE/CVF Conference on Computer Vision and Pattern Recognition},
  pages={24480--24489},
  year={2023}
}

@inproceedings{rombach2022high,
  title={High-resolution image synthesis with latent diffusion models},
  author={Rombach, Robin and Blattmann, Andreas and Lorenz, Dominik and Esser, Patrick and Ommer, Bj{\"o}rn},
  booktitle={Proceedings of the IEEE/CVF conference on computer vision and pattern recognition},
  pages={10684--10695},
  year={2022}
}

@inproceedings{sanakoyeu2018style,
  title={A style-aware content loss for real-time hd style transfer},
  author={Sanakoyeu, Artsiom and Kotovenko, Dmytro and Lang, Sabine and Ommer, Bjorn},
  booktitle={proceedings of the European conference on computer vision (ECCV)},
  pages={698--714},
  year={2018}
}

@inproceedings{wang2023dire,
  title={Dire for diffusion-generated image detection},
  author={Wang, Zhendong and Bao, Jianmin and Zhou, Wengang and Wang, Weilun and Hu, Hezhen and Chen, Hong and Li, Houqiang},
  booktitle={Proceedings of the IEEE/CVF International Conference on Computer Vision},
  pages={22445--22455},
  year={2023}
}

@inproceedings{wang2023stylediffusion,
  title={Stylediffusion: Controllable disentangled style transfer via diffusion models},
  author={Wang, Zhizhong and Zhao, Lei and Xing, Wei},
  booktitle={Proceedings of the IEEE/CVF International Conference on Computer Vision},
  pages={7677--7689},
  year={2023}
}

@inproceedings{xu2023sparse,
    title={Sparse neural additive model: Interpretable deep learning with feature selection via group sparsity},
    author={Xu, Shiyun and Bu, Zhiqi and Chaudhari, Pratik and Barnett, Ian J},
    booktitle={Joint European Conference on Machine Learning and Knowledge Discovery in Databases},
    pages={343--359},
    year={2023}
}

@article{yuan2023sparse,
  title={Sparse Additive Machine With the Correntropy-Induced Loss},
  author={Yuan, Peipei and You, Xinge and Chen, Hong and Wang, Yingjie and Peng, Qinmu and Zou, Bin},
  journal={IEEE Transactions on Neural Networks and Learning Systems},
  year={2023},
  publisher={IEEE}
}

