


@article{huang2025pfb,
  title={Pfb-diff: Progressive feature blending diffusion for text-driven image editing},
  author={Huang, Wenjing and Tu, Shikui and Xu, Lei},
  journal={Neural Networks},
  volume={181},
  pages={106777},
  year={2025},
  publisher={Elsevier}
}

@article{hussain2020high,
  title={High-content image generation for drug discovery using generative adversarial networks},
  author={Hussain, Shaista and Anees, Ayesha and Das, Ankit and Nguyen, Binh P and Marzuki, Mardiana and Lin, Shuping and Wright, Graham and Singhal, Amit},
  journal={Neural Networks},
  volume={132},
  pages={353--363},
  year={2020},
  publisher={Elsevier}
}

@article{bai2025towards,
  title={Towards generalizable face forgery detection via mitigating spurious correlation},
  author={Bai, Ningning and Wang, Xiaofeng and Han, Ruidong and Hou, Jianpeng and Wang, Qin and Pang, Shanmin},
  journal={Neural Networks},
  volume={182},
  pages={106909},
  year={2025},
  publisher={Elsevier}
}

@article{hou2022guidedstyle,
  title={Guidedstyle: Attribute knowledge guided style manipulation for semantic face editing},
  author={Hou, Xianxu and Zhang, Xiaokang and Liang, Hanbang and Shen, Linlin and Lai, Zhihui and Wan, Jun},
  journal={Neural Networks},
  volume={145},
  pages={209--220},
  year={2022},
  publisher={Elsevier}
}


@article{lee2024robust,
  title={Robust sound-guided image manipulation},
  author={Lee, Seung Hyun and Chi, Hyung-gun and Oh, Gyeongrok and Byeon, Wonmin and Yoon, Sang Ho and Park, Hyunje and Cho, Wonjun and Kim, Jinkyu and Kim, Sangpil},
  journal={Neural Networks},
  volume={175},
  pages={106271},
  year={2024},
  publisher={Elsevier}
}

@inproceedings{Zhao12,
  title={Sparse additive machine},
  author={ Zhao, T.  and  Han, L. },
  booktitle={Proceedings of the 15th International Conference on Artificial Intelligence and Statistics (AISTATS)},
  note = {La Palma, Canary Islands},
 pages = {1435–1443},
  year={2012}
}

@article{WangY21,
  title={Sparse additive machine with pinball loss},
  author={Wang, Yingjie and Tang, Xin and Chen, Hong and Yuan, Tianjiao and Chen, Yanhong and Li, Han},
  journal={Neurocomputing},
  volume = {439},
  pages = {281-293},
  year={2021}
}

@inproceedings{Chen17,
  title={Group Sparse Additive Machine},
  author={Chen, H. and Wang, X. and  Deng, C. and Huang, H},
  booktitle={Proceedings of the 31th Conference on Neural Information Processing Systems (NIPS)},
  note = {Long Beach, CA, USA, 2017: 197–207},
  year={2017}
}
@article{Huang2014Support,
  title={Support vector machine classifier with pinball loss},
  author={Huang, Xiaolin and Shi, Lei and  Ak, J., Suykens},
  journal={IEEE Transactions on Pattern Analysis and Machine Intelligence},
  volume={36},
  number={5},
  pages={948--997},
  publisher={IEEE},
  year={2014}
}

@article{Wu2005SVM,
  title={SVM Soft Margin Classifiers: Linear Programming versus Quadratic Programming},
  author={ Wu, Q.  and  Zhou, D. },
  journal={Neural computation},
  volume={17},
  number={5},
  pages={1160--1187},
  year={2005}
}
@article{Chen2020,
  author  = {Chen, Hong and Wang, Yingjie and Zheng, Feng and Deng, Cheng},
  title   = {Sparse modal additive model},
  journal = {IEEE Transactions on Neural Networks and Learning Systems},
  volume  = {32},
  number  = {6},
  pages   = {2373-2387},
  year    = {2020}
}

@inproceedings{Boyd04,
  author  = {Boyd, Stephen and Boyd, Stephen P. and Vandenberghe, Lieven},
  title   = {Convex optimization},
  booktitle = {Cambridge university press},
  year    = {2004}
}


@inproceedings{Rockafellar97,
  author  = {Rockafellar, R. Tyrrell},
  title   = {Convex analysis},
  booktitle = {Princeton university press},
  year    = {1997}
}
@article{Boyd11,
  author  = {Boyd, Stephen and Parikh, Neal and Chu, Eric and Peleato, Borja and Eckstein, Jonathan},
  title   = {Distributed optimization and statistical learning via the alternating direction method of multipliers},
  journal = {Foundations and Trends in Machine learning},
  volume  = {3},
  number  = {1},
  pages   = {1-122},
  year    = {2011}
}

@article{Nikolova05,
  author  = {Nikolova, Mila and Michael, K. Ng},
  title   = {Analysis of half-quadratic minimization methods for signal and image recovery},
  journal = {SIAM Journal on Scientific computing},
  volume  = {27},
  number  = {3},
  pages   = {937-966},
  year    = {2005}
}

@article{lin2024detecting,
  title={Detecting multimedia generated by large ai models: A survey},
  author={Lin, Li and Gupta, Neeraj and Zhang, Yue and Ren, Hainan and Liu, Chun-Hao and Ding, Feng and Wang, Xin and Li, Xin and Verdoliva, Luisa and Hu, Shu},
  journal={arXiv preprint arXiv:2402.00045},
  year={2024}
}

@article{kingma2013auto,
  title={Auto-encoding variational bayes},
  author={Kingma, Diederik P},
  journal={arXiv preprint arXiv:1312.6114},
  year={2013}
}

@article{ho2020denoising,
  title={Denoising diffusion probabilistic models},
  author={Ho, Jonathan and Jain, Ajay and Abbeel, Pieter},
  journal={Advances in neural information processing systems},
  volume={33},
  pages={6840--6851},
  year={2020}
}

@article{mueller2024gamformer,
  title={GAMformer: In-Context Learning for Generalized Additive Models},
  author={Mueller, Andreas and Siems, Julien and Nori, Harsha and Salinas, David and Zela, Arber and Caruana, Rich and Hutter, Frank},
  journal={arXiv preprint arXiv:2410.04560},
  year={2024}
}

@inproceedings{xu2023sparse,
    title={Sparse neural additive model: Interpretable deep learning with feature selection via group sparsity},
    author={Xu, Shiyun and Bu, Zhiqi and Chaudhari, Pratik and Barnett, Ian J},
    booktitle={Joint European Conference on Machine Learning and Knowledge Discovery in Databases},
    pages={343--359},
    year={2023}
}

@inproceedings{dubey2022scalable,
    title={Scalable interpretability via polynomials},
    author={Dubey, Abhimanyu and Radenovic, Filip and Mahajan, Dhruv},
    booktitle={Proceedings of the 35th Conference on Neural Information Processing Systems (NIPS)},
    volume={35},
    pages={36748--36761},
    year={2022}
}

@inproceedings{Chang22,
  title={NODE-GAM: neural generalized additive model for interpretable deep learning},
  author={Chang, C. H.  and  Caruana, R.  and  Goldenberg, A. },
  booktitle = {Proceedings of the 29th International Conference on Learning Representations(ICML)},
  year={2022}
 }

@inproceedings{radenovic2022neural,
    title={Neural basis models for interpretability},
    author={Radenovic, Filip and Dubey, Abhimanyu and Mahajan, Dhruv},
    booktitle={Proceedings of the 35th Conference on Neural Information Processing Systems (NIPS)}, 
    volume={35},
    pages={8414--8426},
    year={2022}
}

@inproceedings{enouen2022sparse,
    title={Sparse Interaction Additive Networks via Feature Interaction Detection and Sparse Selection},
    author={Enouen, James and Liu, Yan},
    booktitle={Proceedings of the 35th Conference on Neural Information Processing Systems (NIPS)},
    volume={35},
    pages={13908--13920},
    year={2022},
}

@inproceedings{Agarwal21,
    title = {Neural Additive Models: Interpretable Machine Learning with Neural Nets},
    author = {Agarwal, Rishabh and Melnick, Levi and Frosst, Nicholas and Zhang, Xuezhou and Lengerich, Ben and Caruana, Rich and Hinton, Geoffrey E},
    booktitle = {Proceedings of the 35th Conference on Neural Information Processing Systems (NIPS)},
    volume={34},
    pages={4699--4711},
    year = {2021}
}
@article{yuan2023sparse,
  title={Sparse Additive Machine With the Correntropy-Induced Loss},
  author={Yuan, Peipei and You, Xinge and Chen, Hong and Wang, Yingjie and Peng, Qinmu and Zou, Bin},
  journal={IEEE Transactions on Neural Networks and Learning Systems},
  year={2023},
  publisher={IEEE}
}

@article{Meier2009High,
  title={High-dimensional additive modeling},
  author={Meier and Lukas and van and de and Geer and Sara and B\u00fchlmann and Peter},
  journal={Ann Statist},
  volume={37},
  number={6B},
  pages={3779–3821},
  year={2009},
}


@article{goodfellow2014generative,
  title={Generative adversarial nets},
  author={Goodfellow, Ian and Pouget-Abadie, Jean and Mirza, Mehdi and Xu, Bing and Warde-Farley, David and Ozair, Sherjil and Courville, Aaron and Bengio, Yoshua},
  journal={Advances in neural information processing systems},
  volume={27},
  year={2014}
}
@inproceedings{dang2020detection,
  title={On the detection of digital face manipulation},
  author={Dang, Hao and Liu, Feng and Stehouwer, Joel and Liu, Xiaoming and Jain, Anil K},
  booktitle={Proceedings of the IEEE/CVF Conference on Computer Vision and Pattern recognition},
  pages={5781--5790},
  year={2020}
}
@inproceedings{wang2020cnn,
  title={CNN-generated images are surprisingly easy to spot... for now},
  author={Wang, Sheng-Yu and Wang, Oliver and Zhang, Richard and Owens, Andrew and Efros, Alexei A},
  booktitle={Proceedings of the IEEE/CVF conference on computer vision and pattern recognition},
  pages={8695--8704},
  year={2020}
}
@article{dong2022mvss,
  title={Mvss-net: Multi-view multi-scale supervised networks for image manipulation detection},
  author={Dong, Chengbo and Chen, Xinru and Hu, Ruohan and Cao, Juan and Li, Xirong},
  journal={IEEE Transactions on Pattern Analysis and Machine Intelligence},
  volume={45},
  number={3},
  pages={3539--3553},
  year={2022},
  publisher={IEEE}
}
@inproceedings{hu2020span,
  title={SPAN: Spatial pyramid attention network for image manipulation localization},
  author={Hu, Xuefeng and Zhang, Zhihan and Jiang, Zhenye and Chaudhuri, Syomantak and Yang, Zhenheng and Nevatia, Ram},
  booktitle={Computer Vision--ECCV 2020: 16th European Conference, Glasgow, UK, August 23--28, 2020, Proceedings, Part XXI 16},
  pages={312--328},
  year={2020},
  organization={Springer}
}
@inproceedings{wang2022objectformer,
  title={Objectformer for image manipulation detection and localization},
  author={Wang, Junke and Wu, Zuxuan and Chen, Jingjing and Han, Xintong and Shrivastava, Abhinav and Lim, Ser-Nam and Jiang, Yu-Gang},
  booktitle={Proceedings of the IEEE/CVF Conference on Computer Vision and Pattern Recognition},
  pages={2364--2373},
  year={2022}
}
@inproceedings{zhang2019detecting,
  title={Detecting and simulating artifacts in gan fake images},
  author={Zhang, Xu and Karaman, Svebor and Chang, Shih-Fu},
  booktitle={2019 IEEE international workshop on information forensics and security (WIFS)},
  pages={1--6},
  year={2019},
  organization={IEEE}
}
@inproceedings{durall2020watch,
  title={Watch your up-convolution: Cnn based generative deep neural networks are failing to reproduce spectral distributions},
  author={Durall, Ricard and Keuper, Margret and Keuper, Janis},
  booktitle={Proceedings of the IEEE/CVF conference on computer vision and pattern recognition},
  pages={7890--7899},
  year={2020}
}
@article{grommelt2024fake,
  title={Fake or JPEG? Revealing Common Biases in Generated Image Detection Datasets},
  author={Grommelt, Patrick and Weiss, Louis and Pfreundt, Franz-Josef and Keuper, Janis},
  journal={arXiv preprint arXiv:2403.17608},
  year={2024}
}
@article{nichol2021glide,
  title={Glide: Towards photorealistic image generation and editing with text-guided diffusion models},
  author={Nichol, Alex and Dhariwal, Prafulla and Ramesh, Aditya and Shyam, Pranav and Mishkin, Pamela and McGrew, Bob and Sutskever, Ilya and Chen, Mark},
  journal={arXiv preprint arXiv:2112.10741},
  year={2021}
}
@article{ramesh2022hierarchical,
  title={Hierarchical text-conditional image generation with clip latents},
  author={Ramesh, Aditya and Dhariwal, Prafulla and Nichol, Alex and Chu, Casey and Chen, Mark},
  journal={arXiv preprint arXiv:2204.06125},
  volume={1},
  number={2},
  pages={3},
  year={2022}
}
@article{saharia2022photorealistic,
  title={Photorealistic text-to-image diffusion models with deep language understanding},
  author={Saharia, Chitwan and Chan, William and Saxena, Saurabh and Li, Lala and Whang, Jay and Denton, Emily L and Ghasemipour, Kamyar and Gontijo Lopes, Raphael and Karagol Ayan, Burcu and Salimans, Tim and others},
  journal={Advances in neural information processing systems},
  volume={35},
  pages={36479--36494},
  year={2022}
}
@article{singer2022make,
  title={Make-a-video: Text-to-video generation without text-video data},
  author={Singer, Uriel and Polyak, Adam and Hayes, Thomas and Yin, Xi and An, Jie and Zhang, Songyang and Hu, Qiyuan and Yang, Harry and Ashual, Oron and Gafni, Oran and others},
  journal={arXiv preprint arXiv:2209.14792},
  year={2022}
}
@inproceedings{corvi2023intriguing,
  title={Intriguing properties of synthetic images: from generative adversarial networks to diffusion models},
  author={Corvi, Riccardo and Cozzolino, Davide and Poggi, Giovanni and Nagano, Koki and Verdoliva, Luisa},
  booktitle={Proceedings of the IEEE/CVF Conference on Computer Vision and Pattern Recognition},
  pages={973--982},
  year={2023}
}
@inproceedings{ojha2023towards,
  title={Towards universal fake image detectors that generalize across generative models},
  author={Ojha, Utkarsh and Li, Yuheng and Lee, Yong Jae},
  booktitle={Proceedings of the IEEE/CVF Conference on Computer Vision and Pattern Recognition},
  pages={24480--24489},
  year={2023}
}
@inproceedings{guillaro2023trufor,
  title={Trufor: Leveraging all-round clues for trustworthy image forgery detection and localization},
  author={Guillaro, Fabrizio and Cozzolino, Davide and Sud, Avneesh and Dufour, Nicholas and Verdoliva, Luisa},
  booktitle={Proceedings of the IEEE/CVF conference on computer vision and pattern recognition},
  pages={20606--20615},
  year={2023}
}
@inproceedings{bammey2020adaptive,
  title={An adaptive neural network for unsupervised mosaic consistency analysis in image forensics},
  author={Bammey, Quentin and Gioi, Rafael Grompone von and Morel, Jean-Michel},
  booktitle={Proceedings of the IEEE/CVF conference on computer vision and pattern recognition},
  pages={14194--14204},
  year={2020}
}
@inproceedings{kwon2021cat,
  title={CAT-Net: Compression artifact tracing network for detection and localization of image splicing},
  author={Kwon, Myung-Joon and Yu, In-Jae and Nam, Seung-Hun and Lee, Heung-Kyu},
  booktitle={Proceedings of the IEEE/CVF Winter Conference on Applications of Computer Vision},
  pages={375--384},
  year={2021}
}
@inproceedings{corvi2023detection,
  title={On the detection of synthetic images generated by diffusion models},
  author={Corvi, Riccardo and Cozzolino, Davide and Zingarini, Giada and Poggi, Giovanni and Nagano, Koki and Verdoliva, Luisa},
  booktitle={ICASSP 2023-2023 IEEE International Conference on Acoustics, Speech and Signal Processing (ICASSP)},
  pages={1--5},
  year={2023},
  organization={IEEE}
}
@inproceedings{cazenavette2024fakeinversion,
  title={FakeInversion: Learning to Detect Images from Unseen Text-to-Image Models by Inverting Stable Diffusion},
  author={Cazenavette, George and Sud, Avneesh and Leung, Thomas and Usman, Ben},
  booktitle={Proceedings of the IEEE/CVF Conference on Computer Vision and Pattern Recognition},
  pages={10759--10769},
  year={2024}
}
@inproceedings{chen2021image,
  title={Image manipulation detection by multi-view multi-scale supervision},
  author={Chen, Xinru and Dong, Chengbo and Ji, Jiaqi and Cao, Juan and Li, Xirong},
  booktitle={Proceedings of the IEEE/CVF international conference on computer vision},
  pages={14185--14193},
  year={2021}
}
@article{liu2022pscc,
  title={PSCC-Net: Progressive spatio-channel correlation network for image manipulation detection and localization},
  author={Liu, Xiaohong and Liu, Yaojie and Chen, Jun and Liu, Xiaoming},
  journal={IEEE Transactions on Circuits and Systems for Video Technology},
  volume={32},
  number={11},
  pages={7505--7517},
  year={2022},
  publisher={IEEE}
}
@inproceedings{wang2023dire,
  title={Dire for diffusion-generated image detection},
  author={Wang, Zhendong and Bao, Jianmin and Zhou, Wengang and Wang, Weilun and Hu, Hezhen and Chen, Hong and Li, Houqiang},
  booktitle={Proceedings of the IEEE/CVF International Conference on Computer Vision},
  pages={22445--22455},
  year={2023}
}
@inproceedings{liu2024forgery,
  title={Forgery-aware adaptive transformer for generalizable synthetic image detection},
  author={Liu, Huan and Tan, Zichang and Tan, Chuangchuang and Wei, Yunchao and Wang, Jingdong and Zhao, Yao},
  booktitle={Proceedings of the IEEE/CVF Conference on Computer Vision and Pattern Recognition},
  pages={10770--10780},
  year={2024}
}
@inproceedings{guo2023hierarchical,
  title={Hierarchical fine-grained image forgery detection and localization},
  author={Guo, Xiao and Liu, Xiaohong and Ren, Zhiyuan and Grosz, Steven and Masi, Iacopo and Liu, Xiaoming},
  booktitle={Proceedings of the IEEE/CVF Conference on Computer Vision and Pattern Recognition},
  pages={3155--3165},
  year={2023}
}
@inproceedings{yu2024diffforensics,
  title={DiffForensics: Leveraging Diffusion Prior to Image Forgery Detection and Localization},
  author={Yu, Zeqin and Ni, Jiangqun and Lin, Yuzhen and Deng, Haoyi and Li, Bin},
  booktitle={Proceedings of the IEEE/CVF Conference on Computer Vision and Pattern Recognition},
  pages={12765--12774},
  year={2024}
}

@article{ma2023exposing,
  title={Exposing the fake: Effective diffusion-generated images detection},
  author={Ma, Ruipeng and Duan, Jinhao and Kong, Fei and Shi, Xiaoshuang and Xu, Kaidi},
  journal={arXiv preprint arXiv:2307.06272},
  year={2023}
}

@inproceedings{luo2024lare,
  title={LaRE\^{} 2: Latent Reconstruction Error Based Method for Diffusion-Generated Image Detection},
  author={Luo, Yunpeng and Du, Junlong and Yan, Ke and Ding, Shouhong},
  booktitle={Proceedings of the IEEE/CVF Conference on Computer Vision and Pattern Recognition},
  pages={17006--17015},
  year={2024}
}

@inproceedings{wang2023stylediffusion,
  title={Stylediffusion: Controllable disentangled style transfer via diffusion models},
  author={Wang, Zhizhong and Zhao, Lei and Xing, Wei},
  booktitle={Proceedings of the IEEE/CVF International Conference on Computer Vision},
  pages={7677--7689},
  year={2023}
}

@inproceedings{gatys2016image,
  title={Image style transfer using convolutional neural networks},
  author={Gatys, Leon A and Ecker, Alexander S and Bethge, Matthias},
  booktitle={Proceedings of the IEEE conference on computer vision and pattern recognition},
  pages={2414--2423},
  year={2016}
}

@article{li2017universal,
  title={Universal style transfer via feature transforms},
  author={Li, Yijun and Fang, Chen and Yang, Jimei and Wang, Zhaowen and Lu, Xin and Yang, Ming-Hsuan},
  journal={Advances in neural information processing systems},
  volume={30},
  year={2017}
}
@inproceedings{an2021artflow,
  title={Artflow: Unbiased image style transfer via reversible neural flows},
  author={An, Jie and Huang, Siyu and Song, Yibing and Dou, Dejing and Liu, Wei and Luo, Jiebo},
  booktitle={Proceedings of the IEEE/CVF Conference on Computer Vision and Pattern Recognition},
  pages={862--871},
  year={2021}
}

@inproceedings{sanakoyeu2018style,
  title={A style-aware content loss for real-time hd style transfer},
  author={Sanakoyeu, Artsiom and Kotovenko, Dmytro and Lang, Sabine and Ommer, Bjorn},
  booktitle={proceedings of the European conference on computer vision (ECCV)},
  pages={698--714},
  year={2018}
}


@inproceedings{locatello2019challenging,
  title={Challenging common assumptions in the unsupervised learning of disentangled representations},
  author={Locatello, Francesco and Bauer, Stefan and Lucic, Mario and Raetsch, Gunnar and Gelly, Sylvain and Sch{\"o}lkopf, Bernhard and Bachem, Olivier},
  booktitle={international conference on machine learning},
  pages={4114--4124},
  year={2019},
  organization={PMLR}
}

@article{amoroso2023parents,
  title={Parents and Children: Distinguishing Multimodal DeepFakes from Natural Images},
  author={Amoroso, Roberto and Morelli, Davide and Cornia, Marcella and Baraldi, Lorenzo and Del Bimbo, Alberto and Cucchiara, Rita},
  journal={arXiv preprint arXiv:2304.00500},
  year={2023}
}

@inproceedings{lin2014microsoft,
  title={Microsoft coco: Common objects in context},
  author={Lin, Tsung-Yi and Maire, Michael and Belongie, Serge and Hays, James and Perona, Pietro and Ramanan, Deva and Doll{\'a}r, Piotr and Zitnick, C Lawrence},
  booktitle={Computer Vision--ECCV 2014: 13th European Conference, Zurich, Switzerland, September 6-12, 2014, Proceedings, Part V 13},
  pages={740--755},
  year={2014},
  organization={Springer}
}

@inproceedings{wang2021real,
  title={Real-esrgan: Training real-world blind super-resolution with pure synthetic data},
  author={Wang, Xintao and Xie, Liangbin and Dong, Chao and Shan, Ying},
  booktitle={Proceedings of the IEEE/CVF international conference on computer vision},
  pages={1905--1914},
  year={2021}
}

@inproceedings{wang2024apisr,
  title={APISR: Anime Production Inspired Real-World Anime Super-Resolution},
  author={Wang, Boyang and Yang, Fengyu and Yu, Xihang and Zhang, Chao and Zhao, Hanbin},
  booktitle={Proceedings of the IEEE/CVF Conference on Computer Vision and Pattern Recognition},
  pages={25574--25584},
  year={2024}
}

@article{kingma2018glow,
  title={Glow: Generative flow with invertible 1x1 convolutions},
  author={Kingma, Durk P and Dhariwal, Prafulla},
  journal={Advances in neural information processing systems},
  volume={31},
  year={2018}
}

@article{choi2021ilvr,
  title={Ilvr: Conditioning method for denoising diffusion probabilistic models},
  author={Choi, Jooyoung and Kim, Sungwon and Jeong, Yonghyun and Gwon, Youngjune and Yoon, Sungroh},
  booktitle={Proceedings of the IEEE/CVF International Conference on Computer Vision},
  pages={14347–14356},
  year={2021}
}

@inproceedings{zhou2016learning,
  title={Learning deep features for discriminative localization},
  author={Zhou, Bolei and Khosla, Aditya and Lapedriza, Agata and Oliva, Aude and Torralba, Antonio},
  booktitle={Proceedings of the IEEE conference on computer vision and pattern recognition},
  pages={2921--2929},
  year={2016}
}

@book{kullback1997information,
  title={Information theory and statistics},
  author={Kullback, Solomon},
  year={1997},
  publisher={Courier Corporation}
}

@article{winnemoller2012xdog,
  title={XDoG: An eXtended difference-of-Gaussians compendium including advanced image stylization},
  author={Winnem{\"o}ller, Holger and Kyprianidis, Jan Eric and Olsen, Sven C},
  journal={Computers \& Graphics},
  volume={36},
  number={6},
  pages={740--753},
  year={2012},
  publisher={Elsevier}
}

@inproceedings{rombach2022high,
  title={High-resolution image synthesis with latent diffusion models},
  author={Rombach, Robin and Blattmann, Andreas and Lorenz, Dominik and Esser, Patrick and Ommer, Bj{\"o}rn},
  booktitle={Proceedings of the IEEE/CVF conference on computer vision and pattern recognition},
  pages={10684--10695},
  year={2022}
}

@article{podell2023sdxl,
  title={Sdxl: Improving latent diffusion models for high-resolution image synthesis},
  author={Podell, Dustin and English, Zion and Lacey, Kyle and Blattmann, Andreas and Dockhorn, Tim and M{\"u}ller, Jonas and Penna, Joe and Rombach, Robin},
  journal={arXiv preprint arXiv:2307.01952},
  year={2023}
}

@inproceedings{liu2021swin,
  title={Swin transformer: Hierarchical vision transformer using shifted windows},
  author={Liu, Ze and Lin, Yutong and Cao, Yue and Hu, Han and Wei, Yixuan and Zhang, Zheng and Lin, Stephen and Guo, Baining},
  booktitle={Proceedings of the IEEE/CVF international conference on computer vision},
  pages={10012--10022},
  year={2021}
}
@inproceedings{tan2019efficientnet,
  title={Efficientnet: Rethinking model scaling for convolutional neural networks},
  author={Tan, Mingxing and Le, Quoc},
  booktitle={International conference on machine learning},
  pages={6105--6114},
  year={2019},
  organization={PMLR}
}