@inproceedings{McDermott1998PDDL,
  title={{PDDL-the Planning Domain Definition Language}},
  author={Drew McDermott and Malik Ghallab and Adele E. Howe and Craig A. Knoblock and Ashwin Ram and Manuela M. Veloso and Daniel S. Weld and David E. Wilkins},
  year={1998},
  url={https://api.semanticscholar.org/CorpusID:59656859}
}

@inproceedings{Soroush2022maple,
  title={{Augmenting Reinforcement Learning with Behavior Primitives for Diverse Manipulation Tasks}},
  author={Nasiriany, Soroush and Liu, Huihan and Zhu, Yuke},
  booktitle={Proceedings of the International Conference on Robotics and Automation (ICRA)},
  pages={7477--7484},
  year={2022}
}

@inproceedings{asai2018latplan_prop,
  title={{Classical Planning in Deep Latent Space: Bridging the Subsymbolic-Symbolic Boundary}},
  author={Asai, Masataro and Fukunaga, Alex},
  booktitle={{Proceedings of The AAAI Conference on Artificial Intelligence (AAAI)}},
  volume={32},
  year={2018}
}

@inproceedings{asai2019latplan_fol,
  title={{Unsupervised Grounding of Plannable First-Order Logic Representation From Images}},
  author={Asai, Masataro},
  booktitle={{Proceedings of the International Conference on Automated Planning and Scheduling (ICAPS)}},
  volume={29},
  pages={583--591},
  year={2019}
}

@inproceedings{asai2021latplanpddl,
  title={{Learning Neural-Dymbolic Descriptive Planning Models via Cube-Space Priors: the Voyage Home (to STRIPS)}},
  author={Asai, Masataro and Muise, Christian},
  booktitle={Proceedings of the International Joint Conferences on Artificial Intelligence (IJCAI)},
  pages={2676--2682},
  year={2021}
}

@article{bougie2020skill,
  title={Skill-based curiosity for intrinsically motivated reinforcement learning},
  author={Bougie, Nicolas and Ichise, Ryutaro},
  journal={Machine Learning},
  volume={109},
  year={2020},
  publisher={Springer},
  url={https://link.springer.com/content/pdf/10.1007/s10994-019-05845-8.pdf}
}

@inproceedings{chitnis2021glib,
  title={{GLIB: Efficient Exploration for Relational Model-Based Reinforcement Learning via Goal-Literal Babbling}},
  author={Chitnis, Rohan and Silver, Tom and Tenenbaum, Joshua B and Kaelbling, Leslie Pack and Lozano-P{\'e}rez, Tom{\'a}s},
  booktitle={{Proceedings of The AAAI Conference on Artificial Intelligence (AAAI)}},
  volume={35},
  pages={11782--11791},
  year={2021}
}

@inproceedings{chitnis2021nsrt,
  title={{Learning Neuro-Symbolic Relational Transition Models for Bilevel Planning}}, 
  author={Chitnis, Rohan and Silver, Tom and Tenenbaum, Joshua B. and Lozano-P{\'e}rez, Tom{\'a}s and Kaelbling, Leslie Pack},
  pages={4166--4173},
  year={2022},
  booktitle={{Proceedings of the IEEE/RSJ International Conference on Intelligent Robots and Systems (IROS)}}
}

@inproceedings{dong2019nlm,
  title={{Neural Logic Machines}},
  author={Dong, Honghua and Mao, Jiayuan and Lin, Tian and Wang, Chong and Li, Lihong and Zhou, Denny},
  booktitle={Proceedings of the International Conference on Learning Representations (ICLR)},
  year={2019},
  pages={1--10}
}

@article{fang2024keypoint,
  title={{Keypoint Abstraction using Large Models for Object-Relative Imitation Learning}},
  author={Fang, Xiaolin and Huang, Bo-Ruei and Mao, Jiayuan and Shone, Jasmine and Tenenbaum, Joshua B and Lozano-P{\'e}rez, Tom{\'a}s and Kaelbling, Leslie Pack},
  journal={arXiv preprint arXiv:2410.23254},
  year={2024}
}

@inproceedings{garrett2020pddlstream,
  title={{Pddlstream: Integrating Symbolic Planners and Blackbox Samplers via Optimistic Adaptive Planning}},
  author={Garrett, Caelan Reed and Lozano-P{\'e}rez, Tom{\'a}s and Kaelbling, Leslie Pack},
  booktitle={Proceedings of the International Conference on Automated Planning and Scheduling (ICAPS)},
  volume={30},
  pages={440--448},
  year={2020}
}

@article{garrett2021integrated,
  title={{Integrated Task and Motion Planning}},
  author={Garrett, Caelan Reed and Chitnis, Rohan and Holladay, Rachel and Kim, Beomjoon and Silver, Tom and Kaelbling, Leslie Pack and Lozano-P{\'e}rez, Tom{\'a}s},
  journal={{Annual Review of Control, Robotics, and Autonomous Systems}},
  volume={4},
  number={1},
  pages={265--293},
  year={2021},
}

@inproceedings{gupta2020relay,
  title={{Relay Policy Learning: Solving Long-Horizon Tasks via Imitation and Reinforcement Learning}},
  author={Gupta, Abhishek and Kumar, Vikash and Lynch, Corey and Levine, Sergey and Hausman, Karol},
  booktitle={{Proceedings of the Conference on Robot Learning (CoRL)}},
  pages={1025--1037},
  year={2020},
}

@article{han2024interpret,
      title={{InterPreT: Interactive Predicate Learning from Language Feedback for Generalizable Task Planning}}, 
      author={Muzhi Han and Yifeng Zhu and Song-Chun Zhu and Ying Nian Wu and Yuke Zhu},
      year={2024},
      journal={arXiv preprint arXiv:2405.19758},
}

@inproceedings{hansen2022bisimulation,
  title={{Bisimulation Makes Analogies in Goal-conditioned Reinforcement Learning}},
  author={Hansen-Estruch, Philippe and Zhang, Amy and Nair, Ashvin and Yin, Patrick and Levine, Sergey},
  booktitle={Proceedings of the International Conference on Machine Learning (ICML)},
  pages={8407--8426},
  year={2022}
}

@article{helmert2006fast,
  title={{The Fast Downward Planning System}},
  author={Helmert, Malte},
  journal={{Journal of Artificial Intelligence Research}},
  volume={26},
  pages={191--246},
  year={2006}
}

@article{hu2023look,
  title={{Look Before You Leap: Unveiling the Power of GPT-4v in Robotic Vision-Language Planning}},
  author={Hu, Yingdong and Lin, Fanqi and Zhang, Tong and Yi, Li and Gao, Yang},
  journal={arXiv preprint arXiv:2311.17842},
  year={2023}
}

@inproceedings{huang2023voxposer,
  title={{VoxPoser: Composable 3D Value Maps for Robotic Manipulation with Language Models}},
  author={Huang, Wenlong and Wang, Chen and Zhang, Ruohan and Li, Yunzhu and Wu, Jiajun and Fei-Fei, Li},
  booktitle={{Proceedings of the Conference on Robot Learning (CoRL)}},
  pages={540--562},
  year={2023},
}

@inproceedings{kaelbling2011htn,
  title={{Hierarchical Task and Motion Planning in the Now}},
  author={Kaelbling, Leslie Pack and Lozano-P{\'e}rez, Tom{\'a}s},
  booktitle={Proceedings of the International Conference on Robotics and Automation (ICRA)},
  pages={1470--1477},
  year={2011},
  organization={IEEE}
}

@inproceedings{karaman2011anytime,
  title={{Anytime Motion Planning using the RRT}},
  author={Karaman, Sertac and Walter, Matthew R and Perez, Alejandro and Frazzoli, Emilio and Teller, Seth},
  booktitle={Proceedings of the International Conference on Robotics and Automation (ICRA)},
  pages={1478--1483},
  year={2011},
}

@inproceedings{kipf2019compile,
  title={{Compile: Compositional Imitation Learning and Execution}},
  author={Kipf, Thomas and Li, Yujia and Dai, Hanjun and Zambaldi, Vinicius and Sanchez-Gonzalez, Alvaro and Grefenstette, Edward and Kohli, Pushmeet and Battaglia, Peter},
  booktitle={Proceedings of the International Conference on Machine Learning (ICML)},
  pages={3418--3428},
  year={2019},
}

@inproceedings{kumar2023predict,
  title={{Learning Efficient Abstract Planning Models That Choose What to Predict}},
  author={Kumar, Nishanth and McClinton, Willie and Chitnis, Rohan and Silver, Tom and Lozano-P{\'e}rez, Tom{\'a}s and Kaelbling, Leslie Pack},
  booktitle={{Proceedings of the Conference on Robot Learning (CoRL)}},
  year={2023}
}

@inproceedings{kumar2024openworld,
    title={{Open-World Task and Motion Planning via Vision-Language Model Inferred Constraints}},
    author={Nishanth Kumar and Fabio Ramos and Dieter Fox and Caelan Reed Garrett},
    booktitle={CoRL Workshop on Language and Robot Learning: Language as an Interface},
    year={2024},
}

@inproceedings{li2023embodied,
  title={{Embodied Active Learning of Relational State Abstractions for Bilevel Planning}}, 
  author={Li, Amber and Silver, Tom},
  year={2023},
  pages={358-375},
  booktitle={{Proceedings of the Conference on Lifelong Learning Agents (CoLLAs)}}
}

@misc{liang2024visualpredicator,
  title={{VisualPredicator: Learning Abstract World Models With Neuro-Symbolic Predicates For Robot Planning}},
  author={Liang, Yichao and Kumar, Nishanth and Tang, Hao and Weller, Adrian and Tenenbaum, Joshua B and Silver, Tom and Henriques, Jo√£o F and Ellis, Kevin},
  year={2024},
  eprint={2410.23156},
  archivePrefix={arXiv},
  url={https://arxiv.org/abs/2410.23156}
}

@inproceedings{liu2024BLADE,
  title = {{BLADE: Learning Compositional Behaviors from Demonstration and Language}},
  author = {Liu, Weiyu and Nie, Neil and Zhang, Ruohan and Mao, Jiayuan and Wu, Jiajun},
  booktitle={{Proceedings of the Conference on Robot Learning (CoRL)}},
  year = {2024},
  url = {https://openreview.net/pdf?id=rOK5DuR9IM}
}

@inproceedings{mao2022pdsketch,
  title={{PDSketch: Integrated Domain Programming, Learning, and Planning}},
  author={Mao, Jiayuan and Lozano-P{\'e}rez, Tom{\'a}s and Tenenbaum, Josh and Kaelbling, Leslie},
  booktitle={Proceedings of the Advances in Neural Information Processing Systems (NeurIPS)},
  volume={35},
  pages={36972--36984},
  year={2022}
}

@inproceedings{sharmadirected,
  title={{Directed-Info GAIL: Learning Hierarchical Policies from Unsegmented Demonstrations using Directed Information}},
  author={Sharma, Mohit and Sharma, Arjun and Rhinehart, Nicholas and Kitani, Kris M},
  booktitle={Proceedings of the International Conference on Learning Representations (ICLR)},
  year={2018}
}

@inproceedings{silver2023predicateinvent,
  title={{Predicate Invention for Bilevel Planning}},
  author={Silver, Tom and Chitnis, Rohan and Kumar, Nishanth and McClinton, Willie and Lozano-P{\'e}rez, Tom{\'a}s and Kaelbling, Leslie and Tenenbaum, Joshua B},
  booktitle={{Proceedings of The AAAI Conference on Artificial Intelligence (AAAI)}},
  volume={37},
  pages={12120--12129},
  year={2023}
}

@inproceedings{silver2024generalized,
  title={{Generalized Planning in PDDL Domains with Pretrained Large Language Models}},
  author={Silver, Tom and Dan, Soham and Srinivas, Kavitha and Tenenbaum, Joshua B and Kaelbling, Leslie and Katz, Michael},
  booktitle={Proceedings of the AAAI Conference on Artificial Intelligence (AAAI)},
  volume={38},
  number={18},
  pages={20256--20264},
  year={2024}
}

@inproceedings{wei2022cot,
  title={{Chain-of-Thought Prompting Elicits Reasoning in Large Language Models}},
  author={Wei, Jason and Wang, Xuezhi and Schuurmans, Dale and Bosma, Maarten and Xia, Fei and Chi, Ed and Le, Quoc V and Zhou, Denny and others},
  booktitle={Proceedings of the Advances in Neural Information Processing Systems (NeurIPS)},
  year={2022}
}

@misc{yang2024guidinglonghorizontaskmotion,
      title={{Guiding Long-Horizon Task and Motion Planning with Vision Language Models}}, 
      author={Zhutian Yang and Caelan Garrett and Dieter Fox and Tom√°s Lozano-P√©rez and Leslie Pack Kaelbling},
      year={2024},
      eprint={2410.02193},
      archivePrefix={arXiv},
      primaryClass={cs.RO},
      url={https://arxiv.org/abs/2410.02193}, 
}

