@article{Lake2017building,
  title={{Building Machines That Learn And Think Like People}},
  author={Lake, Brenden M and Ullman, Tomer D and Tenenbaum, Joshua B and Gershman, Samuel J},
  journal={Behavioral and Brain Sciences},
  volume={40},
  pages={e253},
  year={2017},
}

@article{Lake2015human,
  title={{Human-Level Concept Learning Through Probabilistic Program Induction}},
  author={Lake, Brenden M and Salakhutdinov, Ruslan and Tenenbaum, Joshua B},
  journal={Science},
  volume={350},
  number={6266},
  pages={1332--1338},
  year={2015},
}

@article{Tenenbaum2011grow,
  title={{How To Grow A Mind: Statistics, Structure, And Abstraction}},
  author={Tenenbaum, Joshua B and Kemp, Charles and Griffiths, Thomas L and Goodman, Noah D},
  journal={Science},
  volume={331},
  number={6022},
  pages={1279--1285},
  year={2011},
}

@inproceedings{mao2024planning,
  title={{What Planning Problems Can A Relational Neural Network Solve?}},
  author={Mao, Jiayuan and Lozano-P{\'e}rez, Tom{\'a}s and Tenenbaum, Josh and Kaelbling, Leslie},
  booktitle={Proceedings of the Advances in Neural Information Processing Systems (NeurIPS)},
  volume={36},
  year={2024}
}

@inproceedings{curtis2022discovering,
  title={{Discovering State And Action Abstractions For Generalized Task And Motion Planning}},
  author={Curtis, Aidan and Silver, Tom and Tenenbaum, Joshua B and Lozano-P{\'e}rez, Tom{\'a}s and Kaelbling, Leslie},
  booktitle={Proceedings of The AAAI Conference On Artificial Intelligence (AAAI)},
  number={5},
  pages={5377--5384},
  year={2022}
}

@misc{liang2024visualpredicator,
  title={{VisualPredicator: Learning Abstract World Models With Neuro-Symbolic Predicates For Robot Planning}},
  author={Liang, Yichao and Kumar, Nishanth and Tang, Hao and Weller, Adrian and Tenenbaum, Joshua B and Silver, Tom and Henriques, João F and Ellis, Kevin},
  year={2024},
  eprint={2410.23156},
  archivePrefix={arXiv},
  url={https://arxiv.org/abs/2410.23156}
}

@inproceedings{kumar2024practice,
  title={{Practice Makes Perfect: Planning To Learn Skill Parameter Policies}}, 
  author={Kumar, Nishanth and Silver, Tom and McClinton, Willie and Zhao, Linfeng and Proulx, Stephen and Lozano-P{\'e}rez, Tom{\'a}s and Kaelbling, Leslie Pack and Barry, Jennifer},
  year={2024},
  booktitle={{Proceedings of the Robotics: Science And Systems (RSS)}}
}

@inproceedings{kumar2023predict,
  title={{Learning Efficient Abstract Planning Models That Choose What to Predict}},
  author={Kumar, Nishanth and McClinton, Willie and Chitnis, Rohan and Silver, Tom and Lozano-P{\'e}rez, Tom{\'a}s and Kaelbling, Leslie Pack},
  booktitle={{Proceedings of the Conference on Robot Learning (CoRL)}},
  year={2023}
}

@inproceedings{silver2021operator,
  title={{Learning Symbolic Operators for Task and Motion Planning}}, 
  author={Silver, Tom and Chitnis, Rohan and Tenenbaum, Joshua and Kaelbling, Leslie Pack and Lozano-P{\'e}rez, Tom{\'a}s},
  year={2021},
  pages={3182--3189},
  booktitle={{Proceedings of the IEEE/RSJ International Conference on Intelligent Robots and Systems (IROS)}},
}

@inproceedings{chitnis2021nsrt,
  title={{Learning Neuro-Symbolic Relational Transition Models for Bilevel Planning}}, 
  author={Chitnis, Rohan and Silver, Tom and Tenenbaum, Joshua B. and Lozano-P{\'e}rez, Tom{\'a}s and Kaelbling, Leslie Pack},
  pages={4166--4173},
  year={2022},
  booktitle={{Proceedings of the IEEE/RSJ International Conference on Intelligent Robots and Systems (IROS)}}
}

@inproceedings{silver2022skills,
    title={{Learning Neuro-Symbolic Skills for Bilevel Planning}},
    author={Tom Silver and Ashay Athalye and Joshua B. Tenenbaum and Tom{\'a}s Lozano-P{\'e}rez and Leslie Pack Kaelbling},
    booktitle={{Proceedings of the Conference on Robot Learning (CoRL)}},
    year={2022},
}

@inproceedings{li2023embodied,
  title={{Embodied Active Learning of Relational State Abstractions for Bilevel Planning}}, 
  author={Li, Amber and Silver, Tom},
  year={2023},
  pages={358-375},
  booktitle={{Proceedings of the Conference on Lifelong Learning Agents (CoLLAs)}}
}

@inproceedings{silver2023predicateinvent,
  title={{Predicate Invention for Bilevel Planning}},
  author={Silver, Tom and Chitnis, Rohan and Kumar, Nishanth and McClinton, Willie and Lozano-P{\'e}rez, Tom{\'a}s and Kaelbling, Leslie and Tenenbaum, Joshua B},
  booktitle={{Proceedings of The AAAI Conference on Artificial Intelligence (AAAI)}},
  volume={37},
  pages={12120--12129},
  year={2023}
}

@article{garrett2021integrated,
  title={{Integrated Task and Motion Planning}},
  author={Garrett, Caelan Reed and Chitnis, Rohan and Holladay, Rachel and Kim, Beomjoon and Silver, Tom and Kaelbling, Leslie Pack and Lozano-P{\'e}rez, Tom{\'a}s},
  journal={{Annual Review of Control, Robotics, and Autonomous Systems}},
  volume={4},
  number={1},
  pages={265--293},
  year={2021},
}

@inproceedings{chitnis2021glib,
  title={{GLIB: Efficient Exploration for Relational Model-Based Reinforcement Learning via Goal-Literal Babbling}},
  author={Chitnis, Rohan and Silver, Tom and Tenenbaum, Joshua B and Kaelbling, Leslie Pack and Lozano-P{\'e}rez, Tom{\'a}s},
  booktitle={{Proceedings of The AAAI Conference on Artificial Intelligence (AAAI)}},
  volume={35},
  pages={11782--11791},
  year={2021}
}

@misc{yang2024guidinglonghorizontaskmotion,
      title={{Guiding Long-Horizon Task and Motion Planning with Vision Language Models}}, 
      author={Zhutian Yang and Caelan Garrett and Dieter Fox and Tomás Lozano-Pérez and Leslie Pack Kaelbling},
      year={2024},
      eprint={2410.02193},
      archivePrefix={arXiv},
      primaryClass={cs.RO},
      url={https://arxiv.org/abs/2410.02193}, 
}

@inproceedings{mao2022pdsketch,
  title={{PDSketch: Integrated Domain Programming, Learning, and Planning}},
  author={Mao, Jiayuan and Lozano-P{\'e}rez, Tom{\'a}s and Tenenbaum, Josh and Kaelbling, Leslie},
  booktitle={Proceedings of the Advances in Neural Information Processing Systems (NeurIPS)},
  volume={35},
  pages={36972--36984},
  year={2022}
}

@inproceedings{asai2018latplan_prop,
  title={{Classical Planning in Deep Latent Space: Bridging the Subsymbolic-Symbolic Boundary}},
  author={Asai, Masataro and Fukunaga, Alex},
  booktitle={{Proceedings of The AAAI Conference on Artificial Intelligence (AAAI)}},
  volume={32},
  year={2018}
}

@inproceedings{asai2019latplan_fol,
  title={{Unsupervised Grounding of Plannable First-Order Logic Representation From Images}},
  author={Asai, Masataro},
  booktitle={{Proceedings of the International Conference on Automated Planning and Scheduling (ICAPS)}},
  volume={29},
  pages={583--591},
  year={2019}
}

@inproceedings{li2024logicity,
  title={{LogiCity: Advancing Neuro-Symbolic AI with Abstract Urban Simulation}},
  author={Li, Bowen and Li, Zhaoyu and Du, Qiwei and Luo, Jinqi and Wang, Wenshan and Xie, Yaqi and Stepputtis, Simon and Wang, Chen and Sycara, Katia P and Ravikumar, Pradeep Kumar and others},
  booktitle={Proceedings of the Advances in Neural Information Processing Systems (NeurIPS)},
  pages={69840--69864},
  year={2025}
}

@article{hornik1989multilayer,
  title={{Multilayer Feedforward Networks Are Universal Approximators}},
  author={Hornik, Kurt and Stinchcombe, Maxwell and White, Halbert},
  journal={Neural Networks},
  volume={2},
  number={5},
  pages={359--366},
  year={1989},
}

@article{helmert2006fast,
  title={{The Fast Downward Planning System}},
  author={Helmert, Malte},
  journal={{Journal of Artificial Intelligence Research}},
  volume={26},
  pages={191--246},
  year={2006}
}

@inproceedings{coulom2006mcts,
  title={{Efficient Selectivity and Backup Operators in Monte-Carlo Tree Search}},
  author={Coulom, R{\'e}mi},
  booktitle={{Proceedings of the International Conference on Computers and Games (ICCG)}},
  pages={72--83},
  year={2006},
}

@inproceedings{wonglearning,
  title={{Learning Grounded Action Abstractions From Language}},
  author={Wong, Lionel and Mao, Jiayuan and Sharma, Pratyusha and Siegel, Zachary S and Feng, Jiahai and Korneev, Noa and Tenenbaum, Joshua B and Andreas, Jacob},
  booktitle={{Proceedings of the International Conference on Learning Representations (ICLR)}},
  year={2024},
}

@inproceedings{gupta2020relay,
  title={{Relay Policy Learning: Solving Long-Horizon Tasks via Imitation and Reinforcement Learning}},
  author={Gupta, Abhishek and Kumar, Vikash and Lynch, Corey and Levine, Sergey and Hausman, Karol},
  booktitle={{Proceedings of the Conference on Robot Learning (CoRL)}},
  pages={1025--1037},
  year={2020},
}

@inproceedings{Soroush2022maple,
  title={{Augmenting Reinforcement Learning with Behavior Primitives for Diverse Manipulation Tasks}},
  author={Nasiriany, Soroush and Liu, Huihan and Zhu, Yuke},
  booktitle={Proceedings of the International Conference on Robotics and Automation (ICRA)},
  pages={7477--7484},
  year={2022}
}

@inproceedings{sharmadirected,
  title={{Directed-Info GAIL: Learning Hierarchical Policies from Unsegmented Demonstrations using Directed Information}},
  author={Sharma, Mohit and Sharma, Arjun and Rhinehart, Nicholas and Kitani, Kris M},
  booktitle={Proceedings of the International Conference on Learning Representations (ICLR)},
  year={2018}
}

@inproceedings{kipf2019compile,
  title={{Compile: Compositional Imitation Learning and Execution}},
  author={Kipf, Thomas and Li, Yujia and Dai, Hanjun and Zambaldi, Vinicius and Sanchez-Gonzalez, Alvaro and Grefenstette, Edward and Kohli, Pushmeet and Battaglia, Peter},
  booktitle={Proceedings of the International Conference on Machine Learning (ICML)},
  pages={3418--3428},
  year={2019},
}

@inproceedings{kaelbling2011htn,
  title={{Hierarchical Task and Motion Planning in the Now}},
  author={Kaelbling, Leslie Pack and Lozano-P{\'e}rez, Tom{\'a}s},
  booktitle={Proceedings of the International Conference on Robotics and Automation (ICRA)},
  pages={1470--1477},
  year={2011},
  organization={IEEE}
}

@inproceedings{asai2021latplanpddl,
  title={{Learning Neural-Dymbolic Descriptive Planning Models via Cube-Space Priors: the Voyage Home (to STRIPS)}},
  author={Asai, Masataro and Muise, Christian},
  booktitle={Proceedings of the International Joint Conferences on Artificial Intelligence (IJCAI)},
  pages={2676--2682},
  year={2021}
}

@inproceedings{hansen2022bisimulation,
  title={{Bisimulation Makes Analogies in Goal-conditioned Reinforcement Learning}},
  author={Hansen-Estruch, Philippe and Zhang, Amy and Nair, Ashvin and Yin, Patrick and Levine, Sergey},
  booktitle={Proceedings of the International Conference on Machine Learning (ICML)},
  pages={8407--8426},
  year={2022}
}

@article{rumelhart1986sgd,
  title={{Learning Representations by Back-propagating Errors}},
  author={Rumelhart, David E and Hinton, Geoffrey E and Williams, Ronald J},
  journal={nature},
  volume={323},
  number={6088},
  pages={533--536},
  year={1986},
}

@article{kingma2014adam,
  title={{Adam: A Method for Stochastic Optimization}},
  author={Kingma, Diederik P. and Ba, Jimmy},
  journal={arXiv preprint arXiv:1412.6980},
  year={2014}
}

@article{silver2017alphago,
  title={{Mastering the Game of Go without Human Knowledge}},
  author={Silver, David and Schrittwieser, Julian and Simonyan, Karen and Antonoglou, Ioannis and Huang, Aja and Guez, Arthur and Hubert, Thomas and Baker, Lucas and Lai, Matthew and Bolton, Adrian and others},
  journal={nature},
  volume={550},
  number={7676},
  pages={354--359},
  year={2017},
}

@inproceedings{vaswani2017tf,
  title={{Attention is All You Need}},
  author={Vaswani, Ashish and Shazeer, Noam and Parmar, Niki and Uszkoreit, Jakob and Jones, Llion and Gomez, Aidan N and Kaiser, Łukasz and Polosukhin, Illia},
  booktitle={Proceedings of the Advances in Neural Information Processing Systems (NeurIPS)},
  volume={30},
  year={2017}
}

@article{battaglia2018gnn,
  title={{Relational Inductive Biases, Deep Learning, and Graph Networks}},
  author={Battaglia, Peter W and Hamrick, Jessica B and Bapst, Victor and Sanchez-Gonzalez, Alvaro and Zambaldi, Vinicius and Malinowski, Mateusz and Tacchetti, Andrea and Raposo, David and Santoro, Adam and Faulkner, Ryan and others},
  journal={arXiv preprint arXiv:1806.01261},
  year={2018}
}

@article{ravi2024sam,
  title={{Sam 2: Segment Anything in Images and Videos}},
  author={Ravi, Nikhila and Gabeur, Valentin and Hu, Yuan-Ting and Hu, Ronghang and Ryali, Chaitanya and Ma, Tengyu and Khedr, Haitham and R{\"a}dle, Roman and Rolland, Chloe and Gustafson, Laura and others},
  journal={arXiv preprint arXiv:2408.00714},
  year={2024}
}

@misc{lang_sam,
  author = {Luca Medeiros},
  title = {{Language Segment-Anything}},
  year = {2024},
  publisher = {GitHub},
  journal = {GitHub repository},
  howpublished = {\url{https://github.com/luca-medeiros/lang-segment-anything}},
}

@article{ravi2020pytorch3d,
    author = {Nikhila Ravi and Jeremy Reizenstein and David Novotny and Taylor Gordon
                  and Wan-Yen Lo and Justin Johnson and Georgia Gkioxari},
    title = {{Accelerating 3D Deep Learning with PyTorch3D}},
    journal = {arXiv:2007.08501},
    year = {2020},
}

@inproceedings{qi2017pointnet,
  title={{Pointnet: Deep Learning on Point Sets for 3D Classification and Segmentation}},
  author={Qi, Charles R and Su, Hao and Mo, Kaichun and Guibas, Leonidas J},
  booktitle={Proceedings of the IEEE/CVF Conference on Computer Vision and Pattern Recognition (CVPR)},
  pages={652--660},
  year={2017}
}

@inproceedings{dong2019nlm,
  title={{Neural Logic Machines}},
  author={Dong, Honghua and Mao, Jiayuan and Lin, Tian and Wang, Chong and Li, Lihong and Zhou, Denny},
  booktitle={Proceedings of the International Conference on Learning Representations (ICLR)},
  year={2019},
  pages={1--10}
}

@article{fang2024keypoint,
  title={{Keypoint Abstraction using Large Models for Object-Relative Imitation Learning}},
  author={Fang, Xiaolin and Huang, Bo-Ruei and Mao, Jiayuan and Shone, Jasmine and Tenenbaum, Joshua B and Lozano-P{\'e}rez, Tom{\'a}s and Kaelbling, Leslie Pack},
  journal={arXiv preprint arXiv:2410.23254},
  year={2024}
}

@inproceedings{liu2024BLADE,
  title = {{BLADE: Learning Compositional Behaviors from Demonstration and Language}},
  author = {Liu, Weiyu and Nie, Neil and Zhang, Ruohan and Mao, Jiayuan and Wu, Jiajun},
  booktitle={{Proceedings of the Conference on Robot Learning (CoRL)}},
  year = {2024},
  url = {https://openreview.net/pdf?id=rOK5DuR9IM}
}

@inproceedings{wei2022cot,
  title={{Chain-of-Thought Prompting Elicits Reasoning in Large Language Models}},
  author={Wei, Jason and Wang, Xuezhi and Schuurmans, Dale and Bosma, Maarten and Xia, Fei and Chi, Ed and Le, Quoc V and Zhou, Denny and others},
  booktitle={Proceedings of the Advances in Neural Information Processing Systems (NeurIPS)},
  year={2022}
}

@inproceedings{silver2024generalized,
  title={{Generalized Planning in PDDL Domains with Pretrained Large Language Models}},
  author={Silver, Tom and Dan, Soham and Srinivas, Kavitha and Tenenbaum, Joshua B and Kaelbling, Leslie and Katz, Michael},
  booktitle={Proceedings of the AAAI Conference on Artificial Intelligence (AAAI)},
  volume={38},
  number={18},
  pages={20256--20264},
  year={2024}
}

@article{han2024interpret,
      title={{InterPreT: Interactive Predicate Learning from Language Feedback for Generalizable Task Planning}}, 
      author={Muzhi Han and Yifeng Zhu and Song-Chun Zhu and Ying Nian Wu and Yuke Zhu},
      year={2024},
      journal={arXiv preprint arXiv:2405.19758},
}

@inproceedings{huang2023voxposer,
  title={{VoxPoser: Composable 3D Value Maps for Robotic Manipulation with Language Models}},
  author={Huang, Wenlong and Wang, Chen and Zhang, Ruohan and Li, Yunzhu and Wu, Jiajun and Fei-Fei, Li},
  booktitle={{Proceedings of the Conference on Robot Learning (CoRL)}},
  pages={540--562},
  year={2023},
}

@article{hu2023look,
  title={{Look Before You Leap: Unveiling the Power of GPT-4v in Robotic Vision-Language Planning}},
  author={Hu, Yingdong and Lin, Fanqi and Zhang, Tong and Yi, Li and Gao, Yang},
  journal={arXiv preprint arXiv:2311.17842},
  year={2023}
}

@inproceedings{kumar2024openworld,
    title={{Open-World Task and Motion Planning via Vision-Language Model Inferred Constraints}},
    author={Nishanth Kumar and Fabio Ramos and Dieter Fox and Caelan Reed Garrett},
    booktitle={CoRL Workshop on Language and Robot Learning: Language as an Interface},
    year={2024},
}

@article{xu2022accelerating,
  title={{Accelerating Integrated Task and Motion Planning with Neural Feasibility Checking}},
  author={Xu, Lei and Ren, Tianyu and Chalvatzaki, Georgia and Peters, Jan},
  journal={arXiv preprint arXiv:2203.10568},
  year={2022},
}

@article{athalye2024predicate,
  title={{Predicate Invention from Pixels via Pretrained Vision-Language Models}},
  author={Athalye, Ashay and Kumar, Nishanth and Silver, Tom and Liang, Yichao and Lozano-P{\'e}rez, Tom{\'a}s and Kaelbling, Leslie Pack},
  journal={arXiv preprint arXiv:2501.00296},
  year={2024}
}

@inproceedings{driess2020deep,
  title={{Deep Visual Reasoning: Learning to Predict Action Sequences for Task and Motion Planning from an Initial Scene Image}},
  author={Driess, Danny and Ha, Jung-Su and Toussaint, Marc},
  booktitle={Robotics: Science and Systems (RSS)},
  year={2020},
  url={https://www.roboticsproceedings.org/rss16/p003.pdf}
}

@inproceedings{garrett2020pddlstream,
  title={{Pddlstream: Integrating Symbolic Planners and Blackbox Samplers via Optimistic Adaptive Planning}},
  author={Garrett, Caelan Reed and Lozano-P{\'e}rez, Tom{\'a}s and Kaelbling, Leslie Pack},
  booktitle={Proceedings of the International Conference on Automated Planning and Scheduling (ICAPS)},
  volume={30},
  pages={440--448},
  year={2020}
}

@inproceedings{McDermott1998PDDL,
  title={{PDDL-the Planning Domain Definition Language}},
  author={Drew McDermott and Malik Ghallab and Adele E. Howe and Craig A. Knoblock and Ashwin Ram and Manuela M. Veloso and Daniel S. Weld and David E. Wilkins},
  year={1998},
  url={https://api.semanticscholar.org/CorpusID:59656859}
}

@inproceedings{karaman2011anytime,
  title={{Anytime Motion Planning using the RRT}},
  author={Karaman, Sertac and Walter, Matthew R and Perez, Alejandro and Frazzoli, Emilio and Teller, Seth},
  booktitle={Proceedings of the International Conference on Robotics and Automation (ICRA)},
  pages={1478--1483},
  year={2011},
}

@article{younes2004ppddl1,
  title={{PPDDL1. 0: An extension to PDDL for expressing planning domains with probabilistic effects}},
  author={Younes, H{\aa}kan LS and Littman, Michael L},
  journal={Techn. Rep. CMU-CS-04-162},
  volume={2},
  pages={99},
  year={2004}
}

@article{lin1991divergence,
  title={{Divergence Measures based on the Shannon Entropy}},
  author={Lin, Jianhua},
  journal={IEEE Transactions on Information theory},
  volume={37},
  number={1},
  pages={145--151},
  year={1991},
}

@inproceedings{antol2015vqa,
  title={Vqa: Visual question answering},
  author={Antol, Stanislaw and Agrawal, Aishwarya and Lu, Jiasen and Mitchell, Margaret and Batra, Dhruv and Zitnick, C Lawrence and Parikh, Devi},
  booktitle={IEEE International Conference on Computer Vision (ICCV)},
  year={2015}
}

@article{kim2024image,
  title={An image grid can be worth a video: Zero-shot video question answering using a vlm},
  author={Kim, Wonkyun and Choi, Changin and Lee, Wonseok and Rhee, Wonjong},
  journal={arXiv preprint arXiv:2403.18406},
  year={2024}
}

@article{guo2023connecting,
  title={Connecting large language models with evolutionary algorithms yields powerful prompt optimizers},
  author={Guo, Qingyan and Wang, Rui and Guo, Junliang and Li, Bei and Song, Kaitao and Tan, Xu and Liu, Guoqing and Bian, Jiang and Yang, Yujiu},
  journal={arXiv preprint arXiv:2309.08532},
  year={2023}
}

@article{zhou2022large,
  title={Large language models are human-level prompt engineers},
  author={Zhou, Yongchao and Muresanu, Andrei Ioan and Han, Ziwen and Paster, Keiran and Pitis, Silviu and Chan, Harris and Ba, Jimmy},
  journal={arXiv preprint arXiv:2211.01910},
  year={2022}
}

@misc{opsahlong2024optimizinginstructionsdemonstrationsmultistage,
      title={Optimizing Instructions and Demonstrations for Multi-Stage Language Model Programs}, 
      author={Krista Opsahl-Ong and Michael J Ryan and Josh Purtell and David Broman and Christopher Potts and Matei Zaharia and Omar Khattab},
      year={2024},
      eprint={2406.11695},
      archivePrefix={arXiv},
      primaryClass={cs.CL},
      url={https://arxiv.org/abs/2406.11695}, 
}

@inproceedings{khattab2024dspy,
  title={DSPy: Compiling Declarative Language Model Calls into Self-Improving Pipelines},
  author={Khattab, Omar and Singhvi, Arnav and Maheshwari, Paridhi and Zhang, Zhiyuan and Santhanam, Keshav and Vardhamanan, Sri and Haq, Saiful and Sharma, Ashutosh and Joshi, Thomas T. and Moazam, Hanna and Miller, Heather and Zaharia, Matei and Potts, Christopher},
  journal={The Twelfth International Conference on Learning Representations},
  year={2024}
}

@article{khattab2022demonstrate,
  title={Demonstrate-Search-Predict: Composing Retrieval and Language Models for Knowledge-Intensive {NLP}},
  author={Khattab, Omar and Santhanam, Keshav and Li, Xiang Lisa and Hall, David and Liang, Percy and Potts, Christopher and Zaharia, Matei},
  journal={arXiv preprint arXiv:2212.14024},
  year={2022}
}

@misc{quartey2024verifiablyfollowingcomplexrobot,
      title={Verifiably Following Complex Robot Instructions with Foundation Models}, 
      author={Benedict Quartey and Eric Rosen and Stefanie Tellex and George Konidaris},
      year={2024},
      eprint={2402.11498},
      archivePrefix={arXiv},
      url={https://arxiv.org/abs/2402.11498}, 
}

@article{kurutach2018learning,
  title={Learning plannable representations with causal infogan},
  author={Kurutach, Thanard and Tamar, Aviv and Yang, Ge and Russell, Stuart J and Abbeel, Pieter},
  journal={Advances in Neural Information Processing Systems},
  volume={31},
  year={2018}
}

@inproceedings{james2022autonomous,
  title={Autonomous learning of object-centric abstractions for high-level planning},
  author={James, Steven and Rosman, Benjamin and Konidaris, GD},
  booktitle={International Conference on Learning Representations (ICLR)},
  year={2022}
}

@article{bertsekas1988adaptive,
  title={Adaptive aggregation methods for infinite horizon dynamic programming},
  author={Bertsekas, Dimitri P and Castanon, David A and others},
  year={1988},
  journal={IEEE Transactions on Automatic Control},
  publisher={Dept. of Electrical Engineering and Computer Science}
}

@inproceedings{jong2005state,
  title={State Abstraction Discovery from Irrelevant State Variables.},
  author={Jong, Nicholas K and Stone, Peter},
  booktitle={International Joint Conference on Artificial Intelligence (IJCAI)},
  year={2005}
}

@article{abel2017near,
  title={Near optimal behavior via approximate state abstraction},
  author={Abel, David and Hershkowitz, D Ellis and Littman, Michael L},
  journal={arXiv preprint arXiv:1701.04113},
  year={2017}
}

@inproceedings{ugur2015bottom,
  title={Bottom-up learning of object categories, action effects and logical rules: From continuous manipulative exploration to symbolic planning},
  author={Ugur, Emre and Piater, Justus},
  booktitle={IEEE International Conference on Robotics and Automation (ICRA)},
  year={2015},
}

@article{ahmetoglu2020deepsym,
  title={Deepsym: Deep symbol generation and rule learning from unsupervised continuous robot interaction for planning},
  author={Ahmetoglu, Alper and Seker, M Yunus and Piater, Justus and Oztop, Erhan and Ugur, Emre},
  journal={arXiv preprint arXiv:2012.02532},
  year={2020}
}

@article{umili2021learning,
  title={Learning a Symbolic Planning Domain through the Interaction with Continuous Environments},
  author={Umili, Elena and Antonioni, Emanuele and Riccio, Francesco and Capobianco, Roberto and Nardi, Daniele and De Giacomo, Giuseppe},
  year={2021},
  journal={ICAPS PRL Workshop},
}

@article{hu2023robofm,
  author    = {Yafei Hu and Quanting Xie and Vidhi Jain and Jonathan Francis and Jay Patrikar and 
              Nikhil Keetha and Seungchan Kim and Yaqi Xie and Tianyi Zhang and Hao-Shu Fang and Shibo Zhao 
              and Shayegan Omidshafiei and Dong-Ki Kim and Ali-akbar Agha-mohammadi and Katia Sycara and 
              Matthew Johnson-Roberson and Dhruv Batra and Xiaolong Wang and Sebastian Scherer and Chen Wang 
              and Zsolt Kira and Fei Xia and Yonatan Bisk},
  title     = {Toward General-Purpose Robots via Foundation Models: A Survey and Meta-Analysis},
  booktitle = {arXiv preprint: arXiv:2312.08782 },
  year      = {2023},
}

@misc{duan2024manipulateanythingautomatingrealworldrobots,
      title={Manipulate-Anything: Automating Real-World Robots using Vision-Language Models}, 
      author={Jiafei Duan and Wentao Yuan and Wilbert Pumacay and Yi Ru Wang and Kiana Ehsani and Dieter Fox and Ranjay Krishna},
      year={2024},
      eprint={2406.18915},
      archivePrefix={arXiv},
      primaryClass={cs.RO},
      url={https://arxiv.org/abs/2406.18915}, 
}

@inproceedings{
    huang2024rekep,
    title={ReKep: Spatio-Temporal Reasoning of Relational Keypoint Constraints for Robotic Manipulation},
    author={Wenlong Huang and Chen Wang and Yunzhu Li and Ruohan Zhang and Li Fei-Fei},
    booktitle={Conference on Robot Learning (CoRL)},
    year={2024},
    url={https://openreview.net/forum?id=9iG3SEbMnL}
}


@inproceedings{code_as_policy,
    title={Code as Policies: Language Model Programs for Embodied Control},
    author={Jacky Liang and Wenlong Huang and Fei Xia and Peng Xu and Karol Hausman and Brian Ichter and Pete Florence and Andy Zeng},
    booktitle={arXiv preprint},
    year={2022}
}

@inproceedings{kambhampati2024llms,
  title={LLMs Can't Plan, But Can Help Planning in LLM-Modulo Frameworks},
  author={Kambhampati, Subbarao and Valmeekam, Karthik and Guan, Lin and Stechly, Kaya and Verma, Mudit and Bhambri, Siddhant and Saldyt, Lucas and Murthy, Anil},
  booktitle={arXiv preprint},
  year={2024},
  url={https://arxiv.org/pdf/2402.01817}
}

@inproceedings{valmeekam2022large,
  title={Large language models still can't plan (a benchmark for LLMs on planning and reasoning about change)},
  author={Valmeekam, Karthik and Olmo, Alberto and Sreedharan, Sarath and Kambhampati, Subbarao},
  booktitle={NeurIPS 2022 Foundation Models for Decision Making Workshop},
  url={https://openreview.net/pdf?id=wUU-7XTL5XO},
  year={2022}
}

@InProceedings{saycan,
  title = 	 {Do As I Can, Not As I Say: Grounding Language in Robotic Affordances},
  author =       {Ichter, Brian and Brohan, Anthony and Chebotar, Yevgen and Finn, Chelsea and Hausman, Karol and Herzog, Alexander and Ho, Daniel and Ibarz, Julian and Irpan, Alex and Jang, Eric and Julian, Ryan and Kalashnikov, Dmitry and Levine, Sergey and Lu, Yao and Parada, Carolina and Rao, Kanishka and Sermanet, Pierre and Toshev, Alexander T and Vanhoucke, Vincent and Xia, Fei and Xiao, Ted and Xu, Peng and Yan, Mengyuan and Brown, Noah and Ahn, Michael and Cortes, Omar and Sievers, Nicolas and Tan, Clayton and Xu, Sichun and Reyes, Diego and Rettinghouse, Jarek and Quiambao, Jornell and Pastor, Peter and Luu, Linda and Lee, Kuang-Huei and Kuang, Yuheng and Jesmonth, Sally and Joshi, Nikhil J. and Jeffrey, Kyle and Ruano, Rosario Jauregui and Hsu, Jasmine and Gopalakrishnan, Keerthana and David, Byron and Zeng, Andy and Fu, Chuyuan Kelly},
  booktitle = 	 {Conference on Robot Learning (CoRL)},
  year = 	 {2023},
  url = 	 {https://proceedings.mlr.press/v205/ichter23a.html},
}


@inproceedings{llm3,
      title={LLM$^3$:Large Language Model-based Task and Motion Planning with Motion Failure Reasoning}, 
      author={Shu Wang and Muzhi Han and Ziyuan Jiao and Zeyu Zhang and Ying Nian Wu and Song-Chun Zhu and Hangxin Liu},
      year={2024},
      booktitle={arXiv preprint},
      url={https://arxiv.org/pdf/2403.11552}
}

@article{text2motion,
   title={Text2Motion: from natural language instructions to feasible plans},
   journal={Autonomous Robots (AuRo)},
   author={Lin, Kevin and Agia, Christopher and Migimatsu, Toki and Pavone, Marco and Bohg, Jeannette},
   year={2023},
   url={https://arxiv.org/pdf/2303.12153}}

@inproceedings{
curtis2024trustproc3ssolvinglonghorizon,
title={Trust the {PR}oC3S: Solving Long-Horizon Robotics Problems with {LLM}s and Constraint Satisfaction},
author={Aidan Curtis and Nishanth Kumar and Jing Cao and Tom{\'a}s Lozano-P{\'e}rez and Leslie Pack Kaelbling},
booktitle={Conference on Robot Learning (CoRL)},
year={2024},
url={https://openreview.net/forum?id=r6ZhiVYriY}
}

@misc{dubey2024llama3herdmodels,
      title={The Llama 3 Herd of Models}, 
      author={Abhimanyu Dubey and Abhinav Jauhri and Abhinav Pandey and Abhishek Kadian and Ahmad Al-Dahle and Aiesha Letman and Akhil Mathur and Alan Schelten and Amy Yang and Angela Fan and Anirudh Goyal and Anthony Hartshorn and Aobo Yang and Archi Mitra and Archie Sravankumar and Artem Korenev and Arthur Hinsvark and Arun Rao and Aston Zhang and Aurelien Rodriguez and Austen Gregerson and Ava Spataru and Baptiste Roziere and Bethany Biron and Binh Tang and Bobbie Chern and Charlotte Caucheteux and Chaya Nayak and Chloe Bi and Chris Marra and Chris McConnell and Christian Keller and Christophe Touret and Chunyang Wu and Corinne Wong and Cristian Canton Ferrer and Cyrus Nikolaidis and Damien Allonsius and Daniel Song and Danielle Pintz and Danny Livshits and David Esiobu and Dhruv Choudhary and Dhruv Mahajan and Diego Garcia-Olano and Diego Perino and Dieuwke Hupkes and Egor Lakomkin and Ehab AlBadawy and Elina Lobanova and Emily Dinan and Eric Michael Smith and Filip Radenovic and Frank Zhang and Gabriel Synnaeve and Gabrielle Lee and Georgia Lewis Anderson and Graeme Nail and Gregoire Mialon and Guan Pang and Guillem Cucurell and Hailey Nguyen and Hannah Korevaar and Hu Xu and Hugo Touvron and Iliyan Zarov and Imanol Arrieta Ibarra and Isabel Kloumann and Ishan Misra and Ivan Evtimov and Jade Copet and Jaewon Lee and Jan Geffert and Jana Vranes and Jason Park and Jay Mahadeokar and Jeet Shah and Jelmer van der Linde and Jennifer Billock and Jenny Hong and Jenya Lee and Jeremy Fu and Jianfeng Chi and Jianyu Huang and Jiawen Liu and Jie Wang and Jiecao Yu and Joanna Bitton and Joe Spisak and Jongsoo Park and Joseph Rocca and Joshua Johnstun and Joshua Saxe and Junteng Jia and Kalyan Vasuden Alwala and Kartikeya Upasani and Kate Plawiak and Ke Li and Kenneth Heafield and Kevin Stone and Khalid El-Arini and Krithika Iyer and Kshitiz Malik and Kuenley Chiu and Kunal Bhalla and Lauren Rantala-Yeary and Laurens van der Maaten and Lawrence Chen and Liang Tan and Liz Jenkins and Louis Martin and Lovish Madaan and Lubo Malo and Lukas Blecher and Lukas Landzaat and Luke de Oliveira and Madeline Muzzi and Mahesh Pasupuleti and Mannat Singh and Manohar Paluri and Marcin Kardas and Mathew Oldham and Mathieu Rita and Maya Pavlova and Melanie Kambadur and Mike Lewis and Min Si and Mitesh Kumar Singh and Mona Hassan and Naman Goyal and Narjes Torabi and Nikolay Bashlykov and Nikolay Bogoychev and Niladri Chatterji and Olivier Duchenne and Onur Çelebi and Patrick Alrassy and Pengchuan Zhang and Pengwei Li and Petar Vasic and Peter Weng and Prajjwal Bhargava and Pratik Dubal and Praveen Krishnan and Punit Singh Koura and Puxin Xu and Qing He and Qingxiao Dong and Ragavan Srinivasan and Raj Ganapathy and Ramon Calderer and Ricardo Silveira Cabral and Robert Stojnic and Roberta Raileanu and Rohit Girdhar and Rohit Patel and Romain Sauvestre and Ronnie Polidoro and Roshan Sumbaly and Ross Taylor and Ruan Silva and Rui Hou and Rui Wang and Saghar Hosseini and Sahana Chennabasappa and Sanjay Singh and Sean Bell and Seohyun Sonia Kim and Sergey Edunov and Shaoliang Nie and Sharan Narang and Sharath Raparthy and Sheng Shen and Shengye Wan and Shruti Bhosale and Shun Zhang and Simon Vandenhende and Soumya Batra and Spencer Whitman and Sten Sootla and Stephane Collot and Suchin Gururangan and Sydney Borodinsky and Tamar Herman and Tara Fowler and Tarek Sheasha and Thomas Georgiou and Thomas Scialom and Tobias Speckbacher and Todor Mihaylov and Tong Xiao and Ujjwal Karn and Vedanuj Goswami and Vibhor Gupta and Vignesh Ramanathan and Viktor Kerkez and Vincent Gonguet and Virginie Do and Vish Vogeti and Vladan Petrovic and Weiwei Chu and Wenhan Xiong and Wenyin Fu and Whitney Meers and Xavier Martinet and Xiaodong Wang and Xiaoqing Ellen Tan and Xinfeng Xie and Xuchao Jia and Xuewei Wang and Yaelle Goldschlag and Yashesh Gaur and Yasmine Babaei and Yi Wen and Yiwen Song and Yuchen Zhang and Yue Li and Yuning Mao and Zacharie Delpierre Coudert and Zheng Yan and Zhengxing Chen and Zoe Papakipos and Aaditya Singh and Aaron Grattafiori and Abha Jain and Adam Kelsey and Adam Shajnfeld and Adithya Gangidi and Adolfo Victoria and Ahuva Goldstand and Ajay Menon and Ajay Sharma and Alex Boesenberg and Alex Vaughan and Alexei Baevski and Allie Feinstein and Amanda Kallet and Amit Sangani and Anam Yunus and Andrei Lupu and Andres Alvarado and Andrew Caples and Andrew Gu and Andrew Ho and Andrew Poulton and Andrew Ryan and Ankit Ramchandani and Annie Franco and Aparajita Saraf and Arkabandhu Chowdhury and Ashley Gabriel and Ashwin Bharambe and Assaf Eisenman and Azadeh Yazdan and Beau James and Ben Maurer and Benjamin Leonhardi and Bernie Huang and Beth Loyd and Beto De Paola and Bhargavi Paranjape and Bing Liu and Bo Wu and Boyu Ni and Braden Hancock and Bram Wasti and Brandon Spence and Brani Stojkovic and Brian Gamido and Britt Montalvo and Carl Parker and Carly Burton and Catalina Mejia and Changhan Wang and Changkyu Kim and Chao Zhou and Chester Hu and Ching-Hsiang Chu and Chris Cai and Chris Tindal and Christoph Feichtenhofer and Damon Civin and Dana Beaty and Daniel Kreymer and Daniel Li and Danny Wyatt and David Adkins and David Xu and Davide Testuggine and Delia David and Devi Parikh and Diana Liskovich and Didem Foss and Dingkang Wang and Duc Le and Dustin Holland and Edward Dowling and Eissa Jamil and Elaine Montgomery and Eleonora Presani and Emily Hahn and Emily Wood and Erik Brinkman and Esteban Arcaute and Evan Dunbar and Evan Smothers and Fei Sun and Felix Kreuk and Feng Tian and Firat Ozgenel and Francesco Caggioni and Francisco Guzmán and Frank Kanayet and Frank Seide and Gabriela Medina Florez and Gabriella Schwarz and Gada Badeer and Georgia Swee and Gil Halpern and Govind Thattai and Grant Herman and Grigory Sizov and Guangyi and Zhang and Guna Lakshminarayanan and Hamid Shojanazeri and Han Zou and Hannah Wang and Hanwen Zha and Haroun Habeeb and Harrison Rudolph and Helen Suk and Henry Aspegren and Hunter Goldman and Ibrahim Damlaj and Igor Molybog and Igor Tufanov and Irina-Elena Veliche and Itai Gat and Jake Weissman and James Geboski and James Kohli and Japhet Asher and Jean-Baptiste Gaya and Jeff Marcus and Jeff Tang and Jennifer Chan and Jenny Zhen and Jeremy Reizenstein and Jeremy Teboul and Jessica Zhong and Jian Jin and Jingyi Yang and Joe Cummings and Jon Carvill and Jon Shepard and Jonathan McPhie and Jonathan Torres and Josh Ginsburg and Junjie Wang and Kai Wu and Kam Hou U and Karan Saxena and Karthik Prasad and Kartikay Khandelwal and Katayoun Zand and Kathy Matosich and Kaushik Veeraraghavan and Kelly Michelena and Keqian Li and Kun Huang and Kunal Chawla and Kushal Lakhotia and Kyle Huang and Lailin Chen and Lakshya Garg and Lavender A and Leandro Silva and Lee Bell and Lei Zhang and Liangpeng Guo and Licheng Yu and Liron Moshkovich and Luca Wehrstedt and Madian Khabsa and Manav Avalani and Manish Bhatt and Maria Tsimpoukelli and Martynas Mankus and Matan Hasson and Matthew Lennie and Matthias Reso and Maxim Groshev and Maxim Naumov and Maya Lathi and Meghan Keneally and Michael L. Seltzer and Michal Valko and Michelle Restrepo and Mihir Patel and Mik Vyatskov and Mikayel Samvelyan and Mike Clark and Mike Macey and Mike Wang and Miquel Jubert Hermoso and Mo Metanat and Mohammad Rastegari and Munish Bansal and Nandhini Santhanam and Natascha Parks and Natasha White and Navyata Bawa and Nayan Singhal and Nick Egebo and Nicolas Usunier and Nikolay Pavlovich Laptev and Ning Dong and Ning Zhang and Norman Cheng and Oleg Chernoguz and Olivia Hart and Omkar Salpekar and Ozlem Kalinli and Parkin Kent and Parth Parekh and Paul Saab and Pavan Balaji and Pedro Rittner and Philip Bontrager and Pierre Roux and Piotr Dollar and Polina Zvyagina and Prashant Ratanchandani and Pritish Yuvraj and Qian Liang and Rachad Alao and Rachel Rodriguez and Rafi Ayub and Raghotham Murthy and Raghu Nayani and Rahul Mitra and Raymond Li and Rebekkah Hogan and Robin Battey and Rocky Wang and Rohan Maheswari and Russ Howes and Ruty Rinott and Sai Jayesh Bondu and Samyak Datta and Sara Chugh and Sara Hunt and Sargun Dhillon and Sasha Sidorov and Satadru Pan and Saurabh Verma and Seiji Yamamoto and Sharadh Ramaswamy and Shaun Lindsay and Shaun Lindsay and Sheng Feng and Shenghao Lin and Shengxin Cindy Zha and Shiva Shankar and Shuqiang Zhang and Shuqiang Zhang and Sinong Wang and Sneha Agarwal and Soji Sajuyigbe and Soumith Chintala and Stephanie Max and Stephen Chen and Steve Kehoe and Steve Satterfield and Sudarshan Govindaprasad and Sumit Gupta and Sungmin Cho and Sunny Virk and Suraj Subramanian and Sy Choudhury and Sydney Goldman and Tal Remez and Tamar Glaser and Tamara Best and Thilo Kohler and Thomas Robinson and Tianhe Li and Tianjun Zhang and Tim Matthews and Timothy Chou and Tzook Shaked and Varun Vontimitta and Victoria Ajayi and Victoria Montanez and Vijai Mohan and Vinay Satish Kumar and Vishal Mangla and Vítor Albiero and Vlad Ionescu and Vlad Poenaru and Vlad Tiberiu Mihailescu and Vladimir Ivanov and Wei Li and Wenchen Wang and Wenwen Jiang and Wes Bouaziz and Will Constable and Xiaocheng Tang and Xiaofang Wang and Xiaojian Wu and Xiaolan Wang and Xide Xia and Xilun Wu and Xinbo Gao and Yanjun Chen and Ye Hu and Ye Jia and Ye Qi and Yenda Li and Yilin Zhang and Ying Zhang and Yossi Adi and Youngjin Nam and Yu and Wang and Yuchen Hao and Yundi Qian and Yuzi He and Zach Rait and Zachary DeVito and Zef Rosnbrick and Zhaoduo Wen and Zhenyu Yang and Zhiwei Zhao},
      year={2024},
      eprint={2407.21783},
      archivePrefix={arXiv},
      primaryClass={cs.AI},
      url={https://arxiv.org/abs/2407.21783}, 
}

@article{team2023gemini,
  title={Gemini: a family of highly capable multimodal models},
  author={Team, Gemini and Anil, Rohan and Borgeaud, Sebastian and Wu, Yonghui and Alayrac, Jean-Baptiste and Yu, Jiahui and Soricut, Radu and Schalkwyk, Johan and Dai, Andrew M and Hauth, Anja and others},
  journal={arXiv preprint arXiv:2312.11805},
  year={2023}
}

@misc{openai2023gpt4v,
  author       = {OpenAI},
  title        = {GPT-4V(ision) System Card},
  year         = {2023},
  url          = {https://cdn.openai.com/papers/GPTV_System_Card.pdf},
  note         = {Accessed: 2024-08-22}
}

@article{ahmetoglu2022deepsym,
  title={Deepsym: Deep symbol generation and rule learning for planning from unsupervised robot interaction},
  author={Ahmetoglu, Alper and Seker, M Yunus and Piater, Justus and Oztop, Erhan and Ugur, Emre},
  journal={Journal of Artificial Intelligence Research (JAIR)},
  year={2022},
  url={https://www.jair.org/index.php/jair/article/view/13754/26858}
}

@article{shah2024reals,
  title={{From Reals to Logic and Back: Inventing Symbolic Vocabularies, Actions and Models for Planning from Raw Data}},
  author={Shah, Naman and Nagpal, Jayesh and Verma, Pulkit and Srivastava, Siddharth},
  journal={arXiv preprint arXiv:2402.11871},
  year={2024},
  url={https://arxiv.org/pdf/2402.11871v2}
}

@misc{santucci2020intrinsically,
  title={Intrinsically motivated open-ended learning in autonomous robots},
  author={Santucci, Vieri Giuliano and Oudeyer, Pierre-Yves and Barto, Andrew and Baldassarre, Gianluca},
  journal={Frontiers in neurorobotics},
  year={2020},
  url={https://www.frontiersin.org/articles/10.3389/fnbot.2019.00115/full}
}

@inproceedings{colas2019curious,
  title={Curious: intrinsically motivated modular multi-goal reinforcement learning},
  author={Colas, C{\'e}dric and Fournier, Pierre and Chetouani, Mohamed and Sigaud, Olivier and Oudeyer, Pierre-Yves},
  booktitle={International Conference on Machine Learning (ICML)},
  year = {2019},
  url = {https://proceedings.mlr.press/v97/colas19a/colas19a.pdf}
}

@INPROCEEDINGS{progprompt,
  author={Singh, Ishika and Blukis, Valts and Mousavian, Arsalan and Goyal, Ankit and Xu, Danfei and Tremblay, Jonathan and Fox, Dieter and Thomason, Jesse and Garg, Animesh},
  booktitle={IEEE International Conference on Robotics and Automation (ICRA)}, 
  title={ProgPrompt: Generating Situated Robot Task Plans using Large Language Models}, 
  year={2023},
  url={https://arxiv.org/pdf/2209.11302.pdf}
}

@article{baranes2013active,
  title={Active learning of inverse models with intrinsically motivated goal exploration in robots},
  author={Baranes, Adrien and Oudeyer, Pierre-Yves},
  journal={Robotics and Autonomous Systems},
  year={2013},
  publisher={Elsevier},
  url={http://www.pyoudeyer.com/ActiveGoalExploration-RAS-2013.pdf}
}

@article{sutton1999between,
  title={Between MDPs and semi-MDPs: A framework for temporal abstraction in reinforcement learning},
  author={Sutton, Richard S and Precup, Doina and Singh, Satinder},
  journal={Artificial intelligence},
  year={1999},
  publisher={Elsevier},
  url={https://www.sciencedirect.com/science/article/pii/S0004370299000521/pdf?md5=780c0bdb220bb0fa2d0721720296922c&pid=1-s2.0-S0004370299000521-main.pdf}
}

@inproceedings{da2012learning,
  title={Learning parameterized skills},
  author={Da Silva, Bruno and Konidaris, George and Barto, Andrew},
  booktitle={International Conference on Machine Learning (ICML)},
  year={2012},
  url={https://arxiv.org/pdf/1206.6398.pdf}
}

@inproceedings{li2010contextual,
  title={A contextual-bandit approach to personalized news article recommendation},
  author={Li, Lihong and Chu, Wei and Langford, John and Schapire, Robert E},
  booktitle={International Conference on World Wide Web},
  year={2010},
  url={https://arxiv.org/pdf/1003.0146.pdf}
}

@article{bandits,
author = {Donald A. Berry and Bert Fristedt},
title = {Bandit Problems. Sequential Allocation of Experiments.},
journal = {Monographs on Statistics and Applied Probability.},
url = {https://onlinelibrary.wiley.com/doi/epdf/10.1002/bimj.4710290105},
year = {1987}
}

@inproceedings{
walke2022dont,
title={Don{\textquoteright}t Start From Scratch: Leveraging Prior Data to Automate Robotic Reinforcement Learning},
author={Homer Rich Walke and Jonathan Heewon Yang and Albert Yu and Aviral Kumar and Jedrzej Orbik and Avi Singh and Sergey Levine},
booktitle={Conference on Robot Learning (CoRL)},
year={2022},
url={https://openreview.net/forum?id=WbdaYyDkNZL}
}

@inproceedings{
singh2021parrot,
title={Parrot: Data-Driven Behavioral Priors for Reinforcement Learning},
author={Avi Singh and Huihan Liu and Gaoyue Zhou and Albert Yu and Nicholas Rhinehart and Sergey Levine},
booktitle={International Conference on Learning Representations (ICLR)},
year={2021},
url={https://openreview.net/forum?id=Ysuv-WOFeKR}
}

@article{UCB-Lai,
title = {Asymptotically efficient adaptive allocation rules},
journal = {Advances in Applied Mathematics},
url = {https://www.sciencedirect.com/science/article/pii/0196885885900028},
author = {T.L Lai and Herbert Robbins},
year = {1985}
}

@article{McGeer01041990,
  author = {McGeer, Tad}, 
  title = {\href{http://ijr.sagepub.com/content/9/2/62.abstract}{Passive Dynamic Walking}}, 
  volume = {9}, 
  number = {2}, 
  pages = {62-82}, 
  year = {1990}, 
  doi = {10.1177/027836499000900206}, 
  URL = {http://ijr.sagepub.com/content/9/2/62.abstract}, 
  eprint = {http://ijr.sagepub.com/content/9/2/62.full.pdf+html}, 
  journal = {The International Journal of Robotics Research}
}

@article{kalman1960new,
  title={A new approach to linear filtering and prediction problems},
  author={Kalman, R.E.},
  journal={Journal of Basic Engineering},
  volume={82},
  number={1},
  pages={35--45},
  year={1960},
  publisher={Citeseer}
}

@inproceedings{nasiriany2022maple,
  title={Augmenting Reinforcement Learning with Behavior Primitives for Diverse Manipulation Tasks},
  author={Soroush Nasiriany and Huihan Liu and Yuke Zhu},
  booktitle={IEEE International Conference on Robotics and Automation (ICRA)},
  year={2022},
  url={https://arxiv.org/pdf/2110.03655.pdf}
}

@inproceedings{diuk2008object,
  title={An object-oriented representation for efficient reinforcement learning},
  author={Diuk, Carlos and Cohen, Andre and Littman, Michael L},
  booktitle={International Conference on Machine Learning (ICML)},
  year={2008},
  url={https://carlosdiuk.github.io/papers/OORL.pdf}
}

@article{fox2003pddl2,
  title={PDDL2. 1: An extension to PDDL for expressing temporal planning domains},
  author={Fox, Maria and Long, Derek},
  journal={Journal of Artificial Intelligence Research (JAIR)},
  year={2003},
  url={https://arxiv.org/pdf/1106.4561.pdf}
}



@inproceedings{srivastava2014combined,
  title={Combined task and motion planning through an extensible planner-independent interface layer},
  author={Srivastava, Siddharth and Fang, Eugene and Riano, Lorenzo and Chitnis, Rohan and Russell, Stuart and Abbeel, Pieter},
  booktitle={IEEE international conference on robotics and automation (ICRA)},
  year={2014},
  url={https://people.eecs.berkeley.edu/~russell/papers/icra14-planrob.pdf}
}

@inproceedings{masson2016reinforcement,
  title={Reinforcement learning with parameterized actions},
  author={Masson, Warwick and Ranchod, Pravesh and Konidaris, George},
  booktitle={AAAI Conference on Artificial Intelligence (AAAI)},
  year={2016},
  url={https://ojs.aaai.org/index.php/AAAI/article/view/10226/10085}
}

@inproceedings{ames2018learning,
  title={Learning symbolic representations for planning with parameterized skills},
  author={Ames, Barrett and Thackston, Allison and Konidaris, George},
  booktitle={IEEE/RSJ International Conference on Intelligent Robots and Systems (IROS)},
  year={2018},
  organization={IEEE},
  url={https://ieeexplore.ieee.org/stamp/stamp.jsp?tp=&arnumber=8594313}
}

@article{konidaris2018skills,
  title={From skills to symbols: Learning symbolic representations for abstract high-level planning},
  author={Konidaris, George and Kaelbling, Leslie Pack and Lozano-P{\'e}rez, Tom{\'a}s},
  journal={Journal of Artificial Intelligence Research (JAIR)},
  year={2018},
  url={https://jair.org/index.php/jair/article/view/11175/26380}
}

@inproceedings{KingBa15,
  author    = {Kingma, Diederik and Ba, Jimmy},
  booktitle = {International Conference on Learning Representations (ICLR)},
  title     = {Adam: A Method for Stochastic Optimization},
  year      = {2015},
  url       = {https://arxiv.org/pdf/1412.6980.pdf}
}

@InProceedings{pmlr-v119-james20a,
  title = 	 {Learning Portable Representations for High-Level Planning},
  author =       {James, Steven and Rosman, Benjamin and Konidaris, George},
  booktitle = 	 {International Conference on Machine Learning (ICML)},
  year = 	 {2020},
  url = 	 {https://proceedings.mlr.press/v119/james20a.html},
}


@inproceedings{thrun1995lifelong,
  title={A lifelong learning perspective for mobile robot control},
  author={Thrun, Sebastian},
  booktitle={IEEE International Conference on Intelligent Robots and Systems (IROS)},
  year={1995},
  url={https://www.ri.cmu.edu/pub_files/pub1/thrun_sebastian_1995_3/thrun_sebastian_1995_3.pdf}
}

@inproceedings{mendez2023embodied,
  title={Embodied Lifelong Learning for Task and Motion Planning},
  author={Mendez-Mendez, Jorge and Kaelbling, Leslie Pack and Lozano-P{\'e}rez, Tom{\'a}s},
  booktitle={Conference on Robot Learning (CoRL)},
  year={2023},
  url={https://openreview.net/pdf?id=ZFjgfJb_5c}
}

@article{auer2002using,
  title={Using confidence bounds for exploitation-exploration trade-offs},
  author={Auer, Peter},
  journal={Journal of Machine Learning Research (JMLR)},
  year={2002},
  url={https://www.jmlr.org/papers/volume3/auer02a/auer02a.pdf}
}

@article{may2012optimistic,
  title={Optimistic Bayesian sampling in contextual-bandit problems},
  author={May, Benedict C and Korda, Nathan and Lee, Anthony and Leslie, David S},
  journal={Journal of Machine Learning Research (JMLR)},
  year={2012},
  url={https://www.jmlr.org/papers/volume13/may12a/may12a.pdf}
}

@inproceedings{chi2023diffusionpolicy,
	title={Diffusion Policy: Visuomotor Policy Learning via Action Diffusion},
	author={Chi, Cheng and Feng, Siyuan and Du, Yilun and Xu, Zhenjia and Cousineau, Eric and Burchfiel, Benjamin and Song, Shuran},
	booktitle={Robotics: Science and Systems (RSS)},
	year={2023},
        url={https://diffusion-policy.cs.columbia.edu/diffusion_policy_2023.pdf}
}

@article{wan2023lotus,
  title={LOTUS: Continual Imitation Learning for Robot Manipulation Through Unsupervised Skill Discovery},
  author={Wan, Weikang and Zhu, Yifeng and Shah, Rutav and Zhu, Yuke},
  journal={arXiv preprint arXiv:2311.02058},
  year={2023},
  url={https://arxiv.org/pdf/2311.02058.pdf}
}

@inproceedings{zhao2023learning,
    title={Learning fine-grained bimanual manipulation with low-cost hardware},
    author={Zhao, Tony Z and Kumar, Vikash and Levine, Sergey and Finn, Chelsea},
	booktitle={Robotics: Science and Systems (RSS)},
	year={2023},
    url={https://arxiv.org/pdf/2304.13705.pdf}
}

@article{ma2023eureka,
  title={Eureka: Human-level reward design via coding large language models},
  author={Ma, Yecheng Jason and Liang, William and Wang, Guanzhi and Huang, De-An and Bastani, Osbert and Jayaraman, Dinesh and Zhu, Yuke and Fan, Linxi and Anandkumar, Anima},
  journal={arXiv preprint arXiv:2310.12931},
  year={2023},
  url={https://arxiv.org/pdf/2310.12931.pdf}
}


@article{mandlekar2023mimicgen,
  title={Mimicgen: A data generation system for scalable robot learning using human demonstrations},
  author={Mandlekar, Ajay and Nasiriany, Soroush and Wen, Bowen and Akinola, Iretiayo and Narang, Yashraj and Fan, Linxi and Zhu, Yuke and Fox, Dieter},
  journal={arXiv preprint arXiv:2310.17596},
  year={2023}
}

@article{yang2024equibot,
  title={Equibot: Sim (3)-equivariant diffusion policy for generalizable and data efficient learning},
  author={Yang, Jingyun and Cao, Zi-ang and Deng, Congyue and Antonova, Rika and Song, Shuran and Bohg, Jeannette},
  journal={arXiv preprint arXiv:2407.01479},
  year={2024}
}


@article{wang2024equivariant,
  title={Equivariant diffusion policy},
  author={Wang, Dian and Hart, Stephen and Surovik, David and Kelestemur, Tarik and Huang, Haojie and Zhao, Haibo and Yeatman, Mark and Wang, Jiuguang and Walters, Robin and Platt, Robert},
  journal={arXiv preprint arXiv:2407.01812},
  year={2024}
}


@inproceedings{fu2024mobile,
  author    = {Fu, Zipeng and Zhao, Tony Z. and Finn, Chelsea},
  title     = {Mobile ALOHA: Learning Bimanual Mobile Manipulation with Low-Cost Whole-Body Teleoperation},
  booktitle = {arXiv},
  year      = {2024},
  url       = {https://mobile-aloha.github.io/resources/mobile-aloha.pdf}
}

@inproceedings{fang2023active,
  title={Active Task Randomization: Learning Robust Skills via Unsupervised Generation of Diverse and Feasible Tasks},
  author={Fang, Kuan and Migimatsu, Toki and Mandlekar, Ajay and Fei-Fei, Li and Bohg, Jeannette},
  booktitle={2023 IEEE/RSJ International Conference on Intelligent Robots and Systems (IROS)},
  year={2023},
  url={https://arxiv.org/pdf/2211.06134.pdf}
}


@article{dalal2021accelerating,
  title={Accelerating robotic reinforcement learning via parameterized action primitives},
  author={Dalal, Murtaza and Pathak, Deepak and Salakhutdinov, Russ R},
  journal={Advances in Neural Information Processing Systems (NeurIPS)},
  year={2021},
  url={https://proceedings.neurips.cc/paper/2021/file/b6846b0186a035fcc76b1b1d26fd42fa-Paper.pdf}
}

@inproceedings{pertsch2021accelerating,
  title={Accelerating reinforcement learning with learned skill priors},
  author={Pertsch, Karl and Lee, Youngwoon and Lim, Joseph},
  booktitle={Conference on Robot Learning (CoRL)},
  year={2021},
  url={https://arxiv.org/pdf/2010.11944.pdf}
}

@inproceedings{gupta2021reset,
  title={Reset-free reinforcement learning via multi-task learning: Learning dexterous manipulation behaviors without human intervention},
  author={Gupta, Abhishek and Yu, Justin and Zhao, Tony Z and Kumar, Vikash and Rovinsky, Aaron and Xu, Kelvin and Devlin, Thomas and Levine, Sergey},
  booktitle={IEEE International Conference on Robotics and Automation (ICRA)},
  year={2021},
  url={https://arxiv.org/pdf/2104.11203.pdf}
}

@inproceedings{lu2020reset,
  title={Reset-free lifelong learning with skill-space planning},
  author={Lu, Kevin and Grover, Aditya and Abbeel, Pieter and Mordatch, Igor},
  booktitle={International Conference on Learning Representations (ICLR)},
  year={2021},
  url={https://openreview.net/pdf?id=HIGSa_3kOx3}
}

@article{konidaris2018symbols,
    title={From Skills to Symbols: Learning Symbolic Representations for Abstract High-Level Planning},
    author={Konidaris, George and Pack Kaelbling, Leslie and Lozano-Pérez, Tomás},
    journal={Journal of Artificial Intelligence Research},
    volume={16},
    pages={215--289},
    year={2018}
}


@inproceedings{noseworthy2021active,
	url = {https://www.roboticsproceedings.org/rss17/p043.pdf},
	year = 2021,
	author = {Michael Noseworthy and Isaiah Brand and Caris Moses and Sebastian Castro and Leslie Kaelbling and Tomás Lozano-Pérez and Nicholas Roy},
	title = {Active Learning of Abstract Plan Feasibility},
	booktitle = {Robotics: Science and Systems (RSS)}
}

@inproceedings{houlsby2011bayesian,
	year = 2011,
	author = {Neil Houlsby and Ferenc Huszar and Zoubin Ghahramani and Mate Lengyel},
	title = {Bayesian Active Learning for Classification and Preference Learning},
	booktitle = {NeurIPS Workshop on Bayesian optimization, experimental design and bandits: Theory and applications}
}

@inproceedings{beluch2018ensembles,
    author={Beluch, William H. and Genewein, Tim and Nurnberger, Andreas and Kohler, Jan M.},
    booktitle={2018 IEEE/CVF Conference on Computer Vision and Pattern Recognition}, 
    title={The Power of Ensembles for Active Learning in Image Classification}, 
    year={2018},
    volume={},
    number={},
    pages={9368-9377},
    doi={10.1109/CVPR.2018.00976}
}

@inproceedings{daniel2014active, 
    AUTHOR    = {Christian Daniel AND Malte Viering AND Jan Metz AND Oliver Kroemer AND Jan Peters}, 
    TITLE     = {Active Reward Learning}, 
    BOOKTITLE = {Robotics: Science and Systems (RSS)}, 
    YEAR      = {2014}, 
    URL       = {https://www.roboticsproceedings.org/rss10/p31.pdf}
}

@inproceedings{lamanna2023planning,
  title={Planning for Learning Object Properties},
  author={Lamanna, Leonardo and Serafini, Luciano and Faridghasemnia, Mohamadreza and Saffiotti, Alessandro and Saetti, Alessandro and Gerevini, Alfonso and Traverso, Paolo},
  booktitle = {AAAI Conference on Artificial Intelligence (AAAI)},
  year      = {2023},
}



@misc{Jetchev_learninggrounded,
    author = {Nikolay Jetchev and Tobias Lang and Marc Toussaint},
    title = {Learning Grounded Relational Symbols from Continuous Data for Abstract Reasoning},
    year = {2013}
}

@article{Lamanna2021online,
    title={On-line Learning of Planning Domains from Sensor Data in PAL: Scaling up to Large State Spaces},
    volume={35},
    url={https://ojs.aaai.org/index.php/AAAI/article/view/17409},
    number={13},
    journal={Proceedings of the AAAI Conference on Artificial Intelligence},
    author={Lamanna, Leonardo and Gerevini, Alfonso Emilio and Saetti, Alessandro and Serafini, Luciano and Traverso, Paolo},
    year={2021},
    month={May},
    pages={11862-11869}
}

@article{lang2012exploration,
    author = {Lang, Tobias and Toussaint, Marc and Kersting, Kristian},
    title = {Exploration in Relational Domains for Model-Based Reinforcement Learning},
    year = {2012},
    issue_date = {January 2012},
    publisher = {JMLR.org},
    volume = {13},
    number = {1},
    issn = {1532-4435},
    journal = {J. Mach. Learn. Res.},
    month = {dec},
    pages = {3725–3768},
    numpages = {44},
    keywords = {statistical relational learning, exploration, relational transition models, reinforcement learning, robotics}
}

@inproceedings{ng2019incremental,
    title     = {Incremental Learning of Planning Actions in Model-Based Reinforcement Learning},
    author    = {Ng, Jun Hao Alvin and Petrick, Ronald P. A.},
    booktitle = {Proceedings of the Twenty-Eighth International Joint Conference on
               Artificial Intelligence, {IJCAI-19}},
    publisher = {International Joint Conferences on Artificial Intelligence Organization},             
    pages     = {3195--3201},
    year      = {2019},
    month     = {7},
    doi       = {10.24963/ijcai.2019/443},
    url       = {https://doi.org/10.24963/ijcai.2019/443},
}

@misc{krueger2020active,
    doi = {10.48550/ARXIV.2011.06709},
    url = {https://arxiv.org/abs/2011.06709},
    author = {Krueger, David and Leike, Jan and Evans, Owain and Salvatier, John},
    keywords = {Machine Learning (cs.LG), Artificial Intelligence (cs.AI), Machine Learning (stat.ML), FOS: Computer and information sciences, FOS: Computer and information sciences},
    title = {Active Reinforcement Learning: Observing Rewards at a Cost},
    publisher = {arXiv},
    year = {2020},
    copyright = {arXiv.org perpetual, non-exclusive license}
}

@ARTICLE{schulze2018active,
       author = {{Schulze}, Sebastian and {Evans}, Owain},
        title = "{Active Reinforcement Learning with Monte-Carlo Tree Search}",
      journal = {arXiv e-prints},
     keywords = {Computer Science - Machine Learning, Statistics - Machine Learning},
         year = 2018,
        month = mar,
          eid = {arXiv:1803.04926},
        pages = {arXiv:1803.04926},
archivePrefix = {arXiv},
       eprint = {1803.04926},
 primaryClass = {cs.LG},
       adsurl = {https://ui.adsabs.harvard.edu/abs/2018arXiv180304926S},
      adsnote = {Provided by the SAO/NASA Astrophysics Data System}
}

@article{wang2021learning,
    author = {Zi Wang and Caelan Reed Garrett and Leslie Pack Kaelbling and Tomás Lozano-Pérez},
    title ={Learning compositional models of robot skills for task and motion planning},
    journal = {The International Journal of Robotics Research IJRR)},
    year = {2021},
    url = {https://arxiv.org/pdf/2006.06444.pdf}
}

@article{arora2018review,
    author = {Arora, Ankuj and Fiorino, Humbert and Pellier, Damien and Métivier, Marc and Pesty, Sylvie},
    year = {2018},
    month = {11},
    pages = {},
    title = {A Review of Learning Planning Action Models},
    volume = {33},
    journal = {The Knowledge Engineering Review},
    doi = {10.1017/S0269888918000188}
}


@InProceedings{pathak2019selfsupervised,
    title = 	 {Self-Supervised Exploration via Disagreement},
    author =       {Pathak, Deepak and Gandhi, Dhiraj and Gupta, Abhinav},
    booktitle = 	 {International Conference on Machine Learning (ICML)},
    year = 	 {2019},
    url = 	 {http://proceedings.mlr.press/v97/pathak19a/pathak19a.pdf},
}

@inproceedings{asai2018classical,
    author    = {Masataro Asai and
               Alex Fukunaga},
    title     = {Classical Planning in Deep Latent Space: Bridging the Subsymbolic-Symbolic
               Boundary},
    booktitle = {AAAI Conference on Artificial Intelligence (AAAI)},
    year      = {2018},
    url       = {https://www.aaai.org/ocs/index.php/AAAI/AAAI18/paper/view/16302},
}


@inproceedings{eysenbach2018diversity,
    title={Diversity is All You Need: Learning Skills without a Reward Function},
    author={Benjamin Eysenbach and Abhishek Gupta and Julian Ibarz and Sergey Levine},
    booktitle={International Conference on Learning Representations},
    year={2019},
    url={https://openreview.net/forum?id=SJx63jRqFm},
}

@inproceedings{
    akakzia2021grounding,
    title={Grounding Language to Autonomously-Acquired Skills via Goal Generation},
    author={Ahmed Akakzia and C{\'e}dric Colas and Pierre-Yves Oudeyer and Mohamed CHETOUANI and Olivier Sigaud},
    booktitle={International Conference on Learning Representations},
    year={2021},
    url={https://openreview.net/forum?id=chPj_I5KMHG}
}



@inproceedings{mao2018the,
    title={The Neuro-Symbolic Concept Learner: Interpreting Scenes, Words, and Sentences From Natural Supervision},
    author={Jiayuan Mao and Chuang Gan and Pushmeet Kohli and Joshua B. Tenenbaum and Jiajun Wu},
    booktitle={International Conference on Learning Representations},
    year={2019},
    url={https://openreview.net/forum?id=rJgMlhRctm},
}

@misc{sharma2022goalnet,
    doi = {10.48550/ARXIV.2205.07081},
    url = {https://arxiv.org/abs/2205.07081},
    author = {Sharma, Shreya and Gupta, Jigyasa and Tuli, Shreshth and Paul, Rohan and {Mausam}
    },
    keywords = {Robotics (cs.RO), Artificial Intelligence (cs.AI), FOS: Computer and information sciences, FOS: Computer and information sciences},
    title = {GoalNet: Inferring Conjunctive Goal Predicates from Human Plan Demonstrations for Robot Instruction Following},
    publisher = {arXiv},
    year = {2022},
    copyright = {Creative Commons Attribution 4.0 International}
}

@inproceedings{shridhar2021cliport,
    title     = {CLIPort: What and Where Pathways for Robotic Manipulation},
    author    = {Shridhar, Mohit and Manuelli, Lucas and Fox, Dieter},
    booktitle = {Proceedings of the 5th Conference on Robot Learning (CoRL)},
    year      = {2021},
}

@misc{liu2022planning,
    url = {https://embodied-ai.org/papers/2022/15.pdf},
    author = {Liu, Xiaotian and Palacios, Hector and Muise, Christian},
    title = {A Planning based Neural-Symbolic Approach for Embodied Instruction Following},
    year = {2022},
}

@article{arora2018areview,
  TITLE = {{A Review of Learning Planning Action Models}},
  AUTHOR = {Arora, Ankuj and Fiorino, Humbert and Pellier, Damien and Etivier, Marc M ´ and Pesty, Sylvie},
  URL = {https://hal.archives-ouvertes.fr/hal-02010536},
  JOURNAL = {{Knowledge Engineering Review}},
  PUBLISHER = {{Cambridge University Press (CUP)}},
  VOLUME = {33},
  YEAR = {2018},
  DOI = {10.1017/S0269888918000188},
  PDF = {https://hal.archives-ouvertes.fr/hal-02010536/file/A_Review_of_Learning_Planning_Action_Models.pdf},
  HAL_ID = {hal-02010536},
  HAL_VERSION = {v1},
}

@article{pasula2007learning,
	doi = {10.1613/jair.2113},
	url = {https://doi.org/10.1613%2Fjair.2113},
	year = 2007,
	month = {jul},
	publisher = {{AI} Access Foundation},
	volume = {29},
	pages = {309--352},
	author = {H. M. Pasula and L. S. Zettlemoyer and L. P. Kaelbling},
	title = {Learning Symbolic Models of Stochastic Domains},
	journal = {Journal of Artificial Intelligence Research}
}

@article{migimatsu2022grounding,
    title={Grounding Predicates through Actions},
    author={Toki Migimatsu and Jeannette Bohg},
    journal={IEEE International Conference on Robotics and Automation (ICRA)},
    year={2022},
}

@inproceedings{sharma2022skill,
    title = "Skill Induction and Planning with Latent Language",
    author = "Sharma, Pratyusha  and
      Torralba, Antonio  and
      Andreas, Jacob",
    booktitle = "Proceedings of the 60th Annual Meeting of the Association for Computational Linguistics (Volume 1: Long Papers)",
    month = may,
    year = "2022",
    address = "Dublin, Ireland",
    publisher = "Association for Computational Linguistics",
    url = "https://aclanthology.org/2022.acl-long.120",
    doi = "10.18653/v1/2022.acl-long.120",
    pages = "1713--1726",
}

@misc{xu2020daf,
  doi = {10.48550/ARXIV.2011.08424},
  url = {https://arxiv.org/abs/2011.08424},
  author = {Xu, Danfei and Mandlekar, Ajay and Martín-Martín, Roberto and Zhu, Yuke and Savarese, Silvio and Fei-Fei, Li},
  keywords = {Robotics (cs.RO), FOS: Computer and information sciences, FOS: Computer and information sciences},
  title = {Deep Affordance Foresight: Planning Through What Can Be Done in the Future},
  publisher = {arXiv},
  year = {2020},
  copyright = {Creative Commons Attribution 4.0 International}
}

@misc{wang2020modeling,
    title={Modeling question asking using neural program generation},
    author={Ziyun Wang and Brenden M. Lake},
    year={2020},
    url={https://openreview.net/forum?id=SylR-CEKDS}
}

@inproceedings{yuan2021sornet,
    title = {SORNet: Spatial Object-Centric Representations for Sequential Manipulation},
    author = {Wentao Yuan and Chris Paxton and Karthik Desingh and Dieter Fox},
    booktitle = {5th Annual Conference on Robot Learning},
    pages = {148--157},
    year = {2021},
    organization = {PMLR}
}

@article{harnad1990symbol,
    doi = {10.1016/0167-2789(90)90087-6},
    url = {https://doi.org/10.1016},
    year = 1990,
    month = {jun},
    publisher = {Elsevier {BV}},
    volume = {42},
    number = {1-3},
    pages = {335--346},
    author = {Stevan Harnad},
    title = {The symbol grounding problem},
    journal = {Physica D: Nonlinear Phenomena}
}

@article{andersen2017active,
  title={Active exploration for learning symbolic representations},
  author={Andersen, Garrett and Konidaris, George},
  journal={Advances in Neural Information Processing Systems (NeurIPS)},
  year={2017},
  url={https://dl.acm.org/doi/pdf/10.5555/3295222.3295254}
}

@inproceedings{kulick2013active,
  title={Active Learning for Teaching a Robot Grounded Relational Symbols.},
  author={Kulick, Johannes and Toussaint, Marc and Lang, Tobias and Lopes, Manuel},
  booktitle={IJCAI},
  pages={1451--1457},
  year={2013},
  organization={Citeseer}
}


@Inbook{thrun1998lifelong,
    author="Thrun, Sebastian",
    title="Lifelong Learning Algorithms",
    bookTitle="Learning to Learn",
    year="1998",
    publisher="Springer US",
    address="Boston, MA",
    pages="181--209",
    isbn="978-1-4615-5529-2",
    doi="10.1007/978-1-4615-5529-2_8",
    url="https://doi.org/10.1007/978-1-4615-5529-2_8"
}


@inproceedings{settles2011theories,
  title={From theories to queries: Active learning in practice},
  author={Settles, Burr},
  booktitle={Active learning and experimental design workshop in conjunction with AISTATS 2010},
  year={2011},
  url={https://proceedings.mlr.press/v16/settles11a.html}
}

@article{kaelbling1996reinforcement,
  title={Reinforcement learning: A survey},
  author={Kaelbling, Leslie Pack and Littman, Michael L and Moore, Andrew W},
  journal={Journal of artificial intelligence research},
  volume={4},
  pages={237--285},
  year={1996}
}



@article{hoffmann2001ff,
  title={FF: The fast-forward planning system},
  author={Hoffmann, J{\"o}rg},
  journal={AI magazine},
  volume={22},
  number={3},
  pages={57--57},
  year={2001}
}

@inproceedings{konidaris2009efficient,
  title={Efficient Skill Learning using Abstraction Selection.},
  author={Konidaris, George Dimitri and Barto, Andrew G},
  booktitle={IJCAI},
  volume={9},
  pages={1107--1112},
  year={2009}
}

@inproceedings{abel2018state,
  title={State abstractions for lifelong reinforcement learning},
  author={Abel, David and Arumugam, Dilip and Lehnert, Lucas and Littman, Michael},
  booktitle={International Conference on Machine Learning},
  year={2018},
  organization={PMLR}
}

@inproceedings{abel2016near,
  title={Near optimal behavior via approximate state abstraction},
  author={Abel, David and Hershkowitz, David and Littman, Michael},
  booktitle={International Conference on Machine Learning (ICML)},
  year={2016},
}

@inproceedings{li2006towards,
  title={Towards a unified theory of state abstraction for MDPs.},
  author={Li, Lihong and Walsh, Thomas J and Littman, Michael L},
  booktitle={AI\&M},
  year={2006}
}

@phdthesis{walsh2010efficient,
  title={Efficient learning of relational models for sequential decision making},
  author={Walsh, Thomas J},
  year={2010},
  school={Rutgers University-Graduate School-New Brunswick}
}

@inproceedings{rodrigues2011active,
  title={Active learning of relational action models},
  author={Rodrigues, Christophe and G{\'e}rard, Pierre and Rouveirol, C{\'e}line and Soldano, Henry},
  booktitle={International Conference on Inductive Logic Programming},
  pages={302--316},
  year={2011},
  organization={Springer}
}

@article{kearns2002near,
  title={Near-optimal reinforcement learning in polynomial time},
  author={Kearns, Michael and Singh, Satinder},
  journal={Machine learning},
  year={2002},
  url={https://www.cis.upenn.edu/~mkearns/papers/KearnsSinghE3.pdf}
}

@inproceedings{sadigh2017active,
	year = 2017,
	publisher = {Robotics: Science and Systems Foundation},
	author = {Dorsa Sadigh and Anca D. Dragan and Shankar Sastry and Sanjit A. Seshia},
	title = {Active Preference-Based Learning of Reward Functions},
	booktitle = {Robotics: Science and Systems}
}

@inproceedings{biyik2018batch,
  title={Batch active preference-based learning of reward functions},
  author={Biyik, Erdem and Sadigh, Dorsa},
  booktitle={Conference on robot learning},
  pages={519--528},
  year={2018},
  organization={PMLR}
}

@article{bohg2017interactive,
  title={Interactive perception: Leveraging action in perception and perception in action},
  author={Bohg, Jeannette and Hausman, Karol and Sankaran, Bharath and Brock, Oliver and Kragic, Danica and Schaal, Stefan and Sukhatme, Gaurav S},
  journal={IEEE Transactions on Robotics},
  volume={33},
  number={6},
  pages={1273--1291},
  year={2017},
  publisher={IEEE}
}

@inproceedings{jayaraman2018learning,
  title={Learning to look around: Intelligently exploring unseen environments for unknown tasks},
  author={Jayaraman, Dinesh and Grauman, Kristen},
  booktitle={Proceedings of the IEEE conference on computer vision and pattern recognition},
  pages={1238--1247},
  year={2018}
}

@article{wang2022generalizable,
  title={Generalizable task planning through representation pretraining},
  author={Wang, Chen and Xu, Danfei and Fei-Fei, Li},
  journal={IEEE Robotics and Automation Letters},
  volume={7},
  number={3},
  pages={8299--8306},
  year={2022},
  publisher={IEEE}
}

@inproceedings{castro2018end,
  title={End-to-end incremental learning},
  author={Castro, Francisco M and Mar{\'\i}n-Jim{\'e}nez, Manuel J and Guil, Nicol{\'a}s and Schmid, Cordelia and Alahari, Karteek},
  booktitle={Proceedings of the European conference on computer vision (ECCV)},
  pages={233--248},
  year={2018}
}

@Misc{pyperplan,
  author =       "Yusra Alkhazraji and Matthias Frorath and Markus Gr{\"u}tzner
                  and Malte Helmert and Thomas Liebetraut and Robert Mattm{\"u}ller
                  and Manuela Ortlieb and Jendrik Seipp and Tobias Springenberg and
                  Philip Stahl and Jan W{\"u}lfing",
  title =        "Pyperplan",
  year =         "2020",
  url =          "https://doi.org/10.5281/zenodo.3700819",
}

@inproceedings{pathak2017curiosity,
  title={Curiosity-driven exploration by self-supervised prediction},
  author={Pathak, Deepak and Agrawal, Pulkit and Efros, Alexei A and Darrell, Trevor},
  booktitle={International conference on machine learning},
  pages={2778--2787},
  year={2017},
  organization={PMLR}
}

@inproceedings{lynch2020learning,
  title={Learning latent plans from play},
  author={Lynch, Corey and Khansari, Mohi and Xiao, Ted and Kumar, Vikash and Tompson, Jonathan and Levine, Sergey and Sermanet, Pierre},
  booktitle={Conference on robot learning},
  pages={1113--1132},
  year={2020},
  organization={PMLR}
}


@InProceedings{thomason2017opportunistic,
  title = 	 {Opportunistic Active Learning for Grounding Natural Language Descriptions},
  author = 	 {Thomason, Jesse and Padmakumar, Aishwarya and Sinapov, Jivko and Hart, Justin and Stone, Peter and Mooney, Raymond J.},
  booktitle = 	 {Conference on Robot Learning},
  pages = 	 {67--76},
  year = 	 {2017},
  organization =    {PMLR},
}

@article{yang2018visual,
  title={Visual curiosity: Learning to ask questions to learn visual recognition},
  author={Yang, Jianwei and Lu, Jiasen and Lee, Stefan and Batra, Dhruv and Parikh, Devi},
  journal={arXiv preprint arXiv:1810.00912},
  booktitle = 	 {Conference on Robot Learning},
  year = 	 {2018},
  organization =    {PMLR},
}

@article{roesler2019action,
  title={Action learning and grounding in simulated human–robot interactions},
  volume={34},
  DOI={10.1017/S0269888919000079},
  journal={The Knowledge Engineering Review}, publisher={Cambridge University Press},
  author={Roesler, Oliver and Nowé, Ann},
  year={2019},
  pages={e13}
}

@article{tellex2020robots,
  title={Robots that use language},
  author={Tellex, Stefanie and Gopalan, Nakul and Kress-Gazit, Hadas and Matuszek, Cynthia},
  journal={Annual Review of Control, Robotics, and Autonomous Systems},
  volume={3},
  pages={25--55},
  year={2020},
  publisher={Annual Reviews}
}

@article{huang2022inner,
  title={Inner Monologue: Embodied Reasoning through Planning with Language Models},
  author={Huang, Wenlong and Xia, Fei and Xiao, Ted and Chan, Harris and Liang, Jacky and Florence, Pete and Zeng, Andy and Tompson, Jonathan and Mordatch, Igor and Chebotar, Yevgen and others},
  journal={arXiv preprint arXiv:2207.05608},
  year={2022}
}

@article{ahn2022can,
  title={Do as {I} can, not as {I} say: Grounding language in robotic affordances},
  author={Ahn, Michael and Brohan, Anthony and Brown, Noah and Chebotar, Yevgen and Cortes, Omar and David, Byron and Finn, Chelsea and Gopalakrishnan, Keerthana and Hausman, Karol and Herzog, Alex and others},
  journal={arXiv preprint arXiv:2204.01691},
  year={2022}
}

@article{li2022pre,
  title={Pre-trained language models for interactive decision-making},
  author={Li, Shuang and Puig, Xavier and Du, Yilun and Wang, Clinton and Akyurek, Ekin and Torralba, Antonio and Andreas, Jacob and Mordatch, Igor},
  journal={arXiv preprint arXiv:2202.01771},
  year={2022}
}

@inproceedings{huang2022language,
      title={Language Models as Zero-Shot Planners: Extracting Actionable Knowledge for Embodied Agents},
      author={Huang, Wenlong and Abbeel, Pieter and Pathak, Deepak and Mordatch, Igor},
      booktitle={International Conference on Machine Learning (ICML)},
      year={2022}
}

@article{valmeekam2023planning,
  title={On the Planning Abilities of Large Language Models (A Critical Investigation with a Proposed Benchmark)},
  author={Valmeekam, Karthik and Sreedharan, Sarath and Marquez, Matthew and Olmo, Alberto and Kambhampati, Subbarao},
  journal={arXiv preprint arXiv:2302.06706},
  year={2023}
}

@article{casasola2007novel,
  title={Do novel words facilitate 18-month-olds’ spatial categorization?},
  author={Casasola, Marianella and Bhagwat, Jui},
  journal={Child development},
  volume={78},
  number={6},
  pages={1818--1829},
  year={2007},
  publisher={Wiley Online Library}
}

@book{bowerman2001language,
  title={Language acquisition and conceptual development},
  author={Bowerman, Melissa and Levinson, Stephen C and Levinson, Stephen},
  year={2001},
  publisher={Cambridge University Press}
}


@inproceedings{guestrin2003generalizing,
  title={Generalizing plans to new environments in relational MDPs},
  author={Guestrin, Carlos and Koller, Daphne and Gearhart, Chris and Kanodia, Neal},
  booktitle={Proceedings of the 18th international joint conference on Artificial intelligence},
  pages={1003--1010},
  year={2003}
}

@inproceedings{tessler2017deep,
  title={A deep hierarchical approach to lifelong learning in minecraft},
  author={Tessler, Chen and Givony, Shahar and Zahavy, Tom and Mankowitz, Daniel and Mannor, Shie},
  booktitle={Proceedings of the AAAI conference on artificial intelligence},
  volume={31},
  number={1},
  year={2017}
}

@article{wu2020model,
  title={Model primitives for hierarchical lifelong reinforcement learning},
  author={Wu, Bohan and Gupta, Jayesh K and Kochenderfer, Mykel},
  journal={Autonomous Agents and Multi-Agent Systems},
  volume={34},
  pages={1--38},
  year={2020},
  publisher={Springer}
}

@inproceedings{biza2021action,
  title={Action priors for large action spaces in robotics},
  author={Biza, Ondrej and Wang, Dian and Platt, Robert and van de Meent, Jan-Willem and Wong, Lawson LS},
  booktitle={International Conference on Autonomous Agents and Multiagent Systems (AAMAS)},
  year={2021},
  url={https://arxiv.org/pdf/2101.04178.pdf}
}

@inproceedings{da2014active,
  title={Active learning of parameterized skills},
  author={Da Silva, Bruno and Konidaris, George and Barto, Andrew},
  booktitle={International Conference on Machine Learning (ICML)},
  year={2014},
  url={https://proceedings.mlr.press/v32/silva14.html}
}

@article{bougie2020skill,
  title={Skill-based curiosity for intrinsically motivated reinforcement learning},
  author={Bougie, Nicolas and Ichise, Ryutaro},
  journal={Machine Learning},
  volume={109},
  year={2020},
  publisher={Springer},
  url={https://link.springer.com/content/pdf/10.1007/s10994-019-05845-8.pdf}
}

@inproceedings{fang2022planning,
  title={Planning to practice: Efficient online fine-tuning by composing goals in latent space},
  author={Fang, Kuan and Yin, Patrick and Nair, Ashvin and Levine, Sergey},
  booktitle={IEEE/RSJ International Conference on Intelligent Robots and Systems (IROS)},
  year={2022},
  url={https://arxiv.org/pdf/2205.08129.pdf}
}

@inproceedings{stout2010competence,
  title={Competence progress intrinsic motivation},
  author={Stout, Andrew and Barto, Andrew G},
  booktitle={IEEE 9th International Conference on Development and Learning (ICDL)},
  year={2010},
  url={https://citeseerx.ist.psu.edu/document?repid=rep1&type=pdf&doi=1e9521d28184a344c077edaf780c1205b3e90139}
}

@inproceedings{gupta2023bootstrapped,
  title={Bootstrapped autonomous practicing via multi-task reinforcement learning},
  author={Gupta, Abhishek and Lynch, Corey and Kinman, Brandon and Peake, Garrett and Levine, Sergey and Hausman, Karol},
  booktitle={IEEE International Conference on Robotics and Automation (ICRA)},
  year={2023},
  url={https://arxiv.org/pdf/2203.15755.pdf}
}

@article{amin2021survey,
  title={A survey of exploration methods in reinforcement learning},
  author={Amin, Susan and Gomrokchi, Maziar and Satija, Harsh and van Hoof, Herke and Precup, Doina},
  journal={arXiv preprint arXiv:2109.00157},
  year={2021},
  url={https://arxiv.org/pdf/2109.00157.pdf}
}

@inproceedings{bubeck2009pure,
  title={Pure exploration in multi-armed bandits problems},
  author={Bubeck, S{\'e}bastien and Munos, R{\'e}mi and Stoltz, Gilles},
  booktitle={Algorithmic Learning Theory: 20th International Conference (ALT)},
  year={2009},
  organization={Springer},
  url={http://sbubeck.com/ALT09_BMS.pdf}
}

@inproceedings{carpentier2015simple,
  title={Simple regret for infinitely many armed bandits},
  author={Carpentier, Alexandra and Valko, Michal},
  booktitle={International Conference on Machine Learning (ICML)},
  year={2015},
  url={http://proceedings.mlr.press/v37/carpentier15.pdf}
}

@inproceedings{hausknecht2015deep,
  title={Deep reinforcement learning in parameterized action space},
  author={Hausknecht, Matthew and Stone, Peter},
  booktitle={International Conference on Learning Representations (ICLR)},
  year={2016},
  url={https://www.cs.utexas.edu/users/pstone/Papers/bib2html-links/ICLR16-hausknecht.pdf}
}

@inproceedings{mishra2023generative,
  title={Generative skill chaining: Long-horizon skill planning with diffusion models},
  author={Mishra, Utkarsh Aashu and Xue, Shangjie and Chen, Yongxin and Xu, Danfei},
  booktitle={Conference on Robot Learning},
  year={2023},
  url={https://openreview.net/pdf?id=HtJE9ly5dT}
}


@inproceedings{agia2023stap,
  title={Stap: Sequencing task-agnostic policies},
  author={Agia, Christopher and Migimatsu, Toki and Wu, Jiajun and Bohg, Jeannette},
  booktitle={2023 IEEE International Conference on Robotics and Automation (ICRA)},
  pages={7951--7958},
  year={2023},
  organization={IEEE}
}


  @inproceedings{yang2023diffusion,
    title={{Compositional Diffusion-Based Continuous Constraint Solvers}},
    author={Yang, Zhutian and Mao, Jiayuan and Du, Yilun and Wu, Jiajun and Tenenbaum, Joshua B. and Lozano-P{\'e}rez, Tom{\'a}s and Kaelbling, Leslie Pack},
    booktitle={Conference on Robot Learning (CoRL)},
    year={2023},
    url={https://arxiv.org/pdf/2309.00966.pdf}
  }


@inproceedings{ltampkim2,
  title={Guiding search in continuous state-action spaces by learning an action sampler from off-target search experience},
  author={Kim, Beomjoon and Kaelbling, Leslie Pack and Lozano-P{\'e}rez, Tom{\'a}s},
  booktitle={Thirty-Second AAAI Conference on Artificial Intelligence (AAAI)},
  year={2018},
  url={https://ojs.aaai.org/index.php/AAAI/article/view/12106/11965}
}

@inproceedings{ltampchitnis,
  title={Guided search for task and motion plans using learned heuristics},
  author={Chitnis, Rohan and Hadfield-Menell, Dylan and Gupta, Abhishek and Srivastava, Siddharth and Groshev, Edward and Lin, Christopher and Abbeel, Pieter},
  booktitle={IEEE International Conference on Robotics and Automation (ICRA)},
  year={2016},
  url={https://people.eecs.berkeley.edu/~pabbeel/papers/2016-ICRA-tamp-learning.pdf}
}

@article{wells2019learning,
  title={Learning feasibility for task and motion planning in tabletop environments},
  author={Wells, Andrew M and Dantam, Neil T and Shrivastava, Anshumali and Kavraki, Lydia E},
  journal={IEEE Robotics and Automation Letters (RAL)},
  year={2019},
  url={https://europepmc.org/backend/ptpmcrender.fcgi?accid=PMC6491048&blobtype=pdf}
}

@article{xu2022accelerating,
  title={Accelerating integrated task and motion planning with neural feasibility checking},
  author={Xu, Lei and Ren, Tianyu and Chalvatzaki, Georgia and Peters, Jan},
  journal={arXiv preprint arXiv:2203.10568},
  year={2022},
  url={https://arxiv.org/pdf/2203.10568.pdf}
}

@inproceedings{driess2020deep,
  title={Deep visual reasoning: Learning to predict action sequences for task and motion planning from an initial scene image},
  author={Driess, Danny and Ha, Jung-Su and Toussaint, Marc},
  booktitle={Robotics: Science and Systems (RSS)},
  year={2020},
  url={https://www.roboticsproceedings.org/rss16/p003.pdf}
}

@article{xiong2024adaptive,
  title={Adaptive Mobile Manipulation for Articulated Objects In the Open World},
  author={Xiong, Haoyu and Mendonca, Russell and Shaw, Kenneth and Pathak, Deepak},
  journal={arXiv preprint arXiv:2401.14403},
  year={2024},
  url={https://open-world-mobilemanip.github.io/paper.pdf}
}

@inproceedings{shah2020anytime,
  title={Anytime integrated task and motion policies for stochastic environments},
  author={Shah, Naman and Vasudevan, Deepak Kala and Kumar, Kislay and Kamojjhala, Pranav and Srivastava, Siddharth},
  booktitle={2020 IEEE International Conference on Robotics and Automation (ICRA)},
  pages={9285--9291},
  year={2020},
  organization={IEEE},
  url={https://aair-lab.github.io/Projects/STAMP/skkks_icra2020_full.pdf},
}

@inproceedings{garrett2020online,
  title={Online replanning in belief space for partially observable task and motion problems},
  author={Garrett, Caelan Reed and Paxton, Chris and Lozano-P{\'e}rez, Tom{\'a}s and Kaelbling, Leslie Pack and Fox, Dieter},
  booktitle={2020 IEEE International Conference on Robotics and Automation (ICRA)},
  pages={5678--5684},
  year={2020},
  organization={IEEE},
  url={https://arxiv.org/pdf/1911.04577.pdf},
}

@inproceedings{zhou2022detecting,
  title={Detecting twenty-thousand classes using image-level supervision},
  author={Zhou, Xingyi and Girdhar, Rohit and Joulin, Armand and Kr{\"a}henb{\"u}hl, Philipp and Misra, Ishan},
  booktitle={European Conference on Computer Vision},
  pages={350--368},
  year={2022},
  organization={Springer},
  url={https://github.com/facebookresearch/Detic},
}

@article{kirillov2023segment,
  title={Segment anything},
  author={Kirillov, Alexander and Mintun, Eric and Ravi, Nikhila and Mao, Hanzi and Rolland, Chloe and Gustafson, Laura and Xiao, Tete and Whitehead, Spencer and Berg, Alexander C and Lo, Wan-Yen and others},
  journal={arXiv preprint arXiv:2304.02643},
  year={2023},
  url={https://arxiv.org/pdf/2304.02643.pdf},
}

@article{narvekar2020curriculum,
  title={Curriculum learning for reinforcement learning domains: A framework and survey},
  author={Narvekar, Sanmit and Peng, Bei and Leonetti, Matteo and Sinapov, Jivko and Taylor, Matthew E and Stone, Peter},
  journal={Journal of Machine Learning Research},
  volume={21},
  number={181},
  pages={1--50},
  year={2020},
  url={https://jmlr.org/papers/volume21/20-212/20-212.pdf}
}

@inproceedings{vats2023efficient,
  title={Efficient Recovery Learning using Model Predictive Meta-Reasoning},
  author={Vats, Shivam and Likhachev, Maxim and Kroemer, Oliver},
  booktitle={2023 IEEE International Conference on Robotics and Automation (ICRA)},
  pages={7258--7264},
  year={2023},
  organization={IEEE},
  url={https://www.ri.cmu.edu/app/uploads/2023/03/submission_camera_ready.pdf}
}

@misc{wang2023demo2code,
      title={Demo2Code: From Summarizing Demonstrations to Synthesizing Code via Extended Chain-of-Thought}, 
      author={Huaxiaoyue Wang and Gonzalo Gonzalez-Pumariega and Yash Sharma and Sanjiban Choudhury},
      year={2023},
      eprint={2305.16744},
      archivePrefix={arXiv},
      primaryClass={cs.RO},
      url={https://arxiv.org/abs/2305.16744}, 
}
