@article{Haberstich23,
author = {Haberstich, C\'{e}cile and Nouy, A. and Perrin, G.},
title = {Active Learning of Tree Tensor Networks using Optimal Least Squares},
journal = {SIAM/ASA Journal on Uncertainty Quantification},
volume = {11},
number = {3},
pages = {848-876},
year = {2023},
doi = {10.1137/21M1415911},
URL = {https://doi.org/10.1137/21M1415911},
eprint = {https://doi.org/10.1137/21M1415911}
}

@inproceedings{Li_Sun_2020, 
  title={Evolutionary Topology Search for Tensor Network Decomposition}, 
  ISSN={2640-3498}, 
  url={https://proceedings.mlr.press/v119/li20l.html}, 
  booktitle={Proceedings of the 37th International Conference on Machine Learning}, 
  publisher={PMLR}, 
  author={Li, Chao and Sun, Zhun}, 
  year={2020}, 
  month=nov, 
  pages={5947–5957}, 
  language={en} 
}

@inproceedings{Li_Zeng_Li_Caiafa_Zhao_2023, 
  title={Alternating Local Enumeration (TnALE): Solving Tensor Network Structure Search with Fewer Evaluations}, 
  ISSN={2640-3498}, 
  url={https://proceedings.mlr.press/v202/li23ar.html}, 
  booktitle={Proceedings of the 40th International Conference on Machine Learning}, 
  publisher={PMLR}, 
  author={Li, Chao and Zeng, Junhua and Li, Chunmei and Caiafa, Cesar F. and Zhao, Qibin}, 
  year={2023}, 
  month=jul, 
  pages={20384–20411}, 
  language={en} 
}

@inproceedings{Li_Zeng_Tao_Zhao_2022, 
  title={Permutation Search of Tensor Network Structures via Local Sampling}, 
  ISSN={2640-3498}, 
  url={https://proceedings.mlr.press/v162/li22y.html}, 
  booktitle={Proceedings of the 39th International Conference on Machine Learning}, 
  publisher={PMLR}, 
  author={Li, Chao and Zeng, Junhua and Tao, Zerui and Zhao, Qibin}, 
  year={2022}, 
  month=jun, 
  pages={13106–13124}, 
  language={en} 
}

@article{Oseledets_2011, 
  title={Tensor-Train Decomposition}, 
  volume={33}, 
  ISSN={1064-8275}, 
  DOI={10.1137/090752286}, 
  number={5}, 
  journal={SIAM Journal on Scientific Computing}, publisher={Society for Industrial and Applied Mathematics}, 
  author={Oseledets, I. V.}, 
  year={2011}, 
  month=jan, 
  pages={2295–2317} 
}

@article{PhysRevResearch.5.013031,
  title = {Automatic structural optimization of tree tensor networks},
  author = {Hikihara, Toshiya and Ueda, Hiroshi and Okunishi, Kouichi and Harada, Kenji and Nishino, Tomotoshi},
  journal = {Phys. Rev. Res.},
  volume = {5},
  issue = {1},
  pages = {013031},
  numpages = {11},
  year = {2023},
  month = {Jan},
  publisher = {American Physical Society},
  doi = {10.1103/PhysRevResearch.5.013031},
  url = {https://link.aps.org/doi/10.1103/PhysRevResearch.5.013031}
}

@article{Sedighin2021Adaptive,
  author={Sedighin, Farnaz and Cichocki, Andrzej and Phan, Anh-Huy},
  journal={IEEE Journal of Selected Topics in Signal Processing}, 
  title={Adaptive Rank Selection for Tensor Ring Decomposition}, 
  year={2021},
  volume={15},
  number={3},
  pages={454-463},
  keywords={Tensors;Signal processing algorithms;Matrix decomposition;Approximation algorithms;Sensitivity;Approximation error;Simulation;Tensor ring decomposition;rank selection;rank incremental},
  doi={10.1109/JSTSP.2021.3051503}
}

@article{Tucker_1966, 
title={Some Mathematical Notes on Three-Mode Factor Analysis}, 
volume={31}, 
DOI={10.1007/BF02289464}, 
number={3}, 
journal={Psychometrika}, 
author={Tucker, Ledyard R}, 
year={1966}, 
pages={279–311}
}

@article{Yin_Phan_Zang_Liao_Yuan_2022, 
title={BATUDE: Budget-Aware Neural Network Compression Based on Tucker Decomposition}, 
volume={36}, 
url={https://ojs.aaai.org/index.php/AAAI/article/view/20869}, 
DOI={10.1609/aaai.v36i8.20869},
number={8}, 
journal={Proceedings of the AAAI Conference on Artificial Intelligence}, 
author={Yin, Miao and Phan, Huy and Zang, Xiao and Liao, Siyu and Yuan, Bo}, 
year={2022}, 
month={Jun.}, 
pages={8874-8882} 
}

@article{espig2012note,
  title={A note on tensor chain approximation},
  author={Espig, Mike and Naraparaju, Kishore Kumar and Schneider, Jan},
  journal={Computing and Visualization in Science},
  volume={15},
  pages={331--344},
  year={2012},
  publisher={Springer}
}

@article{falco2021tree,
  title={Tree-based tensor formats},
  author={Falc{\'o}, Antonio and Hackbusch, Wolfgang and Nouy, Anthony},
  journal={SeMA Journal},
  volume={78},
  pages={159--173},
  year={2021},
  publisher={Springer}
}

@article{hackbusch2009new,
  title={A new scheme for the tensor representation},
  author={Hackbusch, Wolfgang and K{\"u}hn, Stefan},
  journal={Journal of Fourier analysis and applications},
  volume={15},
  number={5},
  pages={706--722},
  year={2009},
  publisher={Springer}
}

@phdthesis{handschuh2015numerical,
  title={Numerical methods in tensor networks},
  author={Handschuh, Stefan},
  year={2015},
  school={Dissertation, Leipzig, Universit{\"a}t Leipzig, 2015}
}

@article{hashemizadeh2020adaptive,
  title={Adaptive learning of tensor network structures},
  author={Hashemizadeh, Meraj and Liu, Michelle and Miller, Jacob and Rabusseau, Guillaume},
  journal={arXiv preprint arXiv:2008.05437},
  year={2020}
}

@article{hosvd,
author = {De Lathauwer, Lieven and De Moor, Bart and Vandewalle, Joos},
title = {A Multilinear Singular Value Decomposition},
journal = {SIAM Journal on Matrix Analysis and Applications},
volume = {21},
number = {4},
pages = {1253-1278},
year = {2000},
doi = {10.1137/S0895479896305696},
URL = {https://doi.org/10.1137/S0895479896305696},
eprint = {https://doi.org/10.1137/S0895479896305696}
}

@article{ht,
author = {Grasedyck, Lars},
title = {Hierarchical Singular Value Decomposition of Tensors},
journal = {SIAM Journal on Matrix Analysis and Applications},
volume = {31},
number = {4},
pages = {2029-2054},
year = {2010},
doi = {10.1137/090764189},
URL = {https://doi.org/10.1137/090764189},
eprint = {https://doi.org/10.1137/090764189}
}

@article{mickelin2020algorithms,
  title={On algorithms for and computing with the tensor ring decomposition},
  author={Mickelin, Oscar and Karaman, Sertac},
  journal={Numerical Linear Algebra with Applications},
  volume={27},
  number={3},
  pages={e2289},
  year={2020},
  publisher={Wiley Online Library}
}

@InProceedings{pmlr-v202-ghadiri23a,
  title = 	 {Approximately Optimal Core Shapes for Tensor Decompositions},
  author =       {Ghadiri, Mehrdad and Fahrbach, Matthew and Fu, Gang and Mirrokni, Vahab},
  booktitle = 	 {Proceedings of the 40th International Conference on Machine Learning},
  pages = 	 {11237--11254},
  year = 	 {2023},
  editor = 	 {Krause, Andreas and Brunskill, Emma and Cho, Kyunghyun and Engelhardt, Barbara and Sabato, Sivan and Scarlett, Jonathan},
  volume = 	 {202},
  series = 	 {Proceedings of Machine Learning Research},
  month = 	 {23--29 Jul},
  publisher =    {PMLR},
  pdf = 	 {https://proceedings.mlr.press/v202/ghadiri23a/ghadiri23a.pdf},
  url = 	 {https://proceedings.mlr.press/v202/ghadiri23a.html}
}

@InProceedings{pmlr-v32-rai14,
  title = 	 {Scalable Bayesian Low-Rank Decomposition of Incomplete Multiway Tensors},
  author = 	 {Rai, Piyush and Wang, Yingjian and Guo, Shengbo and Chen, Gary and Dunson, David and Carin, Lawrence},
  booktitle = 	 {Proceedings of the 31st International Conference on Machine Learning},
  pages = 	 {1800--1808},
  year = 	 {2014},
  editor = 	 {Xing, Eric P. and Jebara, Tony},
  volume = 	 {32},
  number =       {2},
  series = 	 {Proceedings of Machine Learning Research},
  address = 	 {Bejing, China},
  month = 	 {22--24 Jun},
  publisher =    {PMLR},
  pdf = 	 {http://proceedings.mlr.press/v32/rai14.pdf},
  url = 	 {https://proceedings.mlr.press/v32/rai14.html}
}

@inproceedings{regexsyn,
author = {Chen, Qiaochu and Wang, Xinyu and Ye, Xi and Durrett, Greg and Dillig, Isil},
title = {Multi-modal synthesis of regular expressions},
year = {2020},
isbn = {9781450376136},
publisher = {Association for Computing Machinery},
address = {New York, NY, USA},
url = {https://doi.org/10.1145/3385412.3385988},
doi = {10.1145/3385412.3385988},
booktitle = {Proceedings of the 41st ACM SIGPLAN Conference on Programming Language Design and Implementation},
pages = {487–502},
numpages = {16},
keywords = {Regular Expression, Programming by Natural Languages, Programming by Example, Program Synthesis},
location = {London, UK},
series = {PLDI 2020}
}

@inproceedings{sketch05armando,
author = {Solar-Lezama, Armando and Rabbah, Rodric and Bod\'{\i}k, Rastislav and Ebcio\u{g}lu, Kemal},
title = {Programming by sketching for bit-streaming programs},
year = {2005},
isbn = {1595930566},
publisher = {Association for Computing Machinery},
address = {New York, NY, USA},
url = {https://doi.org/10.1145/1065010.1065045},
doi = {10.1145/1065010.1065045},
booktitle = {Proceedings of the 2005 ACM SIGPLAN Conference on Programming Language Design and Implementation},
pages = {281–294},
numpages = {14},
keywords = {synchronous dataflow, stream programming, sketching, domain specific language, domain specific compiler, StreamIt},
location = {Chicago, IL, USA},
series = {PLDI '05}
}

@inproceedings{solar2007sketching,
  title={Sketching stencils},
  author={Solar-Lezama, Armando and Arnold, Gilad and Tancau, Liviu and Bodik, Rastislav and Saraswat, Vijay and Seshia, Sanjit},
  booktitle={Proceedings of the 28th ACM SIGPLAN Conference on Programming Language Design and Implementation},
  pages={167--178},
  year={2007}
}

@article{sqlizer,
author = {Yaghmazadeh, Navid and Wang, Yuepeng and Dillig, Isil and Dillig, Thomas},
title = {SQLizer: query synthesis from natural language},
year = {2017},
issue_date = {October 2017},
publisher = {Association for Computing Machinery},
address = {New York, NY, USA},
volume = {1},
number = {OOPSLA},
url = {https://doi.org/10.1145/3133887},
doi = {10.1145/3133887},
journal = {Proc. ACM Program. Lang.},
month = oct,
articleno = {63},
numpages = {26},
keywords = {Relational Databases, Programming by Natural Languages, Program Synthesis}
}

@article{sypet,
author = {Feng, Yu and Martins, Ruben and Wang, Yuepeng and Dillig, Isil and Reps, Thomas W.},
title = {Component-based synthesis for complex APIs},
year = {2017},
issue_date = {January 2017},
publisher = {Association for Computing Machinery},
address = {New York, NY, USA},
volume = {52},
number = {1},
issn = {0362-1340},
url = {https://doi.org/10.1145/3093333.3009851},
doi = {10.1145/3093333.3009851},
journal = {SIGPLAN Not.},
month = jan,
pages = {599–612},
numpages = {14},
keywords = {Component-based, Petri-net, Program Synthesis, Type-directed}
}

@article{tt-ice,
author = {Aksoy, Doruk and Gorsich, David J. and Veerapaneni, Shravan and Gorodetsky, Alex A.},
title = {An Incremental Tensor Train Decomposition Algorithm},
journal = {SIAM Journal on Scientific Computing},
volume = {46},
number = {2},
pages = {A1047-A1075},
year = {2024},
doi = {10.1137/22M1537734},
URL = {https://doi.org/10.1137/22M1537734},
eprint = {https://doi.org/10.1137/22M1537734}
}

@article{yang2017loop,
  title={Loop optimization for tensor network renormalization},
  author={Yang, Shuo and Gu, Zheng-Cheng and Wen, Xiao-Gang},
  journal={Physical review letters},
  volume={118},
  number={11},
  pages={110504},
  year={2017},
  publisher={APS}
}

@inproceedings{zengtngps,
  title={tnGPS: Discovering Unknown Tensor Network Structure Search Algorithms via Large Language Models (LLMs)},
  author={Zeng, Junhua and Li, Chao and Sun, Zhun and Zhao, Qibin and Zhou, Guoxu},
  booktitle={Forty-first International Conference on Machine Learning},
  year={2024}
}

@article{zhao2016tensor,
  title={Tensor ring decomposition},
  author={Zhao, Qibin and Zhou, Guoxu and Xie, Shengli and Zhang, Liqing and Cichocki, Andrzej},
  journal={arXiv preprint arXiv:1606.05535},
  year={2016}
}

@inproceedings{zheng2024svdinstn,
  title={SVDinsTN: A Tensor Network Paradigm for Efficient Structure Search from Regularized Modeling Perspective},
  author={Zheng, Yu-Bang and Zhao, Xi-Le and Zeng, Junhua and Li, Chao and Zhao, Qibin and Li, Heng-Chao and Huang, Ting-Zhu},
  booktitle={Proceedings of the IEEE/CVF Conference on Computer Vision and Pattern Recognition},
  pages={26254--26263},
  year={2024}
}

