@book{ abelson-et-al:scheme,
  author = "Harold Abelson and Gerald~Jay Sussman and Julie Sussman",
  title = "Structure and Interpretation of Computer Programs",
  publisher = "MIT Press",
  address = "Cambridge, Massachusetts",
  year = "1985"
}

@inproceedings{ bgf:Lixto,
  author = "Robert Baumgartner and Georg Gottlob and Sergio Flesca",
  title = "Visual Information Extraction with {Lixto}",
  booktitle = "Proceedings of the 27th International Conference on Very Large Databases",
  pages = "119--128",
  publisher = "Morgan Kaufmann",
  address = "Rome, Italy",
  month = "September",
  year = "2001"
}

@article{ brachman-schmolze:kl-one,
  author = "Ronald~J. Brachman and James~G. Schmolze",
  title = "An overview of the {KL-ONE} knowledge representation system",
  journal = "Cognitive Science",
  volume = "9",
  number = "2",
  pages = "171--216",
  month = "April--June",
  year = "1985"
}

@article{ gottlob:nonmon,
  author = "Georg Gottlob",
  title = "Complexity results for nonmonotonic logics",
  journal = "Journal of Logic and Computation",
  volume = "2",
  number = "3",
  pages = "397--425",
  month = "June",
  year = "1992"
}

@article{ gls:hypertrees,
  author = "Georg Gottlob and Nicola Leone and Francesco Scarcello",
  title = "Hypertree Decompositions and Tractable Queries",
  journal = "Journal of Computer and System Sciences",
  volume = "64",
  number = "3",
  pages = "579--627",
  month = "May",
  year = "2002"
}

@article{ levesque:functional-foundations,
  author = "Hector~J. Levesque",
  title = "Foundations of a functional approach to knowledge representation",
  journal = "Artificial Intelligence",
  volume = "23",
  number = "2",
  pages = "155--212",
  month = "July",
  year = "1984"
}

@inproceedings{ levesque:belief,
  author = "Hector~J. Levesque",
  title = "A logic of implicit and explicit belief",
  booktitle = "Proceedings of the Fourth National Conference on Artificial Intelligence",
  publisher = "American Association for Artificial Intelligence",
  pages = "198--202",
  address = "Austin, Texas",
  month = "August",
  year = "1984"
}

@article{ nebel:jair-2000,
  author = "Bernhard Nebel",
  title = "On the compilability and expressive power of propositional planning formalisms",
  journal = "Journal of Artificial Intelligence Research",
  volume = "12",
  pages = "271--315",
  year = "2000"
}

 @misc{proceedings,
  author = {{IJCAI Proceedings}},
  title = {{IJCAI} Camera Ready Submission},
  howpublished = {\url{https://proceedings.ijcai.org/info}},
}

@article{fang2023mol,
  title={Mol-instructions: A large-scale biomolecular instruction dataset for large language models},
  author={Fang, Yin and Liang, Xiaozhuan and Zhang, Ningyu and Liu, Kangwei and Huang, Rui and Chen, Zhuo and Fan, Xiaohui and Chen, Huajun},
  journal={arXiv preprint arXiv:2306.08018},
  year={2023}
}

@article{luo2023biomedgpt,
  title={Biomedgpt: Open multimodal generative pre-trained transformer for biomedicine},
  author={Luo, Yizhen and Zhang, Jiahuan and Fan, Siqi and Yang, Kai and Wu, Yushuai and Qiao, Mu and Nie, Zaiqing},
  journal={arXiv preprint arXiv:2308.09442},
  year={2023}
}

@article{wang2023instructprotein,
  title={Instructprotein: Aligning human and protein language via knowledge instruction},
  author={Wang, Zeyuan and Zhang, Qiang and Ding, Keyan and Qin, Ming and Zhuang, Xiang and Li, Xiaotong and Chen, Huajun},
  journal={arXiv preprint arXiv:2310.03269},
  year={2023}
}

@article{zhuang2024instructbiomol,
  title={InstructBioMol: Advancing Biomolecule Understanding and Design Following Human Instructions},
  author={Zhuang, Xiang and Ding, Keyan and Lyu, Tianwen and Jiang, Yinuo and Li, Xiaotong and Xiang, Zhuoyi and Wang, Zeyuan and Qin, Ming and Feng, Kehua and Wang, Jike and others},
  journal={arXiv preprint arXiv:2410.07919},
  year={2024}
}

@article{xiang2024fapm,
  title={FAPM: Functional Annotation of Proteins using Multi-Modal Models Beyond Structural Modeling},
  author={Xiang, Wenkai and Xiong, Zhaoping and Chen, Huan and Xiong, Jiacheng and Zhang, Wei and Fu, Zunyun and Zheng, Mingyue and Liu, Bing and Shi, Qian},
  journal={Bioinformatics},
  pages={btae680},
  year={2024},
  publisher={Oxford University Press}
}
@article{lin2022language,
  title={Language models of protein sequences at the scale of evolution enable accurate structure prediction},
  author={Lin, Zeming and Akin, Halil and Rao, Roshan and Hie, Brian and Zhu, Zhongkai and Lu, Wenting and dos Santos Costa, Allan and Fazel-Zarandi, Maryam and Sercu, Tom and Candido, Sal and others},
  journal={BioRxiv},
  volume={2022},
  pages={500902},
  year={2022},
  publisher={Cold Spring Harbor Laboratory}
}
@article{lin2023evolutionary,
  title={Evolutionary-scale prediction of atomic-level protein structure with a language model},
  author={Lin, Zeming and Akin, Halil and Rao, Roshan and Hie, Brian and Zhu, Zhongkai and Lu, Wenting and Smetanin, Nikita and Verkuil, Robert and Kabeli, Ori and Shmueli, Yaniv and others},
  journal={Science},
  volume={379},
  number={6637},
  pages={1123--1130},
  year={2023},
  publisher={American Association for the Advancement of Science}
}
@article{rives2021biological,
  title={Biological structure and function emerge from scaling unsupervised learning to 250 million protein sequences},
  author={Rives, Alexander and Meier, Joshua and Sercu, Tom and Goyal, Siddharth and Lin, Zeming and Liu, Jason and Guo, Demi and Ott, Myle and Zitnick, C Lawrence and Ma, Jerry and others},
  journal={Proceedings of the National Academy of Sciences},
  volume={118},
  number={15},
  pages={e2016239118},
  year={2021},
  publisher={National Acad Sciences}
}
@article{hayes2024simulating,
  title={Simulating 500 million years of evolution with a language model},
  author={Hayes, Tomas and Rao, Roshan and Akin, Halil and Sofroniew, Nicholas J and Oktay, Deniz and Lin, Zeming and Verkuil, Robert and Tran, Vincent Q and Deaton, Jonathan and Wiggert, Marius and others},
  journal={bioRxiv},
  pages={2024--07},
  year={2024},
  publisher={Cold Spring Harbor Laboratory}
}
@article{rasooli-tetrault-2015,
    author    = {Mohammad Sadegh Rasooli and Joel R. Tetreault},
    title     = {Yara Parser: {A} Fast and Accurate Dependency Parser},
    journal   = {Computing Research Repository},
    volume    = {arXiv:1503.06733},
    year      = {2015},
    url       = {http://arxiv.org/abs/1503.06733},
    note    = {version 2}
}
@inproceedings{abdine2024prot2text,
  title={Prot2text: Multimodal proteinâ€™s function generation with gnns and transformers},
  author={Abdine, Hadi and Chatzianastasis, Michail and Bouyioukos, Costas and Vazirgiannis, Michalis},
  booktitle={Proceedings of the AAAI Conference on Artificial Intelligence},
  volume={38},
  
  pages={10757--10765},
  year={2024}

}

@article{char2024protnote,
  title={ProtNote: a multimodal method for protein-function annotation},
  author={Char, Samir and Corley, Nathaniel and Alamdari, Sarah and Yang, Kevin K and Amini, Ava P},
  journal={bioRxiv},
  pages={2024--10},
  year={2024},
  publisher={Cold Spring Harbor Laboratory}
}
@article{liu2024prott3,
  title={ProtT3: Protein-to-Text Generation for Text-based Protein Understanding},
  author={Liu, Zhiyuan and Zhang, An and Fei, Hao and Zhang, Enzhi and Wang, Xiang and Kawaguchi, Kenji and Chua, Tat-Seng},
  journal={arXiv preprint arXiv:2405.12564},
  year={2024}
}
@article{dauparas2022robust,
  title={Robust deep learning--based protein sequence design using ProteinMPNN},
  author={Dauparas, Justas and Anishchenko, Ivan and Bennett, Nathaniel and Bai, Hua and Ragotte, Robert J and Milles, Lukas F and Wicky, Basile IM and Courbet, Alexis and de Haas, Rob J and Bethel, Neville and others},
  journal={Science},
  volume={378},
  number={6615},
  pages={49--56},
  year={2022},
  publisher={American Association for the Advancement of Science}
}
@inproceedings{hsu2022learning,
  title={Learning inverse folding from millions of predicted structures},
  author={Hsu, Chloe and Verkuil, Robert and Liu, Jason and Lin, Zeming and Hie, Brian and Sercu, Tom and Lerer, Adam and Rives, Alexander},
  booktitle={International conference on machine learning},
  pages={8946--8970},
  year={2022},
  organization={PMLR}
}
@article{jumper2021highly,
  title={Highly accurate protein structure prediction with AlphaFold},
  author={Jumper, John and Evans, Richard and Pritzel, Alexander and Green, Tim and Figurnov, Michael and Ronneberger, Olaf and Tunyasuvunakool, Kathryn and Bates, Russ and {\v{Z}}{\'\i}dek, Augustin and Potapenko, Anna and others},
  journal={nature},
  volume={596},
  number={7873},
  pages={583--589},
  year={2021},
  publisher={Nature Publishing Group}
}
@article{abramson2024accurate,
  title={Accurate structure prediction of biomolecular interactions with AlphaFold 3},
  author={Abramson, Josh and Adler, Jonas and Dunger, Jack and Evans, Richard and Green, Tim and Pritzel, Alexander and Ronneberger, Olaf and Willmore, Lindsay and Ballard, Andrew J and Bambrick, Joshua and others},
  journal={Nature},
  pages={1--3},
  year={2024},
  publisher={Nature Publishing Group UK London}
}
@article{baek2021accurate,
  title={Accurate prediction of protein structures and interactions using a three-track neural network},
  author={Baek, Minkyung and DiMaio, Frank and Anishchenko, Ivan and Dauparas, Justas and Ovchinnikov, Sergey and Lee, Gyu Rie and Wang, Jue and Cong, Qian and Kinch, Lisa N and Schaeffer, R Dustin and others},
  journal={Science},
  volume={373},
  number={6557},
  pages={871--876},
  year={2021},
  publisher={American Association for the Advancement of Science}
}
@article{krishna2024generalized,
  title={Generalized biomolecular modeling and design with RoseTTAFold All-Atom},
  author={Krishna, Rohith and Wang, Jue and Ahern, Woody and Sturmfels, Pascal and Venkatesh, Preetham and Kalvet, Indrek and Lee, Gyu Rie and Morey-Burrows, Felix S and Anishchenko, Ivan and Humphreys, Ian R and others},
  journal={Science},
  volume={384},
  number={6693},
  pages={eadl2528},
  year={2024},
  publisher={American Association for the Advancement of Science}
}
@article{wayment2024predicting,
  title={Predicting multiple conformations via sequence clustering and AlphaFold2},
  author={Wayment-Steele, Hannah K and Ojoawo, Adedolapo and Otten, Renee and Apitz, Julia M and Pitsawong, Warintra and H{\"o}mberger, Marc and Ovchinnikov, Sergey and Colwell, Lucy and Kern, Dorothee},
  journal={Nature},
  volume={625},
  number={7996},
  pages={832--839},
  year={2024},
  publisher={Nature Publishing Group UK London}
}

@article{madani2020progen,
  title={Progen: Language modeling for protein generation},
  author={Madani, Ali and McCann, Bryan and Naik, Nikhil and Keskar, Nitish Shirish and Anand, Namrata and Eguchi, Raphael R and Huang, Po-Ssu and Socher, Richard},
  journal={arXiv preprint arXiv:2004.03497},
  year={2020}
}
@article{ferruz2022protgpt2,
  title={ProtGPT2 is a deep unsupervised language model for protein design},
  author={Ferruz, Noelia and Schmidt, Steffen and H{\"o}cker, Birte},
  journal={Nature communications},
  volume={13},
  number={1},
  pages={4348},
  year={2022},
  publisher={Nature Publishing Group UK London}
}
@article{achiam2023gpt,
  title={Gpt-4 technical report},
  author={Achiam, Josh and Adler, Steven and Agarwal, Sandhini and Ahmad, Lama and Akkaya, Ilge and Aleman, Florencia Leoni and Almeida, Diogo and Altenschmidt, Janko and Altman, Sam and Anadkat, Shyamal and others},
  journal={arXiv preprint arXiv:2303.08774},
  year={2023}
}
@article{ouyang2022training,
  title={Training language models to follow instructions with human feedback},
  author={Ouyang, Long and Wu, Jeffrey and Jiang, Xu and Almeida, Diogo and Wainwright, Carroll and Mishkin, Pamela and Zhang, Chong and Agarwal, Sandhini and Slama, Katarina and Ray, Alex and others},
  journal={Advances in neural information processing systems},
  volume={35},
  pages={27730--27744},
  year={2022}
}
@article{qiu2024instructplm,
  title={InstructPLM: Aligning Protein Language Models to Follow Protein Structure Instructions},
  author={Qiu, Jiezhong and Xu, Junde and Hu, Jie and Cao, Hanqun and Hou, Liya and Gao, Zijun and Zhou, Xinyi and Li, Anni and Li, Xiujuan and Cui, Bin and others},
  journal={bioRxiv},
  pages={2024--04},
  year={2024},
  publisher={Cold Spring Harbor Laboratory}
}
@article{bai2023versatile,
  title={A versatile vision-language model for understanding, localization, text reading, and beyond},
  author={Bai, J and Bai, S and Yang, S and Wang, S and Tan, S and Wang, P and Lin, J and Zhou, C and Zhou, J Qwen-VL},
  journal={arXiv preprint arXiv:2308.12966},
  year={2023}
}
@article{dubey2024llama,
  title={The llama 3 herd of models},
  author={Dubey, Abhimanyu and Jauhri, Abhinav and Pandey, Abhinav and Kadian, Abhishek and Al-Dahle, Ahmad and Letman, Aiesha and Mathur, Akhil and Schelten, Alan and Yang, Amy and Fan, Angela and others},
  journal={arXiv preprint arXiv:2407.21783},
  year={2024}
}
@inproceedings{notin2022tranception,
  title={Tranception: protein fitness prediction with autoregressive transformers and inference-time retrieval},
  author={Notin, Pascal and Dias, Mafalda and Frazer, Jonathan and Marchena-Hurtado, Javier and Gomez, Aidan N and Marks, Debora and Gal, Yarin},
  booktitle={International Conference on Machine Learning},
  pages={16990--17017},
  year={2022},
  organization={PMLR}
}
@article{vaswani2017attention,
  title={Attention is all you need},
  author={Vaswani, A},
  journal={Advances in Neural Information Processing Systems},
  year={2017}
}
@article{gligorijevic2021structure,
  title={Structure-based protein function prediction using graph convolutional networks},
  author={Gligorijevi{\'c}, Vladimir and Renfrew, P Douglas and Kosciolek, Tomasz and Leman, Julia Koehler and Berenberg, Daniel and Vatanen, Tommi and Chandler, Chris and Taylor, Bryn C and Fisk, Ian M and Vlamakis, Hera and others},
  journal={Nature communications},
  volume={12},
  number={1},
  pages={3168},
  year={2021},
  publisher={Nature Publishing Group UK London}
}

@article{zhang2022ontoprotein,
  title={Ontoprotein: Protein pretraining with gene ontology embedding},
  author={Zhang, Ningyu and Bi, Zhen and Liang, Xiaozhuan and Cheng, Siyuan and Hong, Haosen and Deng, Shumin and Lian, Jiazhang and Zhang, Qiang and Chen, Huajun},
  journal={arXiv preprint arXiv:2201.11147},
  year={2022}
}
@inproceedings{li2022blip,
  title={Blip: Bootstrapping language-image pre-training for unified vision-language understanding and generation},
  author={Li, Junnan and Li, Dongxu and Xiong, Caiming and Hoi, Steven},
  booktitle={International conference on machine learning},
  pages={12888--12900},
  year={2022},
  organization={PMLR}
}
@inproceedings{li2023blip,
  title={Blip-2: Bootstrapping language-image pre-training with frozen image encoders and large language models},
  author={Li, Junnan and Li, Dongxu and Savarese, Silvio and Hoi, Steven},
  booktitle={International conference on machine learning},
  pages={19730--19742},
  year={2023},
  organization={PMLR}
}
@article{tsimpoukelli2021multimodal,
  title={Multimodal few-shot learning with frozen language models},
  author={Tsimpoukelli, Maria and Menick, Jacob L and Cabi, Serkan and Eslami, SM and Vinyals, Oriol and Hill, Felix},
  journal={Advances in Neural Information Processing Systems},
  volume={34},
  pages={200--212},
  year={2021}
}
@article{zhang2023video,
  title={Video-llama: An instruction-tuned audio-visual language model for video understanding},
  author={Zhang, Hang and Li, Xin and Bing, Lidong},
  journal={arXiv preprint arXiv:2306.02858},
  year={2023}
}
@article{lyu2023macaw,
  title={Macaw-llm: Multi-modal language modeling with image, audio, video, and text integration},
  author={Lyu, Chenyang and Wu, Minghao and Wang, Longyue and Huang, Xinting and Liu, Bingshuai and Du, Zefeng and Shi, Shuming and Tu, Zhaopeng},
  journal={arXiv preprint arXiv:2306.09093},
  year={2023}
}
@article{liu2023molca,
  title={MolCA: Molecular graph-language modeling with cross-modal projector and uni-modal adapter},
  author={Liu, Zhiyuan and Li, Sihang and Luo, Yanchen and Fei, Hao and Cao, Yixin and Kawaguchi, Kenji and Wang, Xiang and Chua, Tat-Seng},
  journal={arXiv preprint arXiv:2310.12798},
  year={2023}
}
@article{shi2023relm,
  title={Relm: Leveraging language models for enhanced chemical reaction prediction},
  author={Shi, Yaorui and Zhang, An and Zhang, Enzhi and Liu, Zhiyuan and Wang, Xiang},
  journal={arXiv preprint arXiv:2310.13590},
  year={2023}
}
@article{fang2024moltc,
  title={Moltc: Towards molecular relational modeling in language models},
  author={Fang, Junfeng and Zhang, Shuai and Wu, Chang and Yang, Zhengyi and Liu, Zhiyuan and Li, Sihang and Wang, Kun and Du, Wenjie and Wang, Xiang},
  journal={arXiv preprint arXiv:2402.03781},
  year={2024}
}
@article{alayrac2022flamingo,
  title={Flamingo: a visual language model for few-shot learning},
  author={Alayrac, Jean-Baptiste and Donahue, Jeff and Luc, Pauline and Miech, Antoine and Barr, Iain and Hasson, Yana and Lenc, Karel and Mensch, Arthur and Millican, Katherine and Reynolds, Malcolm and others},
  journal={Advances in neural information processing systems},
  volume={35},
  pages={23716--23736},
  year={2022}
}
@article{driess2023palm,
  title={Palm-e: An embodied multimodal language model},
  author={Driess, Danny and Xia, Fei and Sajjadi, Mehdi SM and Lynch, Corey and Chowdhery, Aakanksha and Ichter, Brian and Wahid, Ayzaan and Tompson, Jonathan and Vuong, Quan and Yu, Tianhe and others},
  journal={arXiv preprint arXiv:2303.03378},
  year={2023}
}
@article{taylor2022galactica,
  title={Galactica: A large language model for science},
  author={Taylor, Ross and Kardas, Marcin and Cucurull, Guillem and Scialom, Thomas and Hartshorn, Anthony and Saravia, Elvis and Poulton, Andrew and Kerkez, Viktor and Stojnic, Robert},
  journal={arXiv preprint arXiv:2211.09085},
  year={2022}
}
@article{guo2023proteinchat,
  title={Proteinchat: Towards achieving chatgpt-like functionalities on protein 3d structures},
  author={Guo, Han and Huo, Mingjia and Zhang, Ruiyi and Xie, Pengtao},
  journal={Authorea Preprints},
  year={2023},
  publisher={Authorea}
}
@article{uniprot2018uniprot,
  title={UniProt: the universal protein knowledgebase},
  author={UniProt Consortium, The},
  journal={Nucleic acids research},
  volume={46},
  number={5},
  pages={2699--2699},
  year={2018},
  publisher={Oxford University Press}
}
@article{qin2024mooncake,
  title={Mooncake: A kvcache-centric disaggregated architecture for llm serving},
  author={Qin, Ruoyu and Li, Zheming and He, Weiran and Zhang, Mingxing and Wu, Yongwei and Zheng, Weimin and Xu, Xinran},
  journal={arXiv preprint arXiv:2407.00079},
  year={2024}
}
@inproceedings{lin-2004-rouge,
    title = "{ROUGE}: A Package for Automatic Evaluation of Summaries",
    author = "Lin, Chin-Yew",
    booktitle = "Text Summarization Branches Out",
    month = jul,
    year = "2004",
    address = "Barcelona, Spain",
    publisher = "Association for Computational Linguistics",
    url = "https://aclanthology.org/W04-1013",
    pages = "74--81",
}
@misc{nltk,
  author = {Bird, Steven, Edward Loper and Ewan Klein},
  title = {Natural Language Processing with Python.  O'Reilly Media Inc.},
  howpublished = {\url{https://github.com/nltk/nltk}},
  year = {2024},
  version = {3.8.1}
}

@article{wang2024protchatgpt,
  title={Protchatgpt: Towards understanding proteins with large language models},
  author={Wang, Chao and Fan, Hehe and Quan, Ruijie and Yang, Yi},
  journal={arXiv preprint arXiv:2402.09649},
  year={2024}
}
@article{kulmanov2018deepgo,
  title={DeepGO: predicting protein functions from sequence and interactions using a deep ontology-aware classifier},
  author={Kulmanov, Maxat and Khan, Mohammed Asif and Hoehndorf, Robert},
  journal={Bioinformatics},
  volume={34},
  number={4},
  pages={660--668},
  year={2018},
  publisher={Oxford University Press}
}
@article{kulmanov2020deepgoplus,
  title={DeepGOPlus: improved protein function prediction from sequence},
  author={Kulmanov, Maxat and Hoehndorf, Robert},
  journal={Bioinformatics},
  volume={36},
  number={2},
  pages={422--429},
  year={2020},
  publisher={Oxford University Press}
}
@article{ben2019deep,
  title={DEEP-FRI: sampling outside the box improves soundness},
  author={Ben-Sasson, Eli and Goldberg, Lior and Kopparty, Swastik and Saraf, Shubhangi},
  journal={arXiv preprint arXiv:1903.12243},
  year={2019}
}
@article{jiao2023struct2go,
  title={Struct2GO: protein function prediction based on graph pooling algorithm and AlphaFold2 structure information},
  author={Jiao, Peishun and Wang, Beibei and Wang, Xuan and Liu, Bo and Wang, Yadong and Li, Junyi},
  journal={Bioinformatics},
  volume={39},
  number={10},
  pages={btad637},
  year={2023},
  publisher={Oxford University Press}
}
@article{zhuo2024protllm,
  title={Protllm: An interleaved protein-language llm with protein-as-word pre-training},
  author={Zhuo, Le and Chi, Zewen and Xu, Minghao and Huang, Heyan and Zheng, Heqi and He, Conghui and Mao, Xian-Ling and Zhang, Wentao},
  journal={arXiv preprint arXiv:2403.07920},
  year={2024}
}
@article{zhou2025decoding,
  title={Decoding the Molecular Language of Proteins with Evola},
  author={Zhou, Xibin and Han, Chenchen and Zhang, Yingqi and Su, Jin and Zhuang, Kai and Jiang, Shiyu and Yuan, Zichen and Zheng, Wei and Dai, Fengyuan and Zhou, Yuyang and others},
  journal={bioRxiv},
  pages={2025--01},
  year={2025},
  publisher={Cold Spring Harbor Laboratory}
}
@article{su2024protrek,
  title={ProTrek: Navigating the Protein Universe through Tri-Modal Contrastive Learning},
  author={Su, Jin and Zhou, Xibin and Zhang, Xuting and Yuan, Fajie},
  journal={bioRxiv},
  pages={2024--05},
  year={2024},
  publisher={Cold Spring Harbor Laboratory}
}
@article{van2022foldseek,
  title={Foldseek: fast and accurate protein structure search},
  author={van Kempen, Michel and Kim, Stephanie S and Tumescheit, Charlotte and Mirdita, Milot and Gilchrist, Cameron LM and S{\"o}ding, Johannes and Steinegger, Martin},
  journal={Biorxiv},
  pages={2022--02},
  year={2022},
  publisher={Cold Spring Harbor Laboratory}
}
@article{su2023saprot,
  title={Saprot: Protein language modeling with structure-aware vocabulary},
  author={Su, Jin and Han, Chenchen and Zhou, Yuyang and Shan, Junjie and Zhou, Xibin and Yuan, Fajie},
  journal={bioRxiv},
  pages={2023--10},
  year={2023},
  publisher={Cold Spring Harbor Laboratory}
}
@inproceedings{papineni-etal-2002-bleu,
    title = "{B}leu: a Method for Automatic Evaluation of Machine Translation",
    author = "Papineni, Kishore  and
      Roukos, Salim  and
      Ward, Todd  and
      Zhu, Wei-Jing",
    editor = "Isabelle, Pierre  and
      Charniak, Eugene  and
      Lin, Dekang",
    booktitle = "Proceedings of the 40th Annual Meeting of the Association for Computational Linguistics",
    month = jul,
    year = "2002",
    address = "Philadelphia, Pennsylvania, USA",
    publisher = "Association for Computational Linguistics",
    url = "https://aclanthology.org/P02-1040/",
    doi = "10.3115/1073083.1073135",
    pages = "311--318"
}
@article{zhou2023survey,
  title={A survey of large language models in medicine: Progress, application, and challenge},
  author={Zhou, Hongjian and Liu, Fenglin and Gu, Boyang and Zou, Xinyu and Huang, Jinfa and Wu, Jinge and Li, Yiru and Chen, Sam S and Zhou, Peilin and Liu, Junling and others},
  journal={arXiv preprint arXiv:2311.05112},
  year={2023}
}
@inproceedings{
hu2022lora,
title={Lo{RA}: Low-Rank Adaptation of Large Language Models},
author={Edward J Hu and Yelong Shen and Phillip Wallis and Zeyuan Allen-Zhu and Yuanzhi Li and Shean Wang and Lu Wang and Weizhu Chen},
booktitle={International Conference on Learning Representations},
year={2022},
url={https://openreview.net/forum?id=nZeVKeeFYf9}
}