@article{Zhang2010tim,
  title = {Visual Measurement and Prediction of Ball Trajectory for Table Tennis Robot},
  volume = {59},
  ISSN = {1557-9662},
  url = {http://dx.doi.org/10.1109/TIM.2010.2047128},
  DOI = {10.1109/tim.2010.2047128},
  number = {12},
  journal = {IEEE Transactions on Instrumentation and Measurement},
  publisher = {Institute of Electrical and Electronics Engineers (IEEE)},
  author = {Zhang,  Zhengtao and Xu,  De and Tan,  Min},
  year = {2010},
  month = dec,
  pages = {3195–3205}
}

@inproceedings{SefidgarDilmaghani2023icmv,
  title = {Control and evaluation of event cameras output sharpness via bias},
  url = {http://dx.doi.org/10.1117/12.2679755},
  DOI = {10.1117/12.2679755},
  booktitle = {Fifteenth International Conference on Machine Vision (ICMV 2022)},
  publisher = {SPIE},
  author = {Sefidgar Dilmaghani,  Mehdi and Shariff,  Waseem and Ryan,  Cian and Lemley,  Joe and Corcoran,  Peter},
  editor = {Zhou,  Jianhong (Jessica) and Osten,  Wolfgang and Nikolaev,  Dmitry P.},
  year = {2023},
  month = jun,
  pages = {37}
}

@article{Graca2023iiss,
  doi = {10.60928/DLPF-IRJD},
  url = {https://imagesensors.org/papers/10.60928/dlpf-irjd},
  author = {{Rui Graca} and {Brian McReynolds} and {Tobi Delbruck}},
  language = {en},
  title = {Optimal biasing and physical limits of DVS event noise},
  publisher = {IISS (Int. Image Sensors Society)},
  year = {2023}
}

@inproceedings{Amir2017cvpr,
  title = {A Low Power,  Fully Event-Based Gesture Recognition System},
  url = {http://dx.doi.org/10.1109/CVPR.2017.781},
  DOI = {10.1109/cvpr.2017.781},
  booktitle = {2017 IEEE Conference on Computer Vision and Pattern Recognition (CVPR)},
  publisher = {IEEE},
  author = {Amir,  Arnon and Taba,  Brian and Berg,  David and Melano,  Timothy and McKinstry,  Jeffrey and Di Nolfo,  Carmelo and Nayak,  Tapan and Andreopoulos,  Alexander and Garreau,  Guillaume and Mendoza,  Marcela and Kusnitz,  Jeff and Debole,  Michael and Esser,  Steve and Delbruck,  Tobi and Flickner,  Myron and Modha,  Dharmendra},
  year = {2017},
  month = jul 
}

@inproceedings{Nair2024iros,
  title = {Enhancing Visual Place Recognition via Fast and Slow Adaptive Biasing in Event Cameras},
  url = {http://dx.doi.org/10.1109/IROS58592.2024.10802384},
  DOI = {10.1109/iros58592.2024.10802384},
  booktitle = {2024 IEEE/RSJ International Conference on Intelligent Robots and Systems (IROS)},
  publisher = {IEEE},
  author = {Nair,  Gokul B. and Milford,  Michael and Fischer,  Tobias},
  year = {2024},
  month = oct,
  pages = {3356–3363}
}

@inproceedings{Graa2023cvprw,
  title = {Shining light on the DVS pixel: A tutorial and discussion about biasing and optimization},
  url = {http://dx.doi.org/10.1109/CVPRW59228.2023.00423},
  DOI = {10.1109/cvprw59228.2023.00423},
  booktitle = {2023 IEEE/CVF Conference on Computer Vision and Pattern Recognition Workshops (CVPRW)},
  publisher = {IEEE},
  author = {Gra\c{c}a,  Rui and McReynolds,  Brian and Delbruck,  Tobi},
  year = {2023},
  month = jun,
  pages = {4045–4053}
}

@inproceedings{Seifozzakerini2016bmcv,
  series = {BMVC 2016},
  title = {Event-Based Hough Transform in a Spiking Neural Network for Multiple Line Detection and Tracking Using a Dynamic Vision Sensor},
  url = {http://dx.doi.org/10.5244/C.30.94},
  DOI = {10.5244/c.30.94},
  booktitle = {Procedings of the British Machine Vision Conference 2016},
  publisher = {British Machine Vision Association},
  author = {Seifozzakerini,  Sajjad and Yau,  Wei-Yun and Zhao,  Bo and Mao,  Kezhi},
  year = {2016},
  pages = {94.1--94.12},
  collection = {BMVC 2016}
}

@inproceedings{Achterhold2023l4dc,
  title = {Black-Box vs. Gray-Box: A Case Study on Learning Table Tennis Ball Trajectory Prediction with Spin and Impacts},
  author = {Achterhold, Jan and Tobuschat, Philip and Ma, Hao and B{\"u}chler, Dieter and Muehlebach, Michael and Stueckler, Joerg},
  booktitle = {Proceedings of the Learning for Dynamics and Control Conference (L4DC)},
  year = {2023},
}

@inproceedings{Gehrig2019iccv,
  title = {End-to-End Learning of Representations for Asynchronous Event-Based Data},
  url = {http://dx.doi.org/10.1109/ICCV.2019.00573},
  DOI = {10.1109/iccv.2019.00573},
  booktitle = {2019 IEEE/CVF International Conference on Computer Vision (ICCV)},
  publisher = {IEEE},
  author = {Gehrig,  Daniel and Loquercio,  Antonio and Derpanis,  Konstantinos and Scaramuzza,  Davide},
  year = {2019},
  month = oct,
  pages = {5632–5642}
}

@article{Lagorce2017pami,
  title = {HOTS: A Hierarchy of Event-Based Time-Surfaces for Pattern Recognition},
  volume = {39},
  ISSN = {2160-9292},
  url = {http://dx.doi.org/10.1109/TPAMI.2016.2574707},
  DOI = {10.1109/tpami.2016.2574707},
  number = {7},
  journal = {IEEE Transactions on Pattern Analysis and Machine Intelligence},
  publisher = {Institute of Electrical and Electronics Engineers (IEEE)},
  author = {Lagorce,  Xavier and Orchard,  Garrick and Galluppi,  Francesco and Shi,  Bertram E. and Benosman,  Ryad B.},
  year = {2017},
  month = jul,
  pages = {1346–1359}
}

@inproceedings{Sironi2018cvpr,
  title = {HATS: Histograms of Averaged Time Surfaces for Robust Event-Based Object Classification},
  url = {http://dx.doi.org/10.1109/CVPR.2018.00186},
  DOI = {10.1109/cvpr.2018.00186},
  booktitle = {2018 IEEE/CVF Conference on Computer Vision and Pattern Recognition},
  publisher = {IEEE},
  author = {Sironi,  Amos and Brambilla,  Manuele and Bourdis,  Nicolas and Lagorce,  Xavier and Benosman,  Ryad},
  year = {2018},
  month = jun 
}

@inbook{Scheerlinck2019accv,
  title = {Continuous-Time Intensity Estimation Using Event Cameras},
  ISBN = {9783030208738},
  ISSN = {1611-3349},
  url = {http://dx.doi.org/10.1007/978-3-030-20873-8_20},
  DOI = {10.1007/978-3-030-20873-8_20},
  booktitle = {Computer Vision – ACCV 2018},
  publisher = {Springer International Publishing},
  author = {Scheerlinck,  Cedric and Barnes,  Nick and Mahony,  Robert},
  year = {2019},
  pages = {308–324}
}

@inproceedings{Glover2024icra,
  title = {EDOPT: Event-camera 6-DoF Dynamic Object Pose Tracking},
  url = {http://dx.doi.org/10.1109/ICRA57147.2024.10611511},
  DOI = {10.1109/icra57147.2024.10611511},
  booktitle = {2024 IEEE International Conference on Robotics and Automation (ICRA)},
  publisher = {IEEE},
  author = {Glover,  Arren and Gava,  Luna and Li,  Zhichao and Bartolozzi,  Chiara},
  year = {2024},
  month = may,
  pages = {18200–18206}
}

@article{Delbruck2013fnins,
  title = {Robotic goalie with 3 ms reaction time at 4\% CPU load using event-based dynamic vision sensor},
  volume = {7},
  ISSN = {1662-453X},
  url = {http://dx.doi.org/10.3389/fnins.2013.00223},
  DOI = {10.3389/fnins.2013.00223},
  journal = {Frontiers in Neuroscience},
  publisher = {Frontiers Media SA},
  author = {Delbruck,  Tobi and Lang,  Manuel},
  year = {2013}
}

@misc{Ambrosio2024arxiv,
  doi = {10.48550/ARXIV.2408.03906},
  url = {https://arxiv.org/abs/2408.03906},
  author = {D'Ambrosio,  David B. and Abeyruwan,  Saminda and Graesser,  Laura and Iscen,  Atil and Amor,  Heni Ben and Bewley,  Alex and Reed,  Barney J. and Reymann,  Krista and Takayama,  Leila and Tassa,  Yuval and Choromanski,  Krzysztof and Coumans,  Erwin and Jain,  Deepali and Jaitly,  Navdeep and Jaques,  Natasha and Kataoka,  Satoshi and Kuang,  Yuheng and Lazic,  Nevena and Mahjourian,  Reza and Moore,  Sherry and Oslund,  Kenneth and Shankar,  Anish and Sindhwani,  Vikas and Vanhoucke,  Vincent and Vesom,  Grace and Xu,  Peng and Sanketi,  Pannag R.},
  keywords = {Robotics (cs.RO),  FOS: Computer and information sciences,  FOS: Computer and information sciences},
  title = {Achieving Human Level Competitive Robot Table Tennis},
  publisher = {arXiv},
  year = {2024},
  copyright = {Creative Commons Attribution 4.0 International}
}

@inproceedings{Gentil2023icra,
  title = {Continuous-Time Gaussian Process Motion-Compensation for Event-Vision Pattern Tracking with Distance Fields},
  url = {http://dx.doi.org/10.1109/ICRA48891.2023.10160768},
  DOI = {10.1109/icra48891.2023.10160768},
  booktitle = {2023 IEEE International Conference on Robotics and Automation (ICRA)},
  publisher = {IEEE},
  author = {Gentil,  Cedric Le and Alzugaray,  Ignacio and Vidal-Calleja,  Teresa},
  year = {2023},
  month = may,
  pages = {804–812}
}

@article{Macenski2022sr,
    author = {Steven Macenski  and Tully Foote  and Brian Gerkey  and Chris Lalancette  and William Woodall },
    title = {Robot Operating System 2: Design, architecture, and uses in the wild},
    journal = {Science Robotics},
    volume = {7},
    number = {66},
    pages = {eabm6074},
    year = {2022},
    url = {https://www.science.org/doi/abs/10.1126/scirobotics.abm6074},
    DOI = {10.1126/scirobotics.abm6074}
}

@inproceedings{Liu2024wacv,
  title={Revisiting Token Pruning for Object Detection and Instance Segmentation},
  author={Liu, Yifei and Gehrig, Mathias and Messikommer, Nico and Cannici, Marco and Scaramuzza, Davide},
  booktitle = {Proceedings of the IEEE/CVF Winter Conference on Applications of Computer Vision (WACV)},
  year={2024}
}

@article{Gehrig2024nature,
  title = {Low-latency automotive vision with event cameras},
  volume = {629},
  ISSN = {1476-4687},
  url = {http://dx.doi.org/10.1038/s41586-024-07409-w},
  DOI = {10.1038/s41586-024-07409-w},
  number = {8014},
  journal = {Nature},
  publisher = {Springer Science and Business Media LLC},
  author = {Gehrig,  Daniel and Scaramuzza,  Davide},
  year = {2024},
  month = may,
  pages = {1034–1040}
}

@inproceedings{Higuchi2024icml,
  title={Balanced Resonate-and-Fire Neurons},
  author={Saya Higuchi and Sebastian Kairat and Sander Bohte and Sebastian Otte},
  booktitle={Forty-first International Conference on Machine Learning},
  year={2024}
}

@article{Bellec2018anips,
  title={Long short-term memory and learning-to-learn in networks of spiking neurons},
  author={Bellec, Guillaume and Salaj, Darjan and Subramoney, Anand and Legenstein, Robert and Maass, Wolfgang},
  journal={Advances in neural information processing systems},
  volume={31},
  year={2018}
}

@article{Paugam2012computing,
  title={Computing with spiking neuron networks.},
  author={Paugam-Moisy, H{\'e}lene and Bohté, Sander M},
  journal={Handbook of natural computing},
  volume={1},
  pages={1--47},
  year={2012}
}

@article{Izhikevich2003tnn,
  title={Simple model of spiking neurons},
  author={Izhikevich, Eugene M},
  journal={IEEE Transactions on neural networks},
  volume={14},
  number={6},
  pages={1569--1572},
  year={2003},
  publisher={IEEE}
}

@article{Nunes2022pami,
	title = {Robust Event-Based Vision Model Estimation by Dispersion Minimisation},
	volume = {44},
	ISSN = {1939-3539},
	url = {http://dx.doi.org/10.1109/TPAMI.2021.3130049},
	DOI = {10.1109/tpami.2021.3130049},
	number = {12},
	journal = {IEEE Transactions on Pattern Analysis and Machine Intelligence},
	publisher = {Institute of Electrical and Electronics Engineers (IEEE)},
	author = {Nunes,  Urbano Miguel and Demiris,  Yiannis},
	year = {2022},
	month = dec,
	pages = {9561–9573}
}

@inproceedings{Gallego2018cvpr,
  title = {A Unifying Contrast Maximization Framework for Event Cameras,  with Applications to Motion,  Depth,  and Optical Flow Estimation},
  url = {http://dx.doi.org/10.1109/CVPR.2018.00407},
  DOI = {10.1109/cvpr.2018.00407},
  booktitle = {2018 IEEE/CVF Conference on Computer Vision and Pattern Recognition},
  publisher = {IEEE},
  author = {Gallego,  Guillermo and Rebecq,  Henri and Scaramuzza,  Davide},
  year = {2018},
  month = jun 
}

@article{Wang2019knosys,
  title = {Detection based visual tracking with convolutional neural network},
  volume = {175},
  ISSN = {0950-7051},
  url = {http://dx.doi.org/10.1016/j.knosys.2019.03.012},
  DOI = {10.1016/j.knosys.2019.03.012},
  journal = {Knowledge-Based Systems},
  publisher = {Elsevier BV},
  author = {Wang,  Yong and Luo,  Xinbin and Ding,  Lu and Fu,  Shan and Wei,  Xian},
  year = {2019},
  month = jul,
  pages = {62–71}
}

@article{Ziegler2024arxiv,
  title   = {Spiking Neural Networks for Fast-Moving Object Detection on Neuromorphic Hardware Devices Using an Event-Based Camera},
  author  = {Andreas Ziegler and Karl Vetter and Thomas Gossard and Jonas Tebbe and Andreas Zell},
  year    = {2024},
  journal = {arXiv preprint arXiv: 2403.10677}
}

@inproceedings{Gossard2024cvprw,
  title = {Table tennis ball spin estimation with an event camera},
  url = {http://dx.doi.org/10.1109/CVPRW63382.2024.00339},
  DOI = {10.1109/cvprw63382.2024.00339},
  booktitle = {2024 IEEE/CVF Conference on Computer Vision and Pattern Recognition Workshops (CVPRW)},
  publisher = {IEEE},
  author = {Gossard,  Thomas and Krismer,  Julian and Ziegler,  Andreas and Tebbe,  Jonas and Zell,  Andreas},
  year = {2024},
  month = jun,
  pages = {3347–3356}
}

@article{Dai2022displa,
  title = {A survey of detection-based video multi-object tracking},
  volume = {75},
  ISSN = {0141-9382},
  url = {http://dx.doi.org/10.1016/j.displa.2022.102317},
  DOI = {10.1016/j.displa.2022.102317},
  journal = {Displays},
  publisher = {Elsevier BV},
  author = {Dai,  Yan and Hu,  Ziyu and Zhang,  Shuqi and Liu,  Lianjun},
  year = {2022},
  month = dec,
  pages = {102317}
}

@article{Luo2021ai,
  title = {Multiple object tracking: A literature review},
  volume = {293},
  ISSN = {0004-3702},
  url = {http://dx.doi.org/10.1016/j.artint.2020.103448},
  DOI = {10.1016/j.artint.2020.103448},
  journal = {Artificial Intelligence},
  publisher = {Elsevier BV},
  author = {Luo,  Wenhan and Xing,  Junliang and Milan,  Anton and Zhang,  Xiaoqin and Liu,  Wei and Kim,  Tae-Kyun},
  year = {2021},
  month = apr,
  pages = {103448}
}

@inproceedings{Soleimanitaleb2019iccke,
  title = {Object Tracking Methods:A Review},
  url = {http://dx.doi.org/10.1109/ICCKE48569.2019.8964761},
  DOI = {10.1109/iccke48569.2019.8964761},
  booktitle = {2019 9th International Conference on Computer and Knowledge Engineering (ICCKE)},
  publisher = {IEEE},
  author = {Soleimanitaleb,  Zahra and Keyvanrad,  Mohammad Ali and Jafari,  Ali},
  year = {2019},
  month = oct 
}

@inproceedings{Delbruck2021cvprw,
  title = {Feedback control of event cameras},
  url = {http://dx.doi.org/10.1109/CVPRW53098.2021.00146},
  DOI = {10.1109/cvprw53098.2021.00146},
  booktitle = {2021 IEEE/CVF Conference on Computer Vision and Pattern Recognition Workshops (CVPRW)},
  publisher = {IEEE},
  author = {Delbruck,  Tobi and Graca,  Rui and Paluch,  Marcin},
  year = {2021},
  month = jun 
}

@article{Shiba2022lsp,
  title = {Fast Event-Based Optical Flow Estimation by Triplet Matching},
  volume = {29},
  ISSN = {1558-2361},
  url = {http://dx.doi.org/10.1109/LSP.2023.3234800},
  DOI = {10.1109/lsp.2023.3234800},
  journal = {IEEE Signal Processing Letters},
  publisher = {Institute of Electrical and Electronics Engineers (IEEE)},
  author = {Shiba,  Shintaro and Aoki,  Yoshimitsu and Gallego,  Guillermo},
  year = {2022},
  pages = {2712–2716}
}

@inbook{Teed2020eccv,
  title = {RAFT: Recurrent All-Pairs Field Transforms for Optical Flow},
  ISBN = {9783030585365},
  ISSN = {1611-3349},
  url = {http://dx.doi.org/10.1007/978-3-030-58536-5_24},
  DOI = {10.1007/978-3-030-58536-5_24},
  booktitle = {Lecture Notes in Computer Science},
  publisher = {Springer International Publishing},
  author = {Teed,  Zachary and Deng,  Jia},
  year = {2020},
  pages = {402–419}
}

@inbook{Ronneberger2015miccai,
  title = {U-Net: Convolutional Networks for Biomedical Image Segmentation},
  ISBN = {9783319245744},
  ISSN = {1611-3349},
  url = {http://dx.doi.org/10.1007/978-3-319-24574-4_28},
  DOI = {10.1007/978-3-319-24574-4_28},
  booktitle = {Medical Image Computing and Computer-Assisted Intervention – MICCAI 2015},
  publisher = {Springer International Publishing},
  author = {Ronneberger,  Olaf and Fischer,  Philipp and Brox,  Thomas},
  year = {2015},
  pages = {234–241}
}

@article{Gehrig2024pami,
  title = {Dense Continuous-Time Optical Flow from Event Cameras},
  ISSN = {1939-3539},
  url = {http://dx.doi.org/10.1109/TPAMI.2024.3361671},
  DOI = {10.1109/tpami.2024.3361671},
  journal = {IEEE Transactions on Pattern Analysis and Machine Intelligence},
  publisher = {Institute of Electrical and Electronics Engineers (IEEE)},
  author = {Gehrig,  Mathias and Muglikar,  Manasi and Scaramuzza,  Davide},
  year = {2024},
  pages = {1–12}
}

@article{Nagata2021sensors,
  title = {Optical Flow Estimation by Matching Time Surface with Event-Based Cameras},
  volume = {21},
  ISSN = {1424-8220},
  url = {http://dx.doi.org/10.3390/s21041150},
  DOI = {10.3390/s21041150},
  number = {4},
  journal = {Sensors},
  publisher = {MDPI AG},
  author = {Nagata,  Jun and Sekikawa,  Yusuke and Aoki,  Yoshimitsu},
  year = {2021},
  month = feb,
  pages = {1150}
}

@inproceedings{Aung2018iscas,
  title = {Event-based Plane-fitting Optical Flow for Dynamic Vision Sensors in FPGA},
  url = {http://dx.doi.org/10.1109/ISCAS.2018.8351588},
  DOI = {10.1109/iscas.2018.8351588},
  booktitle = {2018 IEEE International Symposium on Circuits and Systems (ISCAS)},
  publisher = {IEEE},
  author = {Aung,  Myo Tun and Teo,  Rodney and Orchard,  Garrick},
  year = {2018}
}

@inproceedings{Alzugaray2020bmvc,
  author = {I. {Alzugaray} and M. {Chli}},
  title = {{HASTE:} multi-Hypothesis Asynchronous Speeded-up Tracking of Events},
  booktitle = {31st British Machine Vision Conference 2020, {BMVC} 2020},
  publisher = {{BMVA} Press},
  year = {2020},
  url = {https://www.bmvc2020-conference.com/assets/papers/0744.pdf},
}

@misc{Gava2022arxiv,
  doi = {10.48550/ARXIV.2205.07657},
  url = {https://arxiv.org/abs/2205.07657},
  author = {Gava,  Luna and Monforte,  Marco and Iacono,  Massimiliano and Bartolozzi,  Chiara and Glover,  Arren},
  keywords = {Robotics (cs.RO),  Computer Vision and Pattern Recognition (cs.CV),  FOS: Computer and information sciences,  FOS: Computer and information sciences},
  title = {PUCK: Parallel Surface and Convolution-kernel Tracking for Event-Based Cameras},
  publisher = {arXiv},
  year = {2022},
  copyright = {Creative Commons Attribution 4.0 International}
}

@article{Glover2022pami,
  title = {luvHarris: A Practical Corner Detector for Event-Cameras},
  volume = {44},
  ISSN = {1939-3539},
  url = {http://dx.doi.org/10.1109/TPAMI.2021.3135635},
  DOI = {10.1109/tpami.2021.3135635},
  number = {12},
  journal = {IEEE Transactions on Pattern Analysis and Machine Intelligence},
  publisher = {Institute of Electrical and Electronics Engineers (IEEE)},
  author = {Glover,  Arren and Dinale,  Aiko and Rosa,  Leandro De Souza and Bamford,  Simeon and Bartolozzi,  Chiara},
  year = {2022},
  month = dec,
  pages = {10087–10098}
}

@article{Falanga2020sr,
  title = {Dynamic obstacle avoidance for quadrotors with event cameras},
  volume = {5},
  ISSN = {2470-9476},
  url = {http://dx.doi.org/10.1126/scirobotics.aaz9712},
  DOI = {10.1126/scirobotics.aaz9712},
  number = {40},
  journal = {Science Robotics},
  publisher = {American Association for the Advancement of Science (AAAS)},
  author = {Falanga,  Davide and Kleber,  Kevin and Scaramuzza,  Davide},
  year = {2020},
  month = mar 
}

@inproceedings{Chen2019icmm,
  series = {MM ’19},
  title = {Asynchronous Tracking-by-Detection on Adaptive Time Surfaces for Event-based Object Tracking},
  url = {http://dx.doi.org/10.1145/3343031.3350975},
  DOI = {10.1145/3343031.3350975},
  booktitle = {Proceedings of the 27th ACM International Conference on Multimedia},
  publisher = {ACM},
  author = {Chen,  Haosheng and Wu,  Qiangqiang and Liang,  Yanjie and Gao,  Xinbo and Wang,  Hanzi},
  year = {2019},
  month = oct,
  collection = {MM ’19}
}

@inproceedings{Chamorro2020bmvc,
 author = {Chamorro, William and Andrade-Cetto, Juan and Solà, Joan},
 title = {High Speed Event Camera TRacking},
 booktitle = {British Machine Vision Conference (BMVC)},
 year = {2020}
}

@inproceedings{Blank2015iswc,
  series = {ISWC ’15},
  title = {Sensor-based stroke detection and stroke type classification in table tennis},
  url = {http://dx.doi.org/10.1145/2802083.2802087},
  DOI = {10.1145/2802083.2802087},
  booktitle = {Proceedings of the 2015 ACM International Symposium on Wearable Computers - ISWC ’15},
  publisher = {ACM Press},
  author = {Blank,  Peter and Hoßbach,  Julian and Schuldhaus,  Dominik and Eskofier,  Bjoern M.},
  year = {2015},
  collection = {ISWC ’15}
}

@inproceedings{Blank2017iswc,
  series = {UbiComp ’17},
  title = {Ball speed and spin estimation in table tennis using a racket-mounted inertial sensor},
  url = {http://dx.doi.org/10.1145/3123021.3123040},
  DOI = {10.1145/3123021.3123040},
  booktitle = {Proceedings of the 2017 ACM International Symposium on Wearable Computers},
  publisher = {ACM},
  author = {Blank,  Peter and Groh,  Benjamin H. and Eskofier,  Bjoern M.},
  year = {2017},
  month = sep,
  collection = {UbiComp ’17}
}

@inbook{Gao2021icann,
  title = {Robust Stroke Recognition via Vision and IMU in Robotic Table Tennis},
  ISBN = {9783030863623},
  ISSN = {1611-3349},
  url = {http://dx.doi.org/10.1007/978-3-030-86362-3_31},
  DOI = {10.1007/978-3-030-86362-3_31},
  booktitle = {Artificial Neural Networks and Machine Learning – ICANN 2021},
  publisher = {Springer International Publishing},
  author = {Gao,  Yapeng and Tebbe,  Jonas and Zell,  Andreas},
  year = {2021},
  pages = {379–390}
}

@inproceedings{Kulkarni2021cvpr,
  author = {Kulkarni, Kaustubh Milind and Shenoy, Sucheth},
  title = {Table Tennis Stroke Recognition Using Two-Dimensional Human Pose Estimation},
  booktitle = {Proceedings of the IEEE/CVF Conference on Computer Vision and Pattern Recognition (CVPR) Workshops},
  month = {June},
  year = {2021},
  pages = {4576-4584}
}

@inproceedings{Sato2020ceur,
  author = {Soichiro Sato and Masaki Aono},
  title = {Leveraging Human Pose Estimation Model for Stroke Classification in Table Tennis},
  booktitle = {Working Notes Proceedings of the MediaEval 2020 Workshop, Online, 14-15 December 2020},
  series = {{CEUR} Workshop Proceedings},
  volume = {2882},
  publisher = {CEUR-WS.org},
  year = {2020},
  url = {https://ceur-ws.org/Vol-2882/paper17.pdf}
}

>>>>>>> Stashed changes
@article{Bi1998jons,
  title = {Synaptic Modifications in Cultured Hippocampal Neurons: Dependence on Spike Timing,  Synaptic Strength,  and Postsynaptic Cell Type},
  volume = {18},
  ISSN = {1529-2401},
  url = {http://dx.doi.org/10.1523/JNEUROSCI.18-24-10464.1998},
  DOI = {10.1523/jneurosci.18-24-10464.1998},
  number = {24},
  journal = {The Journal of Neuroscience},
  publisher = {Society for Neuroscience},
  author = {Bi,  Guo-qiang and Poo,  Mu-ming},
  year = {1998},
  month = dec,
  pages = {10464–10472}
}

@article{Diehl2015fncom,
  title = {Unsupervised learning of digit recognition using spike-timing-dependent plasticity},
  volume = {9},
  ISSN = {1662-5188},
  url = {http://dx.doi.org/10.3389/fncom.2015.00099},
  DOI = {10.3389/fncom.2015.00099},
  journal = {Frontiers in Computational Neuroscience},
  publisher = {Frontiers Media SA},
  author = {Diehl,  Peter U. and Cook,  Matthew},
  year = {2015},
  month = aug 
}

@article{Lu2022fnins,
  title = {Linear leaky-integrate-and-fire neuron model based spiking neural networks and its mapping relationship to deep neural networks},
  volume = {16},
  ISSN = {1662-453X},
  url = {http://dx.doi.org/10.3389/fnins.2022.857513},
  DOI = {10.3389/fnins.2022.857513},
  journal = {Frontiers in Neuroscience},
  publisher = {Frontiers Media SA},
  author = {Lu,  Sijia and Xu,  Feng},
  year = {2022},
  month = aug 
}

@inproceedings{Forrai2023icra,
  title = {Event-based Agile Object Catching with a Quadrupedal Robot},
  url = {http://dx.doi.org/10.1109/ICRA48891.2023.10161392},
  DOI = {10.1109/icra48891.2023.10161392},
  booktitle = {2023 IEEE International Conference on Robotics and Automation (ICRA)},
  publisher = {IEEE},
  author = {Forrai,  Benedek and Miki,  Takahiro and Gehrig,  Daniel and Hutter,  Marco and Scaramuzza,  Davide},
  year = {2023},
  month = may 
}

@inproceedings{Mitrokhin2018iros,
  title = {Event-Based Moving Object Detection and Tracking},
  url = {http://dx.doi.org/10.1109/IROS.2018.8593805},
  DOI = {10.1109/iros.2018.8593805},
  booktitle = {2018 IEEE/RSJ International Conference on Intelligent Robots and Systems (IROS)},
  publisher = {IEEE},
  author = {Mitrokhin,  Anton and Fermuller,  Cornelia and Parameshwara,  Chethan and Aloimonos,  Yiannis},
  year = {2018},
  month = oct 
}

@inproceedings{Monforte2020aicas,
  title = {Exploiting Event Cameras for Spatio-Temporal Prediction of Fast-Changing Trajectories},
  url = {http://dx.doi.org/10.1109/AICAS48895.2020.9073855},
  DOI = {10.1109/aicas48895.2020.9073855},
  booktitle = {2020 2nd IEEE International Conference on Artificial Intelligence Circuits and Systems (AICAS)},
  publisher = {IEEE},
  author = {Monforte,  Marco and Arriandiaga,  Ander and Glover,  Arren and Bartolozzi,  Chiara},
  year = {2020},
  month = aug 
}

@inbook{Lemaire2023lncs,
  title = {An Analytical Estimation of Spiking Neural Networks Energy Efficiency},
  ISBN = {9783031301056},
  ISSN = {1611-3349},
  url = {http://dx.doi.org/10.1007/978-3-031-30105-6_48},
  DOI = {10.1007/978-3-031-30105-6_48},
  booktitle = {Lecture Notes in Computer Science},
  publisher = {Springer International Publishing},
  author = {Lemaire,  Edgar and Cordone,  Loïc and Castagnetti,  Andrea and Novac,  Pierre-Emmanuel and Courtois,  Jonathan and Miramond,  Benoît},
  year = {2023},
  pages = {574–587}
}

@book{Patterson2004,
  title     = "Computer organization and design, revised printing, third
               edition",
  author    = "Patterson, David A and Hennessy, John L",
  publisher = "Morgan Kaufmann",
  series    = "The Morgan Kaufmann Series in Computer Architecture and Design",
  edition   =  3,
  month     =  aug,
  year      =  2004,
  address   = "Oxford, England",
  language  = "en"
}

@inproceedings{Vasco2016iros,
  title = {Fast event-based Harris corner detection exploiting the advantages of event-driven cameras},
  url = {http://dx.doi.org/10.1109/IROS.2016.7759610},
  DOI = {10.1109/iros.2016.7759610},
  booktitle = {2016 IEEE/RSJ International Conference on Intelligent Robots and Systems (IROS)},
  publisher = {IEEE},
  author = {Vasco,  Valentina and Glover,  Arren and Bartolozzi,  Chiara},
  year = {2016},
  month = oct 
}

@article{Akopyan2015tcad,
  title = {TrueNorth: Design and Tool Flow of a 65 mW 1 Million Neuron Programmable Neurosynaptic Chip},
  volume = {34},
  ISSN = {1937-4151},
  url = {http://dx.doi.org/10.1109/TCAD.2015.2474396},
  DOI = {10.1109/tcad.2015.2474396},
  number = {10},
  journal = {IEEE Transactions on Computer-Aided Design of Integrated Circuits and Systems},
  publisher = {Institute of Electrical and Electronics Engineers (IEEE)},
  author = {Akopyan,  Filipp and Sawada,  Jun and Cassidy,  Andrew and Alvarez-Icaza,  Rodrigo and Arthur,  John and Merolla,  Paul and Imam,  Nabil and Nakamura,  Yutaka and Datta,  Pallab and Nam,  Gi-Joon and Taba,  Brian and Beakes,  Michael and Brezzo,  Bernard and Kuang,  Jente B. and Manohar,  Rajit and Risk,  William P. and Jackson,  Bryan and Modha,  Dharmendra S.},
  year = {2015},
  month = oct,
  pages = {1537–1557}
}

@article{Davies2018ieem,
  title = {Loihi: A Neuromorphic Manycore Processor with On-Chip Learning},
  volume = {38},
  ISSN = {1937-4143},
  url = {http://dx.doi.org/10.1109/MM.2018.112130359},
  DOI = {10.1109/mm.2018.112130359},
  number = {1},
  journal = {IEEE Micro},
  publisher = {Institute of Electrical and Electronics Engineers (IEEE)},
  author = {Davies,  Mike and Srinivasa,  Narayan and Lin,  Tsung-Han and Chinya,  Gautham and Cao,  Yongqiang and Choday,  Sri Harsha and Dimou,  Georgios and Joshi,  Prasad and Imam,  Nabil and Jain,  Shweta and Liao,  Yuyun and Lin,  Chit-Kwan and Lines,  Andrew and Liu,  Ruokun and Mathaikutty,  Deepak and McCoy,  Steven and Paul,  Arnab and Tse,  Jonathan and Venkataramanan,  Guruguhanathan and Weng,  Yi-Hsin and Wild,  Andreas and Yang,  Yoonseok and Wang,  Hong},
  year = {2018},
  month = jan,
  pages = {82–99}
}

@inproceedings{Blouw2019nice,
  series = {NICE ’19},
  title = {Benchmarking Keyword Spotting Efficiency on Neuromorphic Hardware},
  url = {http://dx.doi.org/10.1145/3320288.3320304},
  DOI = {10.1145/3320288.3320304},
  booktitle = {Proceedings of the 7th Annual Neuro-inspired Computational Elements Workshop},
  publisher = {ACM},
  author = {Blouw,  Peter and Choo,  Xuan and Hunsberger,  Eric and Eliasmith,  Chris},
  year = {2019},
  month = mar,
  collection = {NICE ’19}
}

@inproceedings{Shrestha2018neurips,
 author = {Shrestha, Sumit Bam and Orchard, Garrick},
 booktitle = {Advances in Neural Information Processing Systems},
 editor = {S. Bengio and H. Wallach and H. Larochelle and K. Grauman and N. Cesa-Bianchi and R. Garnett},
 pages = {},
 publisher = {Curran Associates, Inc.},
 title = {SLAYER: Spike Layer Error Reassignment in Time},
 url = {https://proceedings.neurips.cc/paper_files/paper/2018/file/82f2b308c3b01637c607ce05f52a2fed-Paper.pdf},
 volume = {31},
 year = {2018}
}

@misc{Weidel2021arxiv,
  doi = {10.48550/ARXIV.2111.01456},
  url = {https://arxiv.org/abs/2111.01456},
  author = {Weidel,  Philipp and Sheik,  Sadique},
  keywords = {Machine Learning (cs.LG),  Artificial Intelligence (cs.AI),  Neural and Evolutionary Computing (cs.NE),  FOS: Computer and information sciences,  FOS: Computer and information sciences},
  title = {WaveSense: Efficient Temporal Convolutions with Spiking Neural Networks for Keyword Spotting},
  publisher = {arXiv},
  year = {2021},
  copyright = {Creative Commons Attribution Non Commercial No Derivatives 4.0 International}
}

@article{Rueckauer2017fnins,
  title = {Conversion of Continuous-Valued Deep Networks to Efficient Event-Driven Networks for Image Classification},
  volume = {11},
  ISSN = {1662-453X},
  url = {http://dx.doi.org/10.3389/fnins.2017.00682},
  DOI = {10.3389/fnins.2017.00682},
  journal = {Frontiers in Neuroscience},
  publisher = {Frontiers Media SA},
  author = {Rueckauer,  Bodo and Lungu,  Iulia-Alexandra and Hu,  Yuhuang and Pfeiffer,  Michael and Liu,  Shih-Chii},
  year = {2017},
  month = dec 
}

@article{Eshraghian2023ieee,
  title = {Training Spiking Neural Networks Using Lessons From Deep Learning},
  volume = {111},
  ISSN = {1558-2256},
  url = {http://dx.doi.org/10.1109/JPROC.2023.3308088},
  DOI = {10.1109/jproc.2023.3308088},
  number = {9},
  journal = {Proceedings of the IEEE},
  publisher = {Institute of Electrical and Electronics Engineers (IEEE)},
  author = {Eshraghian,  Jason K. and Ward,  Max and Neftci,  Emre O. and Wang,  Xinxin and Lenz,  Gregor and Dwivedi,  Girish and Bennamoun,  Mohammed and Jeong,  Doo Seok and Lu,  Wei D.},
  year = {2023},
  month = sep,
  pages = {1016–1054}
}

@online{Sinnabs,
  author = "SynSense",
  title = "sinabs",
  url  = "https://sinabs.readthedocs.io",
  addendum = "(accessed: 05.01.2024)"
}

@inproceedings{Ziegler2023corlw,
  doi = {10.48550/arXiv.2310.19062},
  url = {https://arxiv.org/abs/2310.19062},
  title={A multi-modal table tennis robot system},
  author={Ziegler, Andreas and Gossard, Thomas and Vetter, Karl and Tebbe, Jonas and Zell, Andreas},
  booktitle = {RoboLetics: Workshop on Robot Learning in Athletics @CoRL 2023},
  journal = {CoRL},
  year = {2023},
}

@article{Neftci2019spm,
  title = {Surrogate Gradient Learning in Spiking Neural Networks: Bringing the Power of Gradient-Based Optimization to Spiking Neural Networks},
  volume = {36},
  ISSN = {1558-0792},
  url = {http://dx.doi.org/10.1109/MSP.2019.2931595},
  DOI = {10.1109/msp.2019.2931595},
  number = {6},
  journal = {IEEE Signal Processing Magazine},
  publisher = {Institute of Electrical and Electronics Engineers (IEEE)},
  author = {Neftci,  Emre O. and Mostafa,  Hesham and Zenke,  Friedemann},
  year = {2019},
  month = nov,
  pages = {51–63}
}

@inproceedings{bu2022iclr,
  title={Optimal {ANN}-{SNN} Conversion for High-accuracy and Ultra-low-latency Spiking Neural Networks},
  author={Tong Bu and Wei Fang and Jianhao Ding and PENGLIN DAI and Zhaofei Yu and Tiejun Huang},
  booktitle={International Conference on Learning Representations},
  year={2022},
  url={https://openreview.net/forum?id=7B3IJMM1k_M}
}

@inproceedings{Diehl2015ijcnn,
  title = {Fast-classifying,  high-accuracy spiking deep networks through weight and threshold balancing},
  url = {http://dx.doi.org/10.1109/IJCNN.2015.7280696},
  DOI = {10.1109/ijcnn.2015.7280696},
  booktitle = {2015 International Joint Conference on Neural Networks (IJCNN)},
  publisher = {IEEE},
  author = {Diehl,  Peter U. and Neil,  Daniel and Binas,  Jonathan and Cook,  Matthew and Liu,  Shih-Chii and Pfeiffer,  Michael},
  year = {2015},
  month = jul 
}

@article{Cao2014ijcv,
  title = {Spiking Deep Convolutional Neural Networks for Energy-Efficient Object Recognition},
  volume = {113},
  ISSN = {1573-1405},
  url = {http://dx.doi.org/10.1007/s11263-014-0788-3},
  DOI = {10.1007/s11263-014-0788-3},
  number = {1},
  journal = {International Journal of Computer Vision},
  publisher = {Springer Science and Business Media LLC},
  author = {Cao,  Yongqiang and Chen,  Yang and Khosla,  Deepak},
  year = {2014},
  month = nov,
  pages = {54–66}
}

@article{Zhang2015tim,
  doi = {10.1109/tim.2014.2385173},
  url = {https://doi.org/10.1109/tim.2014.2385173},
  year = {2015},
  month = aug,
  publisher = {Institute of Electrical and Electronics Engineers ({IEEE})},
  volume = {64},
  number = {8},
  pages = {2280--2290},
  author = {Yifeng Zhang and Rong Xiong and Yongsheng Zhao and Jianguo Wang},
  title = {Real-Time Spin Estimation of Ping-Pong Ball Using Its Natural Brand},
  journal = {{IEEE} Transactions on Instrumentation and Measurement}
}

@inproceedings{Glover2014icra,
  doi = {10.1109/icra.2014.6907460},
  url = {https://doi.org/10.1109/icra.2014.6907460},
  year = {2014},
  month = may,
  publisher = {{IEEE}},
  author = {Jared Glover and Leslie Pack Kaelbling},
  title = {Tracking the spin on a ping pong ball with the quaternion Bingham filter},
  booktitle = {2014 {IEEE} International Conference on Robotics and Automation ({ICRA})}
}

@article{Tamaki2004fcv,
  title={Measuring ball spin by image registration},
  author={Tamaki, Toru and Sugino, Takahiko and Yamamoto, Masanobu},
  journal={Proc. 10th Frontiers of Computer Vision},
  pages={269--274},
  year={2004}
}

@inproceedings{Szep2011cvww,
  title={Measuring ball spin in monocular video},
  author={Szep, Alexander},
  booktitle={Proc. 16th Comput. Vis. Winter Workshop},
  pages={83--89},
  year={2011},
  organization={Citeseer}
}

@inproceedings{Furuno2009iccas,
  author={Sho Furuno and Kazuyuki Kobayashi and Tomoyuki Okubo and Yosuke Kurihara},
  booktitle={2009 ICCAS-SICE},
  title={A study on spin-rate measurement using a uniquely marked moving ball},
  year={2009},
  volume={},
  number={},
  pages={3439-3442},
  doi={}
}

@article{Theobalt2004siggraph,
  doi = {10.1145/1015706.1015758},
  url = {https://doi.org/10.1145/1015706.1015758},
  year = {2004},
  month = aug,
  publisher = {Association for Computing Machinery ({ACM})},
  volume = {23},
  number = {3},
  pages = {540--547},
  author = {Christian Theobalt and Irene Albrecht and J\"{o}rg Haber and Marcus Magnor and Hans-Peter Seidel},
  title = {Pitching a baseball},
  journal = {{ACM} Transactions on Graphics}
}

@inproceedings{Tamaki2012icassp,
  doi = {10.1109/icassp.2012.6288166},
  url = {https://doi.org/10.1109/icassp.2012.6288166},
  year = {2012},
  month = mar,
  publisher = {{IEEE}},
  author = {Toru Tamaki and Haoming Wang and Bisser Raytchev and Kazufumi Kaneda and Yukihiko Ushiyama},
  title = {Estimating the spin of a table tennis ball using Inverse Compositional Image Alignment},
  booktitle = {2012 {IEEE} International Conference on Acoustics,  Speech and Signal Processing ({ICASSP})}
}

@inproceedings{Gossard2023icra,
  title={eWand: A calibration framework for wide baseline frame-based and event-based camera systems},
  url = {https://arxiv.org/pdf/2309.12685.pdf},
  author={Gossard, Thomas and Ziegler, Andreas and Kolmar, Levin and Tebbe, Jonas and Zell, Andreas},
  booktitle = {2024 {International} {Conference} on {Robotics} and {Automation} ({ICRA})},
  publisher = {IEEE},
  year={2024},
}

@inproceedings{Li2012icarcv,
  doi = {10.1109/icarcv.2012.6485142},
  url = {https://doi.org/10.1109/icarcv.2012.6485142},
  year = {2012},
  month = dec,
  publisher = {{IEEE}},
  author = {Hailing Li and Haiyan Wu and Lei Lou and Kolja Kuhnlenz and Ole Ravn},
  title = {Ping-pong robotics with high-speed vision system},
  booktitle = {2012 12th International Conference on Control Automation Robotics \& Vision (ICARCV)}
}

@phdthesis{Tebbe2021Tuebingen,
    title    = {Adaptive robot systems in highly dynamic environments: A table tennis robot},
    school   = {University of Tübingen},
    author   = {Tebbe, Jonas},
    year     = {2021}
}

@inproceedings{Gao2020iros,
  doi = {10.1109/iros45743.2020.9341191},
  url = {https://doi.org/10.1109/iros45743.2020.9341191},
  year = {2020},
  month = oct,
  publisher = {{IEEE}},
  author = {Wenbo Gao and Laura Graesser and Krzysztof Choromanski and Xingyou Song and Nevena Lazic and Pannag Sanketi and Vikas Sindhwani and Navdeep Jaitly},
  title = {Robotic Table Tennis with Model-Free Reinforcement Learning},
  booktitle = {2020 {IEEE}/{RSJ} International Conference on Intelligent Robots and Systems ({IROS})}
}

@article{Lin2020sensors,
  doi = {10.3390/s20020333},
  url = {https://doi.org/10.3390/s20020333},
  year = {2020},
  month = jan,
  publisher = {{MDPI} {AG}},
  volume = {20},
  number = {2},
  pages = {333},
  author = {Hsien-I Lin and Zhangguo Yu and Yi-Chen Huang},
  title = {Ball Tracking and Trajectory Prediction for Table-Tennis Robots},
  journal = {Sensors}
}

@article{Mulling2013ijors,
  doi = {10.1177/0278364912472380},
  url = {https://doi.org/10.1177/0278364912472380},
  year = {2013},
  month = jan,
  publisher = {{SAGE} Publications},
  volume = {32},
  number = {3},
  pages = {263--279},
  author = {Katharina M\"{u}lling and Jens Kober and Oliver Kroemer and Jan Peters},
  title = {Learning to select and generalize striking movements in robot table tennis},
  journal = {The International Journal of Robotics Research}
}

@article{Buchler2022tor,
  doi = {10.1109/tro.2022.3176207},
  url = {https://doi.org/10.1109/tro.2022.3176207},
  year = {2022},
  month = dec,
  publisher = {Institute of Electrical and Electronics Engineers ({IEEE})},
  volume = {38},
  number = {6},
  pages = {3850--3860},
  author = {Dieter Buchler and Simon Guist and Roberto Calandra and Vincent Berenz and Bernhard Scholkopf and Jan Peters},
  title = {Learning to Play Table Tennis From Scratch Using Muscular Robots},
  journal = {{IEEE} Transactions on Robotics}
}

@article{Xiong2012ijoars,
  doi = {10.5772/51924},
  url = {https://doi.org/10.5772/51924},
  year = {2012},
  month = nov,
  publisher = {{SAGE} Publications},
  volume = {9},
  number = {5},
  pages = {178},
  author = {Rong Xiong and Yichao Sun and Qiuguo Zhu and Jun Wu and Jian Chu},
  title = {Impedance Control and its Effects on a Humanoid Robot Playing Table Tennis},
  journal = {International Journal of Advanced Robotic Systems}
}

@inproceedings{Huang2011iros,
  doi = {10.1109/iros.2011.6095044},
  url = {https://doi.org/10.1109/iros.2011.6095044},
  year = {2011},
  month = sep,
  publisher = {{IEEE}},
  author = {Yanlong Huang and De Xu and Min Tan and Hu Su},
  title = {Trajectory prediction of spinning ball for ping-pong player robot},
  booktitle = {2011 {IEEE}/{RSJ} International Conference on Intelligent Robots and Systems}
}

@article{Billingsley1983robot,
  title={Robot ping pong},
  author={Billingsley, John},
  journal={Practical Computing},
  volume={6},
  number={5},
  year={1983},
  publisher={Massachusetts: MIT Press}
}

@inproceedings{DAmbrosio2023rss,
  doi = {10.15607/rss.2023.xix.006},
  url = {https://doi.org/10.15607/rss.2023.xix.006},
  year = {2023},
  month = jul,
  publisher = {Robotics: Science and Systems Foundation},
  author = {David D{\textquotesingle}Ambrosio and Navdeep Jaitly and Vikas Sindhwani and Ken Oslund and Peng Xu and Nevena Lazic and Anish Shankar and Tianli Ding and Jonathan Abelian and Erwin Coumans and Gus Kouretas and Thinh Nguyen and Justin Boyd and Atil Iscen and Reza Mahjourian and Vincent Vanhoucke and Alex Bewley and Yuheng Kuang and Michael Ahn and Deepali Jain and Satoshi Kataoka and Omar Cortes and Pierre Sermanet and Corey Lynch and Pannag Sanketi and Krzysztof Choromanski and Wenbo Gao and Juhana Kangaspunta and Krista Reymann and Grace Vesom and Sherry Moore and Avi Singh and Saminda Abeyruwan and Laura Graesser},
  title = {Robotic Table Tennis: A Case Study into a High Speed Learning System},
  booktitle = {Robotics: Science and Systems {XIX}}
}

@article{Zhang2000pami,
  doi = {10.1109/34.888718},
  url = {https://doi.org/10.1109/34.888718},
  year = {2000},
  publisher = {Institute of Electrical and Electronics Engineers ({IEEE})},
  volume = {22},
  number = {11},
  pages = {1330--1334},
  author = {Z. Zhang},
  title = {A flexible new technique for camera calibration},
  journal = {{IEEE} Transactions on Pattern Analysis and Machine Intelligence}
}

@book{hartley2003,
  author = {Hartley, Richard and Zisserman, Andrew},
  title = {Multiple View Geometry in Computer Vision},
  year = {2003},
  isbn = {0521540518},
  publisher = {Cambridge University Press},
  address = {USA},
  edition = {2},
}

@online{propheseeLed,
  author = {MultiMedia LLC},
  title = {Active Marker 2D Tracking Sample - Metavision SDK Docs 4.3.0 documentation},
  year = 2023,
  url = {https://docs.prophesee.ai/stable/samples/modules/cv/active_marker_2d_tracking_cpp.html},
  urldate = {2023-09-11}
}

@misc{salah2023arxiv,
      title={E-Calib: A Fast, Robust and Accurate Calibration Toolbox for Event Cameras}, 
      author={Mohammed Salah and Abdulla Ayyad and Muhammad Humais and Daniel Gehrig and Abdelqader Abusafieh and Lakmal Seneviratne and Davide Scaramuzza and Yahya Zweiri},
      year={2023},
      eprint={2306.09078},
      archivePrefix={arXiv},
      primaryClass={cs.CV}
}

@mastersthesis{Vetter2023tuebingen,
  author  = "Vetter, Karl",
  title   = "Spiking neural network for event-based ball detection",
  school  = "Univeristy of Tübingen",
  year    = "2023"
}

@incollection{Tebbe2019gcpr,
  doi = {10.1007/978-3-030-12939-2_3},
  url = {https://doi.org/10.1007/978-3-030-12939-2_3},
  year = {2019},
  publisher = {Springer International Publishing},
  pages = {33--45},
  author = {Jonas Tebbe and Yapeng Gao and Marc Sastre-Rienietz and Andreas Zell},
  title = {A Table Tennis Robot System Using an Industrial {KUKA} Robot Arm},
  booktitle = {Lecture Notes in Computer Science}
}

@inproceedings{Gao2019irc,
  doi = {10.1109/irc.2019.00036},
  url = {https://doi.org/10.1109/irc.2019.00036},
  year = {2019},
  month = feb,
  publisher = {{IEEE}},
  author = {Yapeng Gao and Jonas Tebbe and Julian Krismer and Andreas Zell},
  title = {Markerless Racket Pose Detection and Stroke Classification Based on Stereo Vision for Table Tennis Robots},
  booktitle = {2019 Third {IEEE} International Conference on Robotic Computing ({IRC})}
}

@article{Gao2019ijrc,
  doi = {10.35708/rc1868-126249},
  url = {https://doi.org/10.35708/rc1868-126249},
  year = {2019},
  month = sep,
  publisher = {Institute for Semantic Computing Foundation},
  volume = {1},
  number = {1},
  pages = {23--39},
  author = {Yapeng Gao},
  title = {Real-time 6D Racket Pose Estimation and Classification
		for Table Tennis Robots},
  journal = {International Journal of Robotic Computing}
}

@inproceedings{Tebbe2020icra,
  doi = {10.1109/icra40945.2020.9196536},
  url = {https://doi.org/10.1109/icra40945.2020.9196536},
  year = {2020},
  month = may,
  publisher = {{IEEE}},
  author = {Jonas Tebbe and Lukas Klamt and Yapeng Gao and Andreas Zell},
  title = {Spin Detection in Robotic Table Tennis},
  booktitle = {2020 {IEEE} International Conference on Robotics and Automation ({ICRA})}
}

@incollection{Gao2021lntcs,
  doi = {10.1007/978-3-030-86362-3_31},
  url = {https://doi.org/10.1007/978-3-030-86362-3_31},
  year = {2021},
  publisher = {Springer International Publishing},
  pages = {379--390},
  author = {Yapeng Gao and Jonas Tebbe and Andreas Zell},
  title = {Robust Stroke Recognition via Vision and~{IMU} in Robotic Table Tennis},
  booktitle = {Lecture Notes in Computer Science}
}

@article{Tebbe2021icra,
  url = {https://arxiv.org/pdf/2011.03275.pdf},
  title ={Sample-efficient Reinforcement Learning in Robotic Table Tennis},
	booktitle = {2021 {International} {Conference} on {Robotics} and {Automation} ({ICRA})},
	publisher = {IEEE},
  pages = {4171-4178},
  author = {Jonas Tebbe and Lukas Krauch and Yapeng Gao and Andreas Zell},
  month = may,
  year = {2021},
}

@article{Gao2022ai,
  doi = {10.1007/s10489-022-04131-w},
  url = {https://doi.org/10.1007/s10489-022-04131-w},
  year = {2022},
  month = oct,
  publisher = {Springer Science and Business Media {LLC}},
  volume = {53},
  number = {11},
  pages = {13309--13322},
  author = {Yapeng Gao and Jonas Tebbe and Andreas Zell},
  title = {Optimal stroke learning with policy gradient approach for robotic table tennis},
  journal = {Applied Intelligence}
}

@inproceedings{Gao2022ijcnn,
  doi = {10.1109/ijcnn55064.2022.9892776},
  url = {https://doi.org/10.1109/ijcnn55064.2022.9892776},
  year = {2022},
  month = jul,
  publisher = {{IEEE}},
  author = {Yapeng Gao and Jonas Tebbe and Andreas Zell},
  title = {A Model-free Approach to Stroke Learning for Robotic Table Tennis},
  booktitle = {2022 International Joint Conference on Neural Networks ({IJCNN})}
}

@inproceedings{Ziegler2023icra,
  title = {Real-time event simulation with frame-based cameras},
  url = {http://dx.doi.org/10.1109/ICRA48891.2023.10160654},
  DOI = {10.1109/icra48891.2023.10160654},
  booktitle = {2023 IEEE International Conference on Robotics and Automation (ICRA)},
  publisher = {IEEE},
  author = {Ziegler,  Andreas and Teigland,  Daniel and Tebbe,  Jonas and Gossard,  Thomas and Zell,  Andreas},
  year = {2023},
  month = may 
}

@article{Jiang2019fin,
  doi = {10.3389/fnbot.2019.00029},
  url = {https://doi.org/10.3389/fnbot.2019.00029},
  year = {2019},
  month = may,
  publisher = {Frontiers Media {SA}},
  volume = {13},
  author = {Zhuangyi Jiang and Zhenshan Bing and Kai Huang and Alois Knoll},
  title = {Retina-Based Pipe-Like Object Tracking Implemented Through Spiking Neural Network on a Snake Robot},
  journal = {Frontiers in Neurorobotics}
}

@article{Debat2021ficn,
  doi = {10.3389/fncom.2021.658764},
  url = {https://doi.org/10.3389/fncom.2021.658764},
  year = {2021},
  month = may,
  publisher = {Frontiers Media {SA}},
  volume = {15},
  author = {Guillaume Debat and Tushar Chauhan and Benoit R. Cottereau and Timoth{\'{e}}e Masquelier and Michel Paindavoine and Robin Baures},
  title = {Event-Based Trajectory Prediction Using Spiking Neural Networks},
  journal = {Frontiers in Computational Neuroscience}
}

@article{Kim2020aaai,
  doi = {10.1609/aaai.v34i07.6787},
  url = {https://doi.org/10.1609/aaai.v34i07.6787},
  year = {2020},
  month = apr,
  publisher = {Association for the Advancement of Artificial Intelligence ({AAAI})},
  volume = {34},
  number = {07},
  pages = {11270--11277},
  author = {Seijoon Kim and Seongsik Park and Byunggook Na and Sungroh Yoon},
  title = {Spiking-{YOLO}: Spiking Neural Network for Energy-Efficient Object Detection},
  journal = {Proceedings of the {AAAI} Conference on Artificial Intelligence}
}

@InProceedings{Redmon2016cvpr,
  author = {Redmon, Joseph and Divvala, Santosh and Girshick, Ross and Farhadi, Ali},
  title = {You Only Look Once: Unified, Real-Time Object Detection},
  booktitle = {Proceedings of the IEEE Conference on Computer Vision and Pattern Recognition (CVPR)},
  month = {June},
  year = {2016}
}

@article{Masquelier2008plos,
  doi = {10.1371/journal.pone.0001377},
  url = {https://doi.org/10.1371/journal.pone.0001377},
  year = {2008},
  month = jan,
  publisher = {Public Library of Science ({PLoS})},
  volume = {3},
  number = {1},
  pages = {e1377},
  author = {Timoth{\'{e}}e Masquelier and Rudy Guyonneau and Simon J. Thorpe},
  editor = {Olaf Sporns},
  title = {Spike Timing Dependent Plasticity Finds the Start of Repeating Patterns in Continuous Spike Trains},
  journal = {{PLoS} {ONE}}
}

@book{Gerstner2002snn,
  doi = {10.1017/cbo9780511815706},
  url = {https://doi.org/10.1017/cbo9780511815706},
  year = {2002},
  month = aug,
  publisher = {Cambridge University Press},
  author = {Wulfram Gerstner and Werner M. Kistler},
  title = {Spiking Neuron Models}
}

@article{Brunel2007bc,
  doi = {10.1007/s00422-007-0190-0},
  url = {https://doi.org/10.1007/s00422-007-0190-0},
  year = {2007},
  month = oct,
  publisher = {Springer Science and Business Media {LLC}},
  volume = {97},
  number = {5-6},
  pages = {337--339},
  author = {Nicolas Brunel and Mark C. W. van Rossum},
  title = {Lapicque's 1907 paper: from frogs to integrate-and-fire},
  journal = {Biological Cybernetics}
}

@article{Lichtsteiner2008jssc,
  doi = {10.1109/jssc.2007.914337},
  url = {https://doi.org/10.1109/jssc.2007.914337},
  year = {2008},
  publisher = {Institute of Electrical and Electronics Engineers ({IEEE})},
  volume = {43},
  number = {2},
  pages = {566--576},
  author = {Patrick Lichtsteiner and Christoph Posch and Tobi Delbruck},
  title = {A 128x128 120 {dB} 15 us Latency Asynchronous Temporal Contrast Vision Sensor},
  journal = {{IEEE} Journal of Solid-State Circuits}
}

@inproceedings{Sturm2001cvpr,
  doi = {10.1109/cvpr.2001.990940},
  url = {https://doi.org/10.1109/cvpr.2001.990940},
  publisher = {{IEEE} Comput. Soc},
  author = {P. Sturm},
  year = {2001},
  title = {On focal length calibration from two views},
  booktitle = {Proceedings of the 2001 {IEEE} Computer Society Conference on Computer Vision and Pattern Recognition. {CVPR} 2001}
}
@inproceedings{Bougnoux1998iccv,
  doi = {10.1109/iccv.1998.710808},
  url = {https://doi.org/10.1109/iccv.1998.710808},
  publisher = {Narosa Publishing House},
  author = {S. Bougnoux},
  year = {1998},
  title = {From projective to Euclidean space under any practical situation,  a criticism of self-calibration},
  booktitle = {Sixth International Conference on Computer Vision ({IEEE} Cat. No.98CH36271)}
}

@inproceedings{Hartley2001,
  title={Extraction of Focal Lengths from the Fundamental Matrix},
  author={Richard I. Hartley},
  year={2001}
}

@book{Hartley2004cambridge,
  doi = {10.1017/cbo9780511811685},
  url = {https://doi.org/10.1017/cbo9780511811685},
  year = {2004},
  month = mar,
  publisher = {Cambridge University Press},
  author = {Richard Hartley and Andrew Zisserman},
  title = {Multiple View Geometry in Computer Vision}
}

@mastersthesis{Ahmeti2022tuebingen,
  author  = "Ahmeti, Genc",
  title   = "Deep-learning based table tennis ball tracking with an event camera",
  school  = "Univeristy of Tübingen",
  year    = "2022"
}

@mastersthesis{Zimmermann2021tuebingen,
  author  = "Zimmerman, Leander",
  title   = "Real-Time Ball Tracking via CNN for Table Tennis Robots",
  school  = "Univeristy of Tübingen",
  year    = "2021"
}

@phdthesis{Gao2021tuebingen,
  author  = "Gao, Yapeng",
  title   = "Sensor Fusion and Stroke Learning in Robotic Table Tennis",
  school  = "Univeristy of Tübingen",
  year    = "2021"
}

@misc{Pfrommer2022arxiv,
  doi = {10.48550/ARXIV.2211.00198},
  url = {https://arxiv.org/abs/2211.00198},
  author = {Pfrommer, Bernd},
  keywords = {Computer Vision and Pattern Recognition (cs.CV), Neural and Evolutionary Computing (cs.NE), FOS: Computer and information sciences, FOS: Computer and information sciences, I.4.0},
  title = {Frequency Cam: Imaging Periodic Signals in Real-Time},
  publisher = {arXiv},
  year = {2022},
  copyright = {Creative Commons Attribution 4.0 International}
}

@inproceedings{Gossard2023iros,
  title = {SpinDOE: A Ball Spin Estimation Method for Table Tennis Robot},
  url = {http://dx.doi.org/10.1109/IROS55552.2023.10342178},
  DOI = {10.1109/iros55552.2023.10342178},
  booktitle = {2023 IEEE/RSJ International Conference on Intelligent Robots and Systems (IROS)},
  publisher = {IEEE},
  author = {Gossard,  Thomas and Tebbe,  Jonas and Ziegler,  Andreas and Zell,  Andreas},
  year = {2023},
  month = oct 
}

@article{Zhou2023tnnls,
  title = {Event-Based Motion Segmentation With Spatio-Temporal Graph Cuts},
  volume = {34},
  ISSN = {2162-2388},
  url = {http://dx.doi.org/10.1109/TNNLS.2021.3124580},
  DOI = {10.1109/tnnls.2021.3124580},
  number = {8},
  journal = {IEEE Transactions on Neural Networks and Learning Systems},
  publisher = {Institute of Electrical and Electronics Engineers (IEEE)},
  author = {Zhou,  Yi and Gallego,  Guillermo and Lu,  Xiuyuan and Liu,  Siqi and Shen,  Shaojie},
  year = {2023},
  month = aug,
  pages = {4868–4880}
}

@inproceedings{Stoffregen2019iccv,
  doi = {10.1109/iccv.2019.00734},
  url = {https://doi.org/10.1109/iccv.2019.00734},
  year = {2019},
  month = oct,
  publisher = {{IEEE}},
  author = {Timo Stoffregen and Guillermo Gallego and Tom Drummond and Lindsay Kleeman and Davide Scaramuzza},
  title = {Event-Based Motion Segmentation by Motion Compensation},
  booktitle = {2019 {IEEE}/{CVF} International Conference on Computer Vision ({ICCV})}
}

@inproceedings{Lu2021iros,
  doi = {10.1109/iros51168.2021.9636307},
  url = {https://doi.org/10.1109/iros51168.2021.9636307},
  year = {2021},
  month = sep,
  publisher = {{IEEE}},
  author = {Xiuyuan Lu and Yi Zhou and Shaojie Shen},
  title = {Event-based Motion Segmentation by Cascaded Two-Level Multi-Model Fitting},
  booktitle = {2021 {IEEE}/{RSJ} International Conference on Intelligent Robots and Systems ({IROS})}
}

@inproceedings{Gallego2019cvpr,
  doi = {10.1109/cvpr.2019.01256},
  url = {https://doi.org/10.1109/cvpr.2019.01256},
  year = {2019},
  month = jun,
  publisher = {{IEEE}},
  author = {Guillermo Gallego and Mathias Gehrig and Davide Scaramuzza},
  title = {Focus Is All You Need: Loss Functions for Event-Based Vision},
  booktitle = {2019 {IEEE}/{CVF} Conference on Computer Vision and Pattern Recognition ({CVPR})}
}

@misc{Durvasula2023arxiv,
  doi = {10.48550/ARXIV.2303.04670},
  url = {https://arxiv.org/abs/2303.04670},
  author = {Durvasula, Sankeerth and Guan, Yushi and Vijaykumar, Nandita},
  keywords = {Robotics (cs.RO), Computer Vision and Pattern Recognition (cs.CV), FOS: Computer and information sciences, FOS: Computer and information sciences},
  title = {EvConv: Fast CNN Inference on Event Camera Inputs For High-Speed Robot Perception},
  publisher = {arXiv},
  year = {2023},
  copyright = {Creative Commons Attribution 4.0 International}
}

@misc{Gehrig2022arxiv,
  doi = {10.48550/ARXIV.2211.12324},
  url = {https://arxiv.org/abs/2211.12324},
  author = {Gehrig, Daniel and Scaramuzza, Davide},
  keywords = {Computer Vision and Pattern Recognition (cs.CV), FOS: Computer and information sciences, FOS: Computer and information sciences},
  title = {Pushing the Limits of Asynchronous Graph-based Object Detection with Event Cameras},
  publisher = {arXiv},
  year = {2022},
  copyright = {arXiv.org perpetual, non-exclusive license}
}

@inproceedings{Schaefer2022cvpr,
  doi = {10.1109/cvpr52688.2022.01205},
  url = {https://doi.org/10.1109/cvpr52688.2022.01205},
  year = {2022},
  month = jun,
  publisher = {{IEEE}},
  author = {Simon Schaefer and Daniel Gehrig and Davide Scaramuzza},
  title = {{AEGNN}: Asynchronous Event-based Graph Neural Networks},
  booktitle = {2022 {IEEE}/{CVF} Conference on Computer Vision and Pattern Recognition ({CVPR})}
}

@inproceedings{Mitrokhin2020cvpr,
  doi = {10.1109/cvpr42600.2020.01442},
  url = {https://doi.org/10.1109/cvpr42600.2020.01442},
  year = {2020},
  month = jun,
  publisher = {{IEEE}},
  author = {Anton Mitrokhin and Zhiyuan Hua and Cornelia Fermuller and Yiannis Aloimonos},
  title = {Learning Visual Motion Segmentation Using Event Surfaces},
  booktitle = {2020 {IEEE}/{CVF} Conference on Computer Vision and Pattern Recognition ({CVPR})}
}

@inproceedings{Deng2022cvpr,
  doi = {10.1109/cvpr52688.2022.00124},
  url = {https://doi.org/10.1109/cvpr52688.2022.00124},
  year = {2022},
  month = jun,
  publisher = {{IEEE}},
  author = {Yongjian Deng and Hao Chen and Hai Liu and Youfu Li},
  title = {A Voxel Graph {CNN} for Object Classification with Event Cameras},
  booktitle = {2022 {IEEE}/{CVF} Conference on Computer Vision and Pattern Recognition ({CVPR})}
}

@inproceedings{Li2021iccv,
  doi = {10.1109/iccv48922.2021.00097},
  url = {https://doi.org/10.1109/iccv48922.2021.00097},
  year = {2021},
  month = oct,
  publisher = {{IEEE}},
  author = {Yijin Li and Han Zhou and Bangbang Yang and Ye Zhang and Zhaopeng Cui and Hujun Bao and Guofeng Zhang},
  title = {Graph-based Asynchronous Event Processing for Rapid Object Recognition},
  booktitle = {2021 {IEEE}/{CVF} International Conference on Computer Vision ({ICCV})}
}

@incollection{Messikommer2020eccv,
  doi = {10.1007/978-3-030-58598-3_25},
  url = {https://doi.org/10.1007/978-3-030-58598-3_25},
  year = {2020},
  publisher = {Springer International Publishing},
  pages = {415--431},
  author = {Nico Messikommer and Daniel Gehrig and Antonio Loquercio and Davide Scaramuzza},
  title = {Event-Based Asynchronous Sparse Convolutional Networks},
  booktitle = {Computer Vision {\textendash} {ECCV} 2020}
}

@inproceedings{Li2017bmcv,
  doi = {10.5244/c.31.40},
  url = {https://doi.org/10.5244/c.31.40},
  year = {2017},
  publisher = {British Machine Vision Association},
  author = {Jia Li and Feng Shi and Weiheng Liu and Dongqing Zou and Qiang Wang and Paul-K.J. Park and Hyunsurk Eric Ryu},
  title = {Adaptive Temporal Pooling for Object Detection using Dynamic Vision Sensor},
  booktitle = {Procedings of the British Machine Vision Conference 2017}
}

@inproceedings{Li2017,
  doi = {10.5244/c.31.40},
  url = {https://doi.org/10.5244/c.31.40},
  year = {2017},
  publisher = {British Machine Vision Association},
  author = {Jia Li and Feng Shi and Weiheng Liu and Dongqing Zou and Qiang Wang and Paul-K.J. Park and Hyunsurk Eric Ryu},
  title = {Adaptive Temporal Pooling for Object Detection using Dynamic Vision Sensor},
  booktitle = {Procedings of the British Machine Vision Conference 2017}
}
@inproceedings{Cannici2019cvprw,
  doi = {10.1109/cvprw.2019.00209},
  url = {https://doi.org/10.1109/cvprw.2019.00209},
  year = {2019},
  month = jun,
  publisher = {{IEEE}},
  author = {Marco Cannici and Marco Ciccone and Andrea Romanoni and Matteo Matteucci},
  title = {Asynchronous Convolutional Networks for Object Detection in Neuromorphic Cameras},
  booktitle = {2019 {IEEE}/{CVF} Conference on Computer Vision and Pattern Recognition Workshops ({CVPRW})}
}

@inproceedings{Mondal2021iccvw,
  doi = {10.1109/iccvw54120.2021.00103},
  url = {https://doi.org/10.1109/iccvw54120.2021.00103},
  year = {2021},
  month = oct,
  publisher = {{IEEE}},
  author = {Anindya Mondal and Shashant R and Jhony H. Giraldo and Thierry Bouwmans and Ananda S. Chowdhury},
  title = {Moving Object Detection for Event-based Vision using Graph Spectral Clustering},
  booktitle = {2021 {IEEE}/{CVF} International Conference on Computer Vision Workshops ({ICCVW})}
}

@inproceedings{Mondal2021upcon,
  doi = {10.1109/upcon52273.2021.9667636},
  url = {https://doi.org/10.1109/upcon52273.2021.9667636},
  year = {2021},
  month = nov,
  publisher = {{IEEE}},
  author = {Anindya Mondal and Mayukhmali Das},
  title = {Moving Object Detection for Event-based Vision using k-means Clustering},
  booktitle = {2021 {IEEE} 8th Uttar Pradesh Section International Conference on Electrical,  Electronics and Computer Engineering ({UPCON})}
}

@inproceedings{Ester1996aaai,
  author = {Ester, Martin and Kriegel, Hans-Peter and Sander, J\"{o}rg and Xu, Xiaowei},
  title = {A Density-Based Algorithm for Discovering Clusters in Large Spatial Databases with Noise},
  year = {1996},
  publisher = {AAAI Press},
  booktitle = {Proceedings of the Second International Conference on Knowledge Discovery and Data Mining},
  pages = {226–231},
  numpages = {6},
  keywords = {clustering algorithms, handling nlj4-275oise, arbitrary shape of clusters, efficiency on large spatial databases},
  location = {Portland, Oregon},
  series = {KDD'96}
}

@inproceedings{Glover2016iros,
  doi = {10.1109/iros.2016.7759345},
  url = {https://doi.org/10.1109/iros.2016.7759345},
  year = {2016},
  month = oct,
  publisher = {{IEEE}},
  author = {Arren Glover and Chiara Bartolozzi},
  title = {Event-driven ball detection and gaze fixation in clutter},
  booktitle = {2016 {IEEE}/{RSJ} International Conference on Intelligent Robots and Systems ({IROS})}
}

@inproceedings{Glover2017iros,
  doi = {10.1109/iros.2017.8206226},
  url = {http://dx.doi.org/10.1109/iros.2017.8206226},
  year = {2017},
  month = sep,
  publisher = {{IEEE}},
  author = {Glover,  Arren and Bartolozzi,  Chiara},
  title = {Robust visual tracking with a freely-moving event camera},
  booktitle = {2017 IEEE/RSJ International Conference on Intelligent Robots and Systems (IROS)}
}

@article{GomezGonzalez2019robotics,
  doi = {10.3390/robotics8040090},
  url = {https://doi.org/10.3390/robotics8040090},
  year = {2019},
  month = oct,
  publisher = {{MDPI} {AG}},
  volume = {8},
  number = {4},
  pages = {90},
  author = {Sebastian Gomez-Gonzalez and Yassine Nemmour and Bernhard Sch\"{o}lkopf and Jan Peters},
  title = {Reliable Real-Time Ball Tracking for Robot Table Tennis},
  journal = {Robotics}
}

@inproceedings{Ji2021iros,
  title = {Model-Based Trajectory Prediction and Hitting Velocity Control for a New Table Tennis Robot},
  url = {http://dx.doi.org/10.1109/IROS51168.2021.9636000},
  DOI = {10.1109/iros51168.2021.9636000},
  booktitle = {2021 IEEE/RSJ International Conference on Intelligent Robots and Systems (IROS)},
  publisher = {IEEE},
  author = {Ji,  Yunfeng and Hu,  Xiaoyi and Chen,  Yutao and Mao,  Yue and Wang,  Gang and Li,  Qingdu and Zhang,  Jianwei},
  year = {2021},
  month = sep 
}

@inproceedings{Ding2022iros,
  doi = {10.1109/iros47612.2022.9982205},
  url = {https://doi.org/10.1109/iros47612.2022.9982205},
  year = {2022},
  month = oct,
  publisher = {{IEEE}},
  author = {Tianli Ding and Laura Graesser and Saminda Abeyruwan and David B. D{\textquotesingle}Ambrosio and Anish Shankar and Pierre Sermanet and Pannag R. Sanketi and Corey Lynch},
  title = {Learning High Speed Precision Table Tennis on a Physical Robot},
  booktitle = {2022 {IEEE}/{RSJ} International Conference on Intelligent Robots and Systems ({IROS})}
}

@inproceedings{Liu2014icma,
  doi = {10.1109/icma.2014.6885774},
  url = {https://doi.org/10.1109/icma.2014.6885774},
  year = {2014},
  month = aug,
  publisher = {{IEEE}},
  author = {Jianran Liu and Zaojun Fang and Kun Zhang and Min Tan},
  title = {Improved high-speed vision system for table tennis robot},
  booktitle = {2014 {IEEE} International Conference on Mechatronics and Automation}
}

@software{Agarwal_Ceres_Solver_2022,
  author = {Agarwal, Sameer and Mierle, Keir and The Ceres Solver Team},
  title = {{Ceres Solver}},
  license = {Apache-2.0},
  url = {https://github.com/ceres-solver/ceres-solver},
  version = {2.1},
  year = {2022},
  month = {3}
}

@article{Bradski2008djst,
    author = {Bradski, G.},
    citeulike-article-id = {2236121},
    journal = {Dr. Dobb's Journal of Software Tools},
    keywords = {bibtex-import},
    posted-at = {2008-01-15 19:21:54},
    priority = {4},
    title = {{The OpenCV Library}},
    year = {2000}
}

@article{Shin2012ijpem,
  doi = {10.1007/s12541-012-0035-1},
  url = {https://doi.org/10.1007/s12541-012-0035-1},
  year = {2012},
  month = feb,
  publisher = {Springer Science and Business Media {LLC}},
  volume = {13},
  number = {2},
  pages = {283--289},
  author = {Ki-Young Shin and Joung Hwan Mun},
  title = {A multi-camera calibration method using a 3-axis frame and wand},
  journal = {International Journal of Precision Engineering and Manufacturing}
}

@article{mitchelson2003surrey,
  title={Wand-based multiple camera studio calibration},
  author={Mitchelson, Joel and Hilton, Adrian},
  journal={Center Vision, Speech and Signal Process},
  year={2003},
  publisher={Univ. Surrey}
}

@misc{tangram_calibration,
  author = {Tangram},
  title = {TVCal: Deploy Multi-Sensor Calibration},
  howpublished = {\url{https://www.tangramvision.com/sdk/multimodal-calibration}},
  year = {2023}
}

@misc{vlo_calibration,
  author = {VLOGroup},
  title = {Calibration toolbox by vlo group},
  howpublished = {\url{https://github.com/VLOGroup/dvs-calibration}},
  year = {2017}
}

@inproceedings{Mueggler2014iros,
  doi = {10.1109/iros.2014.6942940},
  url = {https://doi.org/10.1109/iros.2014.6942940},
  year = {2014},
  month = sep,
  publisher = {{IEEE}},
  author = {Elias Mueggler and Basil Huber and Davide Scaramuzza},
  title = {Event-based,  6-{DOF} pose tracking for high-speed maneuvers},
  booktitle = {2014 {IEEE}/{RSJ} International Conference on Intelligent Robots and Systems}
}

@misc{rpg_calibration,
  author = {Robotics and Perception group},
  title = {Calibration toolbox by rpg group},
  howpublished = {\url{https://github. com/uzh-rpg/rpg_dvs_ros/tree/master/dvs_ calibration}},
  year = {2014}
}

@misc{metavision_calibration,
  author = {Prophesee},
  title = {Calibration toolbox by Prophesee},
  howpublished={\url{https://docs.prophesee.ai/metavision_sdk/modules/calibration/guides/intrinsics.html}},
  year = {2022}
}

@article{DominguezMorales2019ieee,
  doi = {10.1109/access.2019.2943160},
  url = {https://doi.org/10.1109/access.2019.2943160},
  year = {2019},
  publisher = {Institute of Electrical and Electronics Engineers ({IEEE})},
  volume = {7},
  pages = {138415--138425},
  author = {Manuel J. Dominguez-Morales and Angel Jimenez-Fernandez and Gabriel Jimenez-Moreno and Cristina Conde and Enrique Cabello and Alejandro Linares-Barranco},
  title = {Bio-Inspired Stereo Vision Calibration for Dynamic Vision Sensors},
  journal = {{IEEE} Access}
}

@inproceedings{Scheerlinck2020wacv,
  title = {Fast Image Reconstruction with an Event Camera},
  url = {http://dx.doi.org/10.1109/WACV45572.2020.9093366},
  DOI = {10.1109/wacv45572.2020.9093366},
  booktitle = {2020 IEEE Winter Conference on Applications of Computer Vision (WACV)},
  publisher = {IEEE},
  author = {Scheerlinck,  Cedric and Rebecq,  Henri and Gehrig,  Daniel and Barnes,  Nick and Mahony,  Robert E. and Scaramuzza,  Davide},
  year = {2020},
  month = mar 
}

@article{Rebecq2019pami,
  author        = {Henri Rebecq and Ren{\'{e}} Ranftl and Vladlen Koltun and Davide Scaramuzza},
  title         = {High Speed and High Dynamic Range Video with an Event Camera},
  journal       = {{IEEE} Trans. Pattern Anal. Mach. Intell. (T-PAMI)},
  url           = {http://rpg.ifi.uzh.ch/docs/TPAMI19_Rebecq.pdf},
  year          = 2019
}

@inproceedings{HidalgoCarrio2022cvpr,
  doi = {10.1109/cvpr52688.2022.00569},
  url = {https://doi.org/10.1109/cvpr52688.2022.00569},
  year = {2022},
  month = jun,
  publisher = {{IEEE}},
  author = {Javier Hidalgo-Carrio and Guillermo Gallego and Davide Scaramuzza},
  title = {Event-aided Direct Sparse Odometry},
  booktitle = {2022 {IEEE}/{CVF} Conference on Computer Vision and Pattern Recognition ({CVPR})}
}

@incollection{Zhou2018eccv,
  doi = {10.1007/978-3-030-01246-5_15},
  url = {https://doi.org/10.1007/978-3-030-01246-5_15},
  year = {2018},
  publisher = {Springer International Publishing},
  pages = {242--258},
  author = {Yi Zhou and Guillermo Gallego and Henri Rebecq and Laurent Kneip and Hongdong Li and Davide Scaramuzza},
  title = {Semi-dense 3D Reconstruction with a Stereo Event Camera},
  booktitle = {Computer Vision {\textendash} {ECCV} 2018}
}

@inproceedings{Rehder2016icra,
  doi = {10.1109/icra.2016.7487628},
  url = {https://doi.org/10.1109/icra.2016.7487628},
  year = {2016},
  month = may,
  publisher = {{IEEE}},
  author = {Joern Rehder and Janosch Nikolic and Thomas Schneider and Timo Hinzmann and Roland Siegwart},
  title = {Extending kalibr: Calibrating the extrinsics of multiple {IMUs} and of individual axes},
  booktitle = {2016 {IEEE} International Conference on Robotics and Automation ({ICRA})}
}

@inproceedings{ZhengyouZhang1999iccv,
  doi = {10.1109/iccv.1999.791289},
  url = {https://doi.org/10.1109/iccv.1999.791289},
  year = {1999},
  publisher = {{IEEE}},
  author = {Zhengyou Zhang},
  title = {Flexible camera calibration by viewing a plane from unknown orientations},
  booktitle = {Proceedings of the Seventh {IEEE} International Conference on Computer Vision}
}

@article{Clarke1998tpr,
  doi = {10.1111/0031-868x.00113},
  url = {https://doi.org/10.1111/0031-868x.00113},
  year = {1998},
  month = apr,
  publisher = {Wiley},
  volume = {16},
  number = {91},
  pages = {51--66},
  author = {T. A. Clarke and J. G. Fryer},
  title = {The Development of Camera Calibration Methods and Models},
  journal = {The Photogrammetric Record}
}

@inproceedings{Vitale2021icra,
  doi = {10.1109/icra48506.2021.9560881},
  url = {https://doi.org/10.1109/icra48506.2021.9560881},
  year = {2021},
  month = may,
  publisher = {{IEEE}},
  author = {Antonio Vitale and Alpha Renner and Celine Nauer and Davide Scaramuzza and Yulia Sandamirskaya},
  title = {Event-driven Vision and Control for {UAVs} on a Neuromorphic Chip},
  booktitle = {2021 {IEEE} International Conference on Robotics and Automation ({ICRA})}
}

@inproceedings{Dimitrova2020icra,
 author = {Rika Sugimoto Dimitrova and Mathias Gehrig and Dario Brescianini and Davide Scaramuzza},
 booktitle = {IEEE International Conference on Robotics and Automation (ICRA)},
 doi = {10.1109/icra40945.2020.9197530},
 month = {May},
 publisher = {IEEE},
 title = {Towards Low-Latency High-Bandwidth Control of Quadrotors using Event Cameras},
 url = {https://doi.org/10.1109/icra40945.2020.9197530},
 year = {2020}
}

@inbook{Stoffregen2020eccv,
  title = {Reducing the Sim-to-Real Gap for Event Cameras},
  ISBN = {9783030585839},
  ISSN = {1611-3349},
  url = {http://dx.doi.org/10.1007/978-3-030-58583-9_32},
  DOI = {10.1007/978-3-030-58583-9_32},
  booktitle = {Lecture Notes in Computer Science},
  publisher = {Springer International Publishing},
  author = {Stoffregen,  Timo and Scheerlinck,  Cedric and Scaramuzza,  Davide and Drummond,  Tom and Barnes,  Nick and Kleeman,  Lindsay and Mahony,  Robert},
  year = {2020},
  pages = {534–549}
}

@inproceedings{Muglikar2021cvprw,
  doi = {10.1109/cvprw53098.2021.00155},
  url = {https://doi.org/10.1109/cvprw53098.2021.00155},
  year = {2021},
  month = jun,
  publisher = {{IEEE}},
  author = {Manasi Muglikar and Mathias Gehrig and Daniel Gehrig and Davide Scaramuzza},
  title = {How to Calibrate Your Event Camera},
  booktitle = {2021 {IEEE}/{CVF} Conference on Computer Vision and Pattern Recognition Workshops ({CVPRW})}
}

@inproceedings{Huang2021iros,
  title={Dynamic Event Camera Calibration},
  author={Huang, Kun and Wang, Yifu and Kneip, Laurent},
  booktitle={2021 IEEE/RSJ International Conference on Intelligent Robots and Systems (IROS)},
  pages={7021--7028},
  year={2021},
  organization={IEEE}
}

@inproceedings{Finateu20isscc,
  doi = {10.1109/isscc19947.2020.9063149},
  url = {https://doi.org/10.1109/isscc19947.2020.9063149},
  year = {2020},
  month = feb,
  publisher = {{IEEE}},
  author = {Thomas Finateu and Atsumi Niwa and Daniel Matolin and Koya Tsuchimoto and Andrea Mascheroni and Etienne Reynaud and Pooria Mostafalu and Frederick Brady and Ludovic Chotard and Florian LeGoff and Hirotsugu Takahashi and Hayato Wakabayashi and Yusuke Oike and Christoph Posch},
  title = {5.10 A 1280{\texttimes}720 Back-Illuminated Stacked Temporal Contrast Event-Based Vision Sensor with 4.86$\mathrm{\mu}$m Pixels,  1.066GEPS Readout,  Programmable Event-Rate Controller and Compressive Data-Formatting Pipeline},
  booktitle = {2020 {IEEE} International Solid- State Circuits Conference - ({ISSCC})}
}

@article{Gehrig21ral,
  doi = {10.1109/lra.2021.3068942},
  url = {https://doi.org/10.1109/lra.2021.3068942},
  year = {2021},
  month = jul,
  publisher = {Institute of Electrical and Electronics Engineers ({IEEE})},
  volume = {6},
  number = {3},
  pages = {4947--4954},
  author = {Mathias Gehrig and Willem Aarents and Daniel Gehrig and Davide Scaramuzza},
  title = {{DSEC}: A Stereo Event Camera Dataset for Driving Scenarios},
  journal = {{IEEE} Robotics and Automation Letters}
}

@incollection{Kroeger16eccv,
  doi = {10.1007/978-3-319-46493-0_29},
  url = {https://doi.org/10.1007/978-3-319-46493-0_29},
  year = {2016},
  publisher = {Springer International Publishing},
  pages = {471--488},
  author = {Till Kroeger and Radu Timofte and Dengxin Dai and Luc Van Gool},
  title = {Fast Optical Flow Using Dense Inverse Search},
  booktitle = {Computer Vision {\textendash} {ECCV} 2016}
}

@incollection{Farnebck03scia,
  doi = {10.1007/3-540-45103-x_50},
  url = {https://doi.org/10.1007/3-540-45103-x_50},
  year = {2003},
  publisher = {Springer Berlin Heidelberg},
  pages = {363--370},
  author = {Gunnar Farneb\"{a}ck},
  title = {Two-Frame Motion Estimation Based on Polynomial Expansion},
  booktitle = {Image Analysis}
}

@workshop{Kanade1981iuw,
  author = {Bruce D. Lucas and Takeo Kanade},
  title = {An Iterative Image Registration Technique with an Application to Stereo Vision (DARPA)},
  booktitle = {Proceedings of DARPA Image Understanding Workshop (IUW '81)},
  year = {1981},
  month = {April},
  pages = {121 - 130}
}

@misc{Zhu19arxiv,
  doi = {10.48550/ARXIV.1912.01584},
  url = {https://arxiv.org/abs/1912.01584},
  author = {Zhu,  Alex Zihao and Wang,  Ziyun and Khant,  Kaung and Daniilidis,  Kostas},
  keywords = {Computer Vision and Pattern Recognition (cs.CV),  FOS: Computer and information sciences,  FOS: Computer and information sciences},
  title = {EventGAN: Leveraging Large Scale Image Datasets for Event Cameras},
  publisher = {arXiv},
  year = {2019},
  copyright = {arXiv.org perpetual,  non-exclusive license}
}

@article{Joubert21fnins,
  doi = {10.3389/fnins.2021.702765},
  url = {https://doi.org/10.3389/fnins.2021.702765},
  year = {2021},
  month = jul,
  publisher = {Frontiers Media {SA}},
  volume = {15},
  author = {Damien Joubert and Alexandre Marcireau and Nic Ralph and Andrew Jolley and Andr{\'{e}} van Schaik and Gregory Cohen},
  title = {Event Camera Simulator Improvements via Characterized Parameters},
  journal = {Frontiers in Neuroscience}
}

@misc{Radomski21arxiv,
  doi = {10.48550/ARXIV.2112.09379},
  url = {https://arxiv.org/abs/2112.09379},
  author = {Radomski,  Adam and Georgiou,  Andreas and Debrunner,  Thomas and Li,  Chenghan and Longinotti,  Luca and Seo,  Minwon and Kwak,  Moosung and Shin,  Chang-Woo and Park,  Paul K. J. and Ryu,  Hyunsurk Eric and Eng,  Kynan},
  keywords = {Computer Vision and Pattern Recognition (cs.CV),  FOS: Computer and information sciences,  FOS: Computer and information sciences},
  title = {Enhanced Frame and Event-Based Simulator and Event-Based Video Interpolation Network},
  publisher = {arXiv},
  year = {2021},
  copyright = {arXiv.org perpetual,  non-exclusive license}
}

@inproceedings{Nehvi21cvprw,
      title={Differentiable Event Stream Simulator for Non-Rigid 3D Tracking},
      author={Jalees Nehvi and Vladislav Golyanik and Franziska Mueller and Hans-Peter Seidel and Mohamed Elgharib and Christian Theobalt},
      booktitle = {CVPR Workshop on Event-based Vision},  
      year={2021} 
}

@inproceedings{Hu21cvprw,
  title     = {v2e: From Video Frames to Realistic {DVS} Events},
  booktitle = {2021 {IEEE/CVF} Conference on Computer Vision and Pattern Recognition Workshops ({CVPRW})},
  author    = {Hu, Y and Liu, S C and Delbruck, T},
  publisher = {{IEEE}},
  year      = {2021},
  url       = {http://arxiv.org/abs/2006.07722}
}

@inproceedings{Gehrig20cvpr,
  doi = {10.1109/cvpr42600.2020.00364},
  url = {https://doi.org/10.1109/cvpr42600.2020.00364},
  year = {2020},
  month = jun,
  publisher = {{IEEE}},
  author = {Daniel Gehrig and Mathias Gehrig and Javier Hidalgo-Carrio and Davide Scaramuzza},
  title = {Video to Events: Recycling Video Datasets for Event Cameras},
  booktitle = {2020 {IEEE}/{CVF} Conference on Computer Vision and Pattern Recognition ({CVPR})}
}

@inproceedings {Wenbin18bmvc,
  author = {Wenbin Li and Sajad Saeedi and John McCormac and Ronald Clark and Dimos Tzoumanikas and Qing Ye and Yuzhong Huang and Rui Tang and Stefan Leutenegger},
  booktitle = {British Machine Vision Conference (BMVC)},
  title = {InteriorNet: Mega-scale Multi-sensor Photo-realistic Indoor Scenes Dataset},
  year = {2018}
}

@article{Mueggler17ijrr,
  doi = {10.1177/0278364917691115},
  url = {https://doi.org/10.1177/0278364917691115},
  year = {2017},
  month = feb,
  publisher = {{SAGE} Publications},
  volume = {36},
  number = {2},
  pages = {142--149},
  author = {Elias Mueggler and Henri Rebecq and Guillermo Gallego and Tobi Delbruck and Davide Scaramuzza},
  title = {The event-camera dataset and simulator: Event-based data for pose estimation,  visual odometry,  and {SLAM}},
  journal = {The International Journal of Robotics Research}
}

@inproceedings{Kaiser16simpar,
  doi = {10.1109/simpar.2016.7862386},
  url = {https://doi.org/10.1109/simpar.2016.7862386},
  year = {2016},
  month = dec,
  publisher = {{IEEE}},
  author = {Jacques Kaiser and J. Camilo Vasquez Tieck and Christian Hubschneider and Peter Wolf and Michael Weber and Michael Hoff and Alexander Friedrich and Konrad Wojtasik and Arne Roennau and Ralf Kohlhaas and Rudiger Dillmann and J. Marius Zollner},
  title = {Towards a framework for end-to-end control of a simulated vehicle with spiking neural networks},
  booktitle = {2016 {IEEE} International Conference on Simulation,  Modeling,  and Programming for Autonomous Robots ({SIMPAR})}
}

@thesis{Ahmeti22cogsys,
  author        = {Genc Ahmeti},
  type          = {Bachelor's Thesis},
  title         = {Deep-learning based table tennis ball tracking with an event camera},
  school        = {University of Tübingen},
  year          = {2022},
  month         = {3}
}

@article{Schaefer21cvpr,
  title={AEGNN: Asynchronous Event-based Graph Neural Networks},
  author={Schaefer, Simon and Gehrig, Daniel and Scaramuzza, Davide},
  journal={IEEE Conference on Computer Vision and Pattern Recognition (CVPR)},
  year={2022}
}

@inproceedings{Messikommer20eccv,
  author        = {Nico Messikommer and Daniel Gehrig and Antonio Loquercio and Davide Scaramuzza},
  title         = {Event-based Asynchronous Sparse Convolutional Networks},
  journal       = {European Conference on Computer Vision. (ECCV)},
  url           = {http://rpg.ifi.uzh.ch/docs/ECCV20_Messikommer.pdf},
  year          = 2020
}

@inproceedings{Ballas15iclr,
  author    = {Nicolas Ballas and
               Li Yao and
               Chris Pal and
               Aaron C. Courville},
  editor    = {Yoshua Bengio and
               Yann LeCun},
  title     = {Delving Deeper into Convolutional Networks for Learning Video Representations},
  booktitle = {4th International Conference on Learning Representations, {ICLR} 2016,
               San Juan, Puerto Rico, May 2-4, 2016, Conference Track Proceedings},
  year      = {2016},
  url       = {http://arxiv.org/abs/1511.06432},
  timestamp = {Thu, 25 Jul 2019 14:25:39 +0200},
  biburl    = {https://dblp.org/rec/journals/corr/BallasYPC15.bib},
  bibsource = {dblp computer science bibliography, https://dblp.org}
}

@article{Shi15neurips,
  title={Convolutional LSTM network: A machine learning approach for precipitation nowcasting},
  author={Shi, Xingjian and Chen, Zhourong and Wang, Hao and Yeung, Dit-Yan and Wong, Wai-Kin and Woo, Wang-chun},
  journal={Advances in neural information processing systems},
  volume={28},
  year={2015}
}

@article{Yang2021ieee,
  title = {Ball Motion Control in the Table Tennis Robot System Using Time-Series Deep Reinforcement Learning},
  volume = {9},
  ISSN = {2169-3536},
  url = {http://dx.doi.org/10.1109/ACCESS.2021.3093340},
  DOI = {10.1109/access.2021.3093340},
  journal = {IEEE Access},
  publisher = {Institute of Electrical and Electronics Engineers (IEEE)},
  author = {Yang,  Luo and Zhang,  Haibo and Zhu,  Xiangyang and Sheng,  Xinjun},
  year = {2021},
  pages = {99816–99827}
}

@inproceedings{Chiberre2021cvprw,
  doi = {10.1109/cvprw53098.2021.00153},
  url = {https://doi.org/10.1109/cvprw53098.2021.00153},
  year = {2021},
  month = jun,
  publisher = {{IEEE}},
  author = {Philippe Chiberre and Etienne Perot and Amos Sironi and Vincent Lepetit},
  title = {Detecting Stable Keypoints from Events through Image Gradient Prediction},
  booktitle = {2021 {IEEE}/{CVF} Conference on Computer Vision and Pattern Recognition Workshops ({CVPRW})}
}

@Article{Rebecq18corl,
  author        = {Henri Rebecq and Daniel Gehrig and Davide Scaramuzza},
  title         = {{ESIM}: an Open Event Camera Simulator},
  journal       = {Conf. on Robotics Learning (CoRL)},
  year          = 2018,
  month         = oct
}

@inproceedings{Tulyakov21cvpr,
    author    = {Tulyakov, Stepan and Gehrig, Daniel and Georgoulis, Stamatios and Erbach, Julius and Gehrig, Mathias and Li, Yuanyou and Scaramuzza, Davide},
    title     = {Time Lens: Event-Based Video Frame Interpolation},
    booktitle = {Proceedings of the IEEE/CVF Conference on Computer Vision and Pattern Recognition (CVPR)},
    month     = {June},
    year      = {2021},
    pages     = {16155-16164}
}

@inproceedings{Muglikar20213dv,
  author={Muglikar, Manasi and Moeys, Diederik Paul and Scaramuzza, Davide},
  booktitle={2021 International Conference on 3D Vision (3DV)},
  title={Event Guided Depth Sensing},
  year={2021},
  volume={},
  number={},
  pages={385-393},
  doi={10.1109/3DV53792.2021.00048}
}

@article{Pan2020pami,
  author={Pan, Liyuan and Hartley, Richard and Scheerlinck, Cedric and Liu, Miaomiao and Yu, Xin and Dai, Yuchao},
  journal={IEEE Transactions on Pattern Analysis and Machine Intelligence},
  title={High Frame Rate Video Reconstruction based on an Event Camera},
  year={2020},
  volume={},
  number={},
  pages={1-1},
  doi={10.1109/TPAMI.2020.3036667}
}

@article{Zhou21tnnls,
  author={Zhou, Yi and Gallego, Guillermo and Lu, Xiuyuan and Liu, Siqi and Shen, Shaojie},
  journal={IEEE Transactions on Neural Networks and Learning Systems},
  title={Event-Based Motion Segmentation With Spatio-Temporal Graph Cuts},
  year={2021},
  volume={},
  number={},
  pages={1-13},
  doi={10.1109/TNNLS.2021.3124580}
}

@inproceedings{Alonso2019cvprw,
  title={EV-SegNet: Semantic Segmentation for Event-based Cameras},
  author={Alonso, I{\~n}igo and Murillo, Ana C},
  booktitle={IEEE International Conference on Computer Vision and Pattern Recognition Workshops (CVPRW)},
  year={2019}
}

@inproceedings{Perot2020neurips,
 author = {Perot, Etienne and de Tournemire, Pierre and Nitti, Davide and Masci, Jonathan and Sironi, Amos},
 booktitle = {Advances in Neural Information Processing Systems},
 editor = {H. Larochelle and M. Ranzato and R. Hadsell and M. F. Balcan and H. Lin},
 pages = {16639--16652},
 publisher = {Curran Associates, Inc.},
 title = {Learning to Detect Objects with a 1 Megapixel Event Camera},
 url = {https://proceedings.neurips.cc/paper/2020/file/c213877427b46fa96cff6c39e837ccee-Paper.pdf},
 volume = {33},
 year = {2020}
}

@inproceedings{Maqueda2018cvpr,
  author={Maqueda, Ana I. and Loquercio, Antonio and Gallego, Guillermo and García, Narciso and Scaramuzza, Davide},
  booktitle={2018 IEEE/CVF Conference on Computer Vision and Pattern Recognition},
  title={Event-Based Vision Meets Deep Learning on Steering Prediction for Self-Driving Cars},
  year={2018},
  volume={},
  number={},
  pages={5419-5427},
  doi={10.1109/CVPR.2018.00568}
}

@article{Gallego2020pami,
  author={Gallego, Guillermo and Delbrück, Tobi and Orchard, Garrick and Bartolozzi, Chiara and Taba, Brian and Censi, Andrea and Leutenegger, Stefan and Davison, Andrew J. and Conradt, Jörg and Daniilidis, Kostas and Scaramuzza, Davide},
  journal={IEEE Transactions on Pattern Analysis and Machine Intelligence},
  title={Event-Based Vision: A Survey},
  year={2022},
  volume={44},
  number={1},
  pages={154-180},
  doi={10.1109/TPAMI.2020.3008413}
}
