@inproceedings{Achterhold2023l4dc,
  title = {Black-Box vs. Gray-Box: A Case Study on Learning Table Tennis Ball Trajectory Prediction with Spin and Impacts},
  author = {Achterhold, Jan and Tobuschat, Philip and Ma, Hao and B{\"u}chler, Dieter and Muehlebach, Michael and Stueckler, Joerg},
  booktitle = {Proceedings of the Learning for Dynamics and Control Conference (L4DC)},
  year = {2023},
}

@misc{Ambrosio2024arxiv,
  doi = {10.48550/ARXIV.2408.03906},
  url = {https://arxiv.org/abs/2408.03906},
  author = {D'Ambrosio,  David B. and Abeyruwan,  Saminda and Graesser,  Laura and Iscen,  Atil and Amor,  Heni Ben and Bewley,  Alex and Reed,  Barney J. and Reymann,  Krista and Takayama,  Leila and Tassa,  Yuval and Choromanski,  Krzysztof and Coumans,  Erwin and Jain,  Deepali and Jaitly,  Navdeep and Jaques,  Natasha and Kataoka,  Satoshi and Kuang,  Yuheng and Lazic,  Nevena and Mahjourian,  Reza and Moore,  Sherry and Oslund,  Kenneth and Shankar,  Anish and Sindhwani,  Vikas and Vanhoucke,  Vincent and Vesom,  Grace and Xu,  Peng and Sanketi,  Pannag R.},
  keywords = {Robotics (cs.RO),  FOS: Computer and information sciences,  FOS: Computer and information sciences},
  title = {Achieving Human Level Competitive Robot Table Tennis},
  publisher = {arXiv},
  year = {2024},
  copyright = {Creative Commons Attribution 4.0 International}
}

@article{Billingsley1983robot,
  title={Robot ping pong},
  author={Billingsley, John},
  journal={Practical Computing},
  volume={6},
  number={5},
  year={1983},
  publisher={Massachusetts: MIT Press}
}

@article{Buchler2022tor,
  doi = {10.1109/tro.2022.3176207},
  url = {https://doi.org/10.1109/tro.2022.3176207},
  year = {2022},
  month = dec,
  publisher = {Institute of Electrical and Electronics Engineers ({IEEE})},
  volume = {38},
  number = {6},
  pages = {3850--3860},
  author = {Dieter Buchler and Simon Guist and Roberto Calandra and Vincent Berenz and Bernhard Scholkopf and Jan Peters},
  title = {Learning to Play Table Tennis From Scratch Using Muscular Robots},
  journal = {{IEEE} Transactions on Robotics}
}

@inproceedings{Cannici2019cvprw,
  doi = {10.1109/cvprw.2019.00209},
  url = {https://doi.org/10.1109/cvprw.2019.00209},
  year = {2019},
  month = jun,
  publisher = {{IEEE}},
  author = {Marco Cannici and Marco Ciccone and Andrea Romanoni and Matteo Matteucci},
  title = {Asynchronous Convolutional Networks for Object Detection in Neuromorphic Cameras},
  booktitle = {2019 {IEEE}/{CVF} Conference on Computer Vision and Pattern Recognition Workshops ({CVPRW})}
}

@inproceedings{DAmbrosio2023rss,
  doi = {10.15607/rss.2023.xix.006},
  url = {https://doi.org/10.15607/rss.2023.xix.006},
  year = {2023},
  month = jul,
  publisher = {Robotics: Science and Systems Foundation},
  author = {David D{\textquotesingle}Ambrosio and Navdeep Jaitly and Vikas Sindhwani and Ken Oslund and Peng Xu and Nevena Lazic and Anish Shankar and Tianli Ding and Jonathan Abelian and Erwin Coumans and Gus Kouretas and Thinh Nguyen and Justin Boyd and Atil Iscen and Reza Mahjourian and Vincent Vanhoucke and Alex Bewley and Yuheng Kuang and Michael Ahn and Deepali Jain and Satoshi Kataoka and Omar Cortes and Pierre Sermanet and Corey Lynch and Pannag Sanketi and Krzysztof Choromanski and Wenbo Gao and Juhana Kangaspunta and Krista Reymann and Grace Vesom and Sherry Moore and Avi Singh and Saminda Abeyruwan and Laura Graesser},
  title = {Robotic Table Tennis: A Case Study into a High Speed Learning System},
  booktitle = {Robotics: Science and Systems {XIX}}
}

@inproceedings{Ding2022iros,
  doi = {10.1109/iros47612.2022.9982205},
  url = {https://doi.org/10.1109/iros47612.2022.9982205},
  year = {2022},
  month = oct,
  publisher = {{IEEE}},
  author = {Tianli Ding and Laura Graesser and Saminda Abeyruwan and David B. D{\textquotesingle}Ambrosio and Anish Shankar and Pierre Sermanet and Pannag R. Sanketi and Corey Lynch},
  title = {Learning High Speed Precision Table Tennis on a Physical Robot},
  booktitle = {2022 {IEEE}/{RSJ} International Conference on Intelligent Robots and Systems ({IROS})}
}

@article{Falanga2020sr,
  title = {Dynamic obstacle avoidance for quadrotors with event cameras},
  volume = {5},
  ISSN = {2470-9476},
  url = {http://dx.doi.org/10.1126/scirobotics.aaz9712},
  DOI = {10.1126/scirobotics.aaz9712},
  number = {40},
  journal = {Science Robotics},
  publisher = {American Association for the Advancement of Science (AAAS)},
  author = {Falanga,  Davide and Kleber,  Kevin and Scaramuzza,  Davide},
  year = {2020},
  month = mar 
}

@inproceedings{Forrai2023icra,
  title = {Event-based Agile Object Catching with a Quadrupedal Robot},
  url = {http://dx.doi.org/10.1109/ICRA48891.2023.10161392},
  DOI = {10.1109/icra48891.2023.10161392},
  booktitle = {2023 IEEE International Conference on Robotics and Automation (ICRA)},
  publisher = {IEEE},
  author = {Forrai,  Benedek and Miki,  Takahiro and Gehrig,  Daniel and Hutter,  Marco and Scaramuzza,  Davide},
  year = {2023},
  month = may 
}

@article{Gallego2020pami,
  author={Gallego, Guillermo and Delbrück, Tobi and Orchard, Garrick and Bartolozzi, Chiara and Taba, Brian and Censi, Andrea and Leutenegger, Stefan and Davison, Andrew J. and Conradt, Jörg and Daniilidis, Kostas and Scaramuzza, Davide},
  journal={IEEE Transactions on Pattern Analysis and Machine Intelligence},
  title={Event-Based Vision: A Survey},
  year={2022},
  volume={44},
  number={1},
  pages={154-180},
  doi={10.1109/TPAMI.2020.3008413}
}

@inproceedings{Gao2020iros,
  doi = {10.1109/iros45743.2020.9341191},
  url = {https://doi.org/10.1109/iros45743.2020.9341191},
  year = {2020},
  month = oct,
  publisher = {{IEEE}},
  author = {Wenbo Gao and Laura Graesser and Krzysztof Choromanski and Xingyou Song and Nevena Lazic and Pannag Sanketi and Vikas Sindhwani and Navdeep Jaitly},
  title = {Robotic Table Tennis with Model-Free Reinforcement Learning},
  booktitle = {2020 {IEEE}/{RSJ} International Conference on Intelligent Robots and Systems ({IROS})}
}

@inproceedings{Gao2022ijcnn,
  doi = {10.1109/ijcnn55064.2022.9892776},
  url = {https://doi.org/10.1109/ijcnn55064.2022.9892776},
  year = {2022},
  month = jul,
  publisher = {{IEEE}},
  author = {Yapeng Gao and Jonas Tebbe and Andreas Zell},
  title = {A Model-free Approach to Stroke Learning for Robotic Table Tennis},
  booktitle = {2022 International Joint Conference on Neural Networks ({IJCNN})}
}

@inproceedings{Gehrig2019iccv,
  title = {End-to-End Learning of Representations for Asynchronous Event-Based Data},
  url = {http://dx.doi.org/10.1109/ICCV.2019.00573},
  DOI = {10.1109/iccv.2019.00573},
  booktitle = {2019 IEEE/CVF International Conference on Computer Vision (ICCV)},
  publisher = {IEEE},
  author = {Gehrig,  Daniel and Loquercio,  Antonio and Derpanis,  Konstantinos and Scaramuzza,  Davide},
  year = {2019},
  month = oct,
  pages = {5632–5642}
}

@inproceedings{Glover2016iros,
  doi = {10.1109/iros.2016.7759345},
  url = {https://doi.org/10.1109/iros.2016.7759345},
  year = {2016},
  month = oct,
  publisher = {{IEEE}},
  author = {Arren Glover and Chiara Bartolozzi},
  title = {Event-driven ball detection and gaze fixation in clutter},
  booktitle = {2016 {IEEE}/{RSJ} International Conference on Intelligent Robots and Systems ({IROS})}
}

@inproceedings{Glover2017iros,
  doi = {10.1109/iros.2017.8206226},
  url = {http://dx.doi.org/10.1109/iros.2017.8206226},
  year = {2017},
  month = sep,
  publisher = {{IEEE}},
  author = {Glover,  Arren and Bartolozzi,  Chiara},
  title = {Robust visual tracking with a freely-moving event camera},
  booktitle = {2017 IEEE/RSJ International Conference on Intelligent Robots and Systems (IROS)}
}

@article{Glover2022pami,
  title = {luvHarris: A Practical Corner Detector for Event-Cameras},
  volume = {44},
  ISSN = {1939-3539},
  url = {http://dx.doi.org/10.1109/TPAMI.2021.3135635},
  DOI = {10.1109/tpami.2021.3135635},
  number = {12},
  journal = {IEEE Transactions on Pattern Analysis and Machine Intelligence},
  publisher = {Institute of Electrical and Electronics Engineers (IEEE)},
  author = {Glover,  Arren and Dinale,  Aiko and Rosa,  Leandro De Souza and Bamford,  Simeon and Bartolozzi,  Chiara},
  year = {2022},
  month = dec,
  pages = {10087–10098}
}

@inproceedings{Glover2024icra,
  title = {EDOPT: Event-camera 6-DoF Dynamic Object Pose Tracking},
  url = {http://dx.doi.org/10.1109/ICRA57147.2024.10611511},
  DOI = {10.1109/icra57147.2024.10611511},
  booktitle = {2024 IEEE International Conference on Robotics and Automation (ICRA)},
  publisher = {IEEE},
  author = {Glover,  Arren and Gava,  Luna and Li,  Zhichao and Bartolozzi,  Chiara},
  year = {2024},
  month = may,
  pages = {18200–18206}
}

@article{GomezGonzalez2019robotics,
  doi = {10.3390/robotics8040090},
  url = {https://doi.org/10.3390/robotics8040090},
  year = {2019},
  month = oct,
  publisher = {{MDPI} {AG}},
  volume = {8},
  number = {4},
  pages = {90},
  author = {Sebastian Gomez-Gonzalez and Yassine Nemmour and Bernhard Sch\"{o}lkopf and Jan Peters},
  title = {Reliable Real-Time Ball Tracking for Robot Table Tennis},
  journal = {Robotics}
}

@inproceedings{Ji2021iros,
  title = {Model-Based Trajectory Prediction and Hitting Velocity Control for a New Table Tennis Robot},
  url = {http://dx.doi.org/10.1109/IROS51168.2021.9636000},
  DOI = {10.1109/iros51168.2021.9636000},
  booktitle = {2021 IEEE/RSJ International Conference on Intelligent Robots and Systems (IROS)},
  publisher = {IEEE},
  author = {Ji,  Yunfeng and Hu,  Xiaoyi and Chen,  Yutao and Mao,  Yue and Wang,  Gang and Li,  Qingdu and Zhang,  Jianwei},
  year = {2021},
  month = sep 
}

@article{Lagorce2017pami,
  title = {HOTS: A Hierarchy of Event-Based Time-Surfaces for Pattern Recognition},
  volume = {39},
  ISSN = {2160-9292},
  url = {http://dx.doi.org/10.1109/TPAMI.2016.2574707},
  DOI = {10.1109/tpami.2016.2574707},
  number = {7},
  journal = {IEEE Transactions on Pattern Analysis and Machine Intelligence},
  publisher = {Institute of Electrical and Electronics Engineers (IEEE)},
  author = {Lagorce,  Xavier and Orchard,  Garrick and Galluppi,  Francesco and Shi,  Bertram E. and Benosman,  Ryad B.},
  year = {2017},
  month = jul,
  pages = {1346–1359}
}

@article{Lichtsteiner2008jssc,
  doi = {10.1109/jssc.2007.914337},
  url = {https://doi.org/10.1109/jssc.2007.914337},
  year = {2008},
  publisher = {Institute of Electrical and Electronics Engineers ({IEEE})},
  volume = {43},
  number = {2},
  pages = {566--576},
  author = {Patrick Lichtsteiner and Christoph Posch and Tobi Delbruck},
  title = {A 128x128 120 {dB} 15 us Latency Asynchronous Temporal Contrast Vision Sensor},
  journal = {{IEEE} Journal of Solid-State Circuits}
}

@inproceedings{Liu2024wacv,
  title={Revisiting Token Pruning for Object Detection and Instance Segmentation},
  author={Liu, Yifei and Gehrig, Mathias and Messikommer, Nico and Cannici, Marco and Scaramuzza, Davide},
  booktitle = {Proceedings of the IEEE/CVF Winter Conference on Applications of Computer Vision (WACV)},
  year={2024}
}

@inproceedings{Mitrokhin2018iros,
  title = {Event-Based Moving Object Detection and Tracking},
  url = {http://dx.doi.org/10.1109/IROS.2018.8593805},
  DOI = {10.1109/iros.2018.8593805},
  booktitle = {2018 IEEE/RSJ International Conference on Intelligent Robots and Systems (IROS)},
  publisher = {IEEE},
  author = {Mitrokhin,  Anton and Fermuller,  Cornelia and Parameshwara,  Chethan and Aloimonos,  Yiannis},
  year = {2018},
  month = oct 
}

@inproceedings{Monforte2020aicas,
  title = {Exploiting Event Cameras for Spatio-Temporal Prediction of Fast-Changing Trajectories},
  url = {http://dx.doi.org/10.1109/AICAS48895.2020.9073855},
  DOI = {10.1109/aicas48895.2020.9073855},
  booktitle = {2020 2nd IEEE International Conference on Artificial Intelligence Circuits and Systems (AICAS)},
  publisher = {IEEE},
  author = {Monforte,  Marco and Arriandiaga,  Ander and Glover,  Arren and Bartolozzi,  Chiara},
  year = {2020},
  month = aug 
}

@inproceedings{Perot2020neurips,
 author = {Perot, Etienne and de Tournemire, Pierre and Nitti, Davide and Masci, Jonathan and Sironi, Amos},
 booktitle = {Advances in Neural Information Processing Systems},
 editor = {H. Larochelle and M. Ranzato and R. Hadsell and M. F. Balcan and H. Lin},
 pages = {16639--16652},
 publisher = {Curran Associates, Inc.},
 title = {Learning to Detect Objects with a 1 Megapixel Event Camera},
 url = {https://proceedings.neurips.cc/paper/2020/file/c213877427b46fa96cff6c39e837ccee-Paper.pdf},
 volume = {33},
 year = {2020}
}

@inproceedings{Schaefer2022cvpr,
  doi = {10.1109/cvpr52688.2022.01205},
  url = {https://doi.org/10.1109/cvpr52688.2022.01205},
  year = {2022},
  month = jun,
  publisher = {{IEEE}},
  author = {Simon Schaefer and Daniel Gehrig and Davide Scaramuzza},
  title = {{AEGNN}: Asynchronous Event-based Graph Neural Networks},
  booktitle = {2022 {IEEE}/{CVF} Conference on Computer Vision and Pattern Recognition ({CVPR})}
}

@inbook{Scheerlinck2019accv,
  title = {Continuous-Time Intensity Estimation Using Event Cameras},
  ISBN = {9783030208738},
  ISSN = {1611-3349},
  url = {http://dx.doi.org/10.1007/978-3-030-20873-8_20},
  DOI = {10.1007/978-3-030-20873-8_20},
  booktitle = {Computer Vision – ACCV 2018},
  publisher = {Springer International Publishing},
  author = {Scheerlinck,  Cedric and Barnes,  Nick and Mahony,  Robert},
  year = {2019},
  pages = {308–324}
}

@inproceedings{Seifozzakerini2016bmcv,
  series = {BMVC 2016},
  title = {Event-Based Hough Transform in a Spiking Neural Network for Multiple Line Detection and Tracking Using a Dynamic Vision Sensor},
  url = {http://dx.doi.org/10.5244/C.30.94},
  DOI = {10.5244/c.30.94},
  booktitle = {Procedings of the British Machine Vision Conference 2016},
  publisher = {British Machine Vision Association},
  author = {Seifozzakerini,  Sajjad and Yau,  Wei-Yun and Zhao,  Bo and Mao,  Kezhi},
  year = {2016},
  pages = {94.1--94.12},
  collection = {BMVC 2016}
}

@inproceedings{Sironi2018cvpr,
  title = {HATS: Histograms of Averaged Time Surfaces for Robust Event-Based Object Classification},
  url = {http://dx.doi.org/10.1109/CVPR.2018.00186},
  DOI = {10.1109/cvpr.2018.00186},
  booktitle = {2018 IEEE/CVF Conference on Computer Vision and Pattern Recognition},
  publisher = {IEEE},
  author = {Sironi,  Amos and Brambilla,  Manuele and Bourdis,  Nicolas and Lagorce,  Xavier and Benosman,  Ryad},
  year = {2018},
  month = jun 
}

@inbook{Stoffregen2020eccv,
  title = {Reducing the Sim-to-Real Gap for Event Cameras},
  ISBN = {9783030585839},
  ISSN = {1611-3349},
  url = {http://dx.doi.org/10.1007/978-3-030-58583-9_32},
  DOI = {10.1007/978-3-030-58583-9_32},
  booktitle = {Lecture Notes in Computer Science},
  publisher = {Springer International Publishing},
  author = {Stoffregen,  Timo and Scheerlinck,  Cedric and Scaramuzza,  Davide and Drummond,  Tom and Barnes,  Nick and Kleeman,  Lindsay and Mahony,  Robert},
  year = {2020},
  pages = {534–549}
}

@incollection{Tebbe2019gcpr,
  doi = {10.1007/978-3-030-12939-2_3},
  url = {https://doi.org/10.1007/978-3-030-12939-2_3},
  year = {2019},
  publisher = {Springer International Publishing},
  pages = {33--45},
  author = {Jonas Tebbe and Yapeng Gao and Marc Sastre-Rienietz and Andreas Zell},
  title = {A Table Tennis Robot System Using an Industrial {KUKA} Robot Arm},
  booktitle = {Lecture Notes in Computer Science}
}

@article{Yang2021ieee,
  title = {Ball Motion Control in the Table Tennis Robot System Using Time-Series Deep Reinforcement Learning},
  volume = {9},
  ISSN = {2169-3536},
  url = {http://dx.doi.org/10.1109/ACCESS.2021.3093340},
  DOI = {10.1109/access.2021.3093340},
  journal = {IEEE Access},
  publisher = {Institute of Electrical and Electronics Engineers (IEEE)},
  author = {Yang,  Luo and Zhang,  Haibo and Zhu,  Xiangyang and Sheng,  Xinjun},
  year = {2021},
  pages = {99816–99827}
}

