@ARTICLE{10032141,
  author={Gao, Peng and Lian, Lixiang and Yu, Jinpei},
  journal={{IEEE} J. Select. Areas Commun.}, 
  title={Cooperative {ISAC} With Direct Localization and Rate-Splitting Multiple Access Communication: A Pareto Optimization Framework}, 
  year={2023},
month={May},
  volume={41},
  number={5},
  pages={1496-1515}}

@ARTICLE{10135096,
  author={Wang, Zhaolin and Mu, Xidong and Liu, Yuanwei},
  journal={{IEEE} Commun. Lett.}, 
  title={Near-Field Integrated Sensing and Communications}, 
  year={2023},
  month={Aug.},
  volume={27},
  number={8},
  pages={2048-2052}}

@ARTICLE{10251151,
  author={Ren, Zixiang and Peng, Yunfei and Song, Xianxin and Fang, Yuan and Qiu, Ling and Liu, Liang and Ng, Derrick Wing Kwan and Xu, Jie},
  journal={{IEEE} Trans. Wireless Commun.}, 
  title={Fundamental {CRB}-Rate Tradeoff in Multi-Antenna {ISAC} Systems With Information Multicasting and Multi-Target Sensing}, 
  year={2024},
  month={Apr.},
  volume={23},
  number={4},
  pages={3870-3885}}

@ARTICLE{10287099,
  author={Chen, Zhengchuan and Wang, Jing and Tian, Zhong and Wang, Min and Jia, Yunjian and Quek, Tony Q. S.},
  journal={{IEEE} Wireless Commun. Lett.}, 
  title={Joint Rate Splitting and Beamforming Design for {RSMA-RIS}-Assisted {ISAC} System}, 
  year={2024},
  month={Jan.},
  volume={13},
  number={1},
  pages={173-177}}

@ARTICLE{10382465,
  author={Chen, Yilong and Hua, Haocheng and Xu, Jie and Ng, Derrick Wing Kwan},
  journal={{IEEE} Trans. Wireless Commun.}, 
  title={{ISAC} Meets {SWIPT}: Multi-Functional Wireless Systems Integrating Sensing, Communication, and Powering}, 
  year={2024},
  month={Aug.},
  volume={23},
  number={8},
  pages={8264-8280}}

@ARTICLE{10464353,
  author={Zhang, Ziheng and Chen, Wen and Wu, Qingqing and Li, Zhendong and Zhu, Xusheng and Yuan, Jinhong},
  journal={{IEEE} Trans. Commun.}, 
  title={Intelligent Omni Surfaces Assisted Integrated Multi-Target Sensing and Multi-User {MIMO} Communications}, 
  year={2024},
  month={Aug.},
  volume={72},
  number={8},
  pages={4591-4606}}

@ARTICLE{10486996,
  author={Chen, Kexin and Mao, Yijie and Yin, Longfei and Xu, Chengcheng and Huang, Yang},
  journal={{IEEE} Trans. Veh. Technol.}, 
  title={Rate-Splitting Multiple Access for Simultaneous Multi-User Communication and Multi-Target Sensing}, 
  year={2024},
  month = {Sept.},
  volume={73},
  number={9},
  pages={13909-13914}}

@ARTICLE{10520715,
  author={Galappaththige, Diluka and Zargari, Shayan and Tellambura, Chintha and Li, Geoffrey Ye},
  journal={{IEEE} Wireless Commun. Lett.}, 
  title={Near-Field {ISAC}: Beamforming for Multi-Target Detection}, 
  year={2024},
  month={Jul.},
  volume={13},
  number={7},
  pages={1938-1942}}

@ARTICLE{10522473,
  author={Liu, Ziwei and Chen, Wen and Wu, Qingqing and Yuan, Jinhong and Zhang, Shanshan and Li, Zhendong and Li, Jun},
  journal={{IEEE} Internet Things J.}, 
  title={Rate-Splitting Multiple Access for Transmissive Reconfigurable Intelligent Surface Transceiver Empowered {ISAC} Systems}, 
  year={2024},
  month={Aug.},
  volume={11},
  number={16},
  pages={27245-27259}}

@ARTICLE{10579914,
  author={Li, Haochen and Wang, Zhaolin and Mu, Xidong and Zhiwen, Pan and Liu, Yuanwei},
  journal={{IEEE} J. Select. Areas Commun.}, 
  title={Near-Field Integrated Sensing, Positioning, and Communication: A Downlink and Uplink Framework}, 
  year={2024},
  month={Sept.},
  volume={42},
  number={9},
  pages={2196-2212},
  doi={10.1109/JSAC.2024.3413956}}

@ARTICLE{10679658,
  author={Choi, Jinseok and Park, Jeonghun and Lee, Namyoon and Alkhateeb, Ahmed},
  journal={{IEEE} Trans. Wireless Commun.}, 
  title={Joint and Robust Beamforming Framework for Integrated Sensing and Communication Systems}, 
  year={2024},
  month={Nov.},
  volume={23},
  number={11},
  pages={17602-17618},
  keywords={Radar;Array signal processing;Optimization;Vectors;Integrated sensing and communication;Wireless communication;Channel estimation;ISAC beamforming;spectral efficiency;radar transmit MSE;radar receive SCNR;imperfect CSI},
  doi={10.1109/TWC.2024.3454987}}

@ARTICLE{10681603,
  author={Zhou, Jingxuan and Yang, Yinchao and Yang, Zhaohui and Shikh-Bahaei, Mohammad},
  journal={ {IEEE} Trans. Green Commun. Netw.}, 
  title={Near-Field Extremely Large-Scale {STAR-RIS} Enabled Integrated Sensing and Communications}, 
   year={2025},
   month={Mar.},
  volume={9},
  number={1},
  pages={404-416},}

@INPROCEEDINGS{10694020,
  author={Sun, Ping and Zhang, Haiyang and Guidi, Francesco and Dardari, Davide and Wang, Baoyun and Eldar, Yonina C.},
  booktitle={2024 IEEE 25th International Workshop on Signal Processing Advances in Wireless Communications (SPAWC)}, 
  title={Beam-Focusing for Near-Field {ISAC} Systems}, 
  year={2024},
month={Oct.},
  volume={},
  number={},
  pages={241-245},
  doi={10.1109/SPAWC60668.2024.10694020}}

@ARTICLE{10700785,
  author={Qu, Kaiqian and Guo, Shuaishuai and Saeed, Nasir and Ye, Jia},
  journal={{IEEE} open j. Commun. Soc}, 
  title={Near-Field Integrated Sensing and Communication: Performance Analysis and Beamforming Design}, 
  year={2024},
  month={Sept.},
  volume={5},
  number={},
  pages={6353-6366}}

@ARTICLE{9531484,
  author={Xu, Chengcheng and Clerckx, Bruno and Chen, Shiwa and Mao, Yijie and Zhang, Jianyun},
  journal={{IEEE} J. Sel. Top. Signal Process}, 
  title={Rate-Splitting Multiple Access for Multi-Antenna Joint Radar and Communications}, 
  year={2021},
  month={Nov.},
  volume={15},
  number={6},
  pages={1332-1347}}

@article{gong2024hybrid,
  title={Hybrid Beamforming Design for {RSMA}-assisted mmWave Integrated Sensing and Communications},
  author={Gong, Jun and Cheng, Wenchi and Wang, Jiangzhou and Wang, Jingqing},
  journal={arXiv preprint arXiv:2406.04985},
  year={2024}
}

@article{hua2024near,
  title={Near-field integrated sensing and communication with extremely large-scale antenna array},
  author={Hua, Haocheng and Xu, Jie and Zhang, Rui},
  journal={arXiv preprint arXiv:2407.17237},
  year={2024}
}

@article{meng2024hybrid,
  title={Hybrid Beamforming Design for Near-Field {ISAC} with Modular {XL-MIMO}},
  author={Meng, Chunwei and Ma, Dingyou and Wang, Zhaolin and Liu, Yuanwei and Wei, Zhiqing and Feng, Zhiyong},
  journal={arXiv preprint arXiv:2406.12323},
  year={2024}
}

@article{zhou2024hybrid,
  title={Hybrid Beamforming Design for {RSMA}-enabled Near-Field Integrated Sensing and Communications},
  author={Zhou, Jiasi and Zhou, Cong and Tellambura, Chintha and Li, Geoffrey Ye},
  journal={arXiv preprint arXiv:2412.17062},
  year={2024}
}

