

@article{wang2024performance,
  title={Performance Analysis of Wideband Near-Field Sensing ({NISE})},
  author={Wang, Zhaolin and Mu, Xidong and Liu, Yuanwei},
  journal={arXiv preprint arXiv:2404.05076},
  year={2024}
}

@article{he2024unlocking,
  title={Unlocking potentials of near-field propagation: {ELAA}-empowered integrated sensing and communication},
  author={He, Zhenyao and Xu, Wei and Yang, Zhaohui and Shen, Hong and Fu, Ningning and Huang, Yongming and Zhang, Zhaoyang and You, Xiaohu},
  year={2024},
  month={Sept.},
  volume={62},
  number={9},
  pages={82-89},
  doi={10.1109/MCOM.001.2300635}}

@ARTICLE{10587118,
  author={Wang, Zhaolin and Mu, Xidong and Liu, Yuanwei},
  journal={{IEEE} Trans. Commun.}, 
  title={Beamfocusing Optimization for Near-Field Wideband Multi-User Communications}, 
   year={2025},
   month={Jan.},
  volume={73},
  number={1},
  pages={555-572}}

@ARTICLE{10579914,
  author={Li, Haochen and Wang, Zhaolin and Mu, Xidong and Zhiwen, Pan and Liu, Yuanwei},
  journal={{IEEE} J. Select. Areas Commun.}, 
  title={Near-Field Integrated Sensing, Positioning, and Communication: A Downlink and Uplink Framework}, 
  year={2024},
  month={Sept.},
  volume={42},
  number={9},
  pages={2196-2212},
  doi={10.1109/JSAC.2024.3413956}}

@ARTICLE{9927490,
  author={Yang, Zhutian and Li, Dongdong and Zhao, Nan and Wu, Zhilu and Li, Yonghui and Niyato, Dusit},
  journal={{IEEE} Trans. Commun.}, 
  title={Secure Precoding Optimization for {NOMA}-Aided Integrated Sensing and Communication}, 
  year={2022},
  month={Dec.},
  volume={70},
  number={12},
  pages={8370-8382}}

@ARTICLE{10423585,
  author={Nassar, Faraz and Singh, Keshav and Prakriya, Shankar and Hazarika, Bishmita and Li, Chih-Peng and Ding, Zhiguo},
  journal={{IEEE} Trans. Wireless Commun.}, 
  title={Dynamic User Clustering and Backscatter-Enabled {RIS}-Assisted {NOMA ISAC}}, 
  year={2024},
  month={Aug.},
  volume={23},
  number={8},
  pages={9173-9189}}

@ARTICLE{10679658,
  author={Choi, Jinseok and Park, Jeonghun and Lee, Namyoon and Alkhateeb, Ahmed},
  journal={{IEEE} Trans. Wireless Commun.}, 
  title={Joint and Robust Beamforming Framework for Integrated Sensing and Communication Systems}, 
  year={2024},
  month={Nov.},
  volume={23},
  number={11},
  pages={17602-17618},
  keywords={Radar;Array signal processing;Optimization;Vectors;Integrated sensing and communication;Wireless communication;Channel estimation;ISAC beamforming;spectral efficiency;radar transmit MSE;radar receive SCNR;imperfect CSI},
  doi={10.1109/TWC.2024.3454987}}

@article{mao2018rate,
  title={Rate-splitting multiple access for downlink communication systems: Bridging, generalizing, and outperforming {SDMA} and {NOMA}},
  author={Mao, Yijie and Clerckx, Bruno and Li, Victor OK},
  journal={EURASIP J. Wireless Commun. Netw.},
  volume={2018},
  number={1},
  pages={1--54},
  month={May},
  year={2018},
  publisher={Springer}
}

@ARTICLE{10273395,
  author={Park, Jeonghun and Lee, Byungju and Choi, Jinseok and Lee, Hoon and Lee, Namyoon and Park, Seok-Hwan and Lee, Kyoung-Jae and Choi, Junil and Chae, Sung Ho and Jeon, Sang-Woon and Kwak, Kyung Sup and Clerckx, Bruno and Shin, Wonjae},
  journal={{IEEE} Netw.}, 
  title={Rate-Splitting Multiple Access for {6G} Networks: Ten Promising Scenarios and Applications}, 
  year={2024},
month={May},
  volume={38},
  number={3},
  pages={128-136}}

@ARTICLE{10251151,
  author={Ren, Zixiang and Peng, Yunfei and Song, Xianxin and Fang, Yuan and Qiu, Ling and Liu, Liang and Ng, Derrick Wing Kwan and Xu, Jie},
  journal={{IEEE} Trans. Wireless Commun.}, 
  title={Fundamental {CRB}-Rate Tradeoff in Multi-Antenna {ISAC} Systems With Information Multicasting and Multi-Target Sensing}, 
  year={2024},
  month={Apr.},
  volume={23},
  number={4},
  pages={3870-3885}}

@ARTICLE{10464353,
  author={Zhang, Ziheng and Chen, Wen and Wu, Qingqing and Li, Zhendong and Zhu, Xusheng and Yuan, Jinhong},
  journal={{IEEE} Trans. Commun.}, 
  title={Intelligent Omni Surfaces Assisted Integrated Multi-Target Sensing and Multi-User {MIMO} Communications}, 
  year={2024},
  month={Aug.},
  volume={72},
  number={8},
  pages={4591-4606}}

@ARTICLE{10382465,
  author={Chen, Yilong and Hua, Haocheng and Xu, Jie and Ng, Derrick Wing Kwan},
  journal={{IEEE} Trans. Wireless Commun.}, 
  title={{ISAC} Meets {SWIPT}: Multi-Functional Wireless Systems Integrating Sensing, Communication, and Powering}, 
  year={2024},
  month={Aug.},
  volume={23},
  number={8},
  pages={8264-8280}}



@ARTICLE{10159012,
  author={Liu, Ziang and Aditya, Sundar and Li, Hongyu and Clerckx, Bruno},
  journal={{IEEE} J. Select. Areas Commun.}, 
  title={Joint Transmit and Receive Beamforming Design in Full-Duplex Integrated Sensing and Communications}, 
  year={2023},
 month={Sept.},
  volume={41},
  number={9},
  pages={2907-2919}}

@ARTICLE{10050406,
  author={Wang, Zhaolin and Mu, Xidong and Liu, Yuanwei},
  journal={{IEEE} Trans. Commun.}, 
  title={{STARS} Enabled Integrated Sensing and Communications}, 
  year={2023},
  month={Oct.},
  volume={22},
  number={10},
  pages={6750-6765}}

@ARTICLE{9705498,
  author={Liu, An and Huang, Zhe and Li, Min and Wan, Yubo and Li, Wenrui and Han, Tony Xiao and Liu, Chenchen and Du, Rui and Tan, Danny Kai Pin and Lu, Jianmin and Shen, Yuan and Colone, Fabiola and Chetty, Kevin},
  journal={{IEEE} Commun. Surv. Tut.}, 
  title={A Survey on Fundamental Limits of Integrated Sensing and Communication}, 
  year={2022},
  month={2nd Quart,},
  volume={24},
  number={2},
  pages={994-1034}}

@ARTICLE{9531484,
  author={Xu, Chengcheng and Clerckx, Bruno and Chen, Shiwa and Mao, Yijie and Zhang, Jianyun},
  journal={{IEEE} J. Sel. Top. Signal Process}, 
  title={Rate-Splitting Multiple Access for Multi-Antenna Joint Radar and Communications}, 
  year={2021},
  month={Nov.},
  volume={15},
  number={6},
  pages={1332-1347}}

@article{gong2024hybrid,
  title={Hybrid Beamforming Design for {RSMA}-assisted mmWave Integrated Sensing and Communications},
  author={Gong, Jun and Cheng, Wenchi and Wang, Jiangzhou and Wang, Jingqing},
  journal={arXiv preprint arXiv:2406.04985},
  year={2024}
}

@ARTICLE{10486996,
  author={Chen, Kexin and Mao, Yijie and Yin, Longfei and Xu, Chengcheng and Huang, Yang},
  journal={{IEEE} Trans. Veh. Technol.}, 
  title={Rate-Splitting Multiple Access for Simultaneous Multi-User Communication and Multi-Target Sensing}, 
  year={2024},
  month = {Sept.},
  volume={73},
  number={9},
  pages={13909-13914}}



@ARTICLE{10522473,
  author={Liu, Ziwei and Chen, Wen and Wu, Qingqing and Yuan, Jinhong and Zhang, Shanshan and Li, Zhendong and Li, Jun},
  journal={{IEEE} Internet Things J.}, 
  title={Rate-Splitting Multiple Access for Transmissive Reconfigurable Intelligent Surface Transceiver Empowered {ISAC} Systems}, 
  year={2024},
  month={Aug.},
  volume={11},
  number={16},
  pages={27245-27259}}

@ARTICLE{10032141,
  author={Gao, Peng and Lian, Lixiang and Yu, Jinpei},
  journal={{IEEE} J. Select. Areas Commun.}, 
  title={Cooperative {ISAC} With Direct Localization and Rate-Splitting Multiple Access Communication: A Pareto Optimization Framework}, 
  year={2023},
month={May},
  volume={41},
  number={5},
  pages={1496-1515}}

@ARTICLE{10663521,
  author={Cong, Jiayi and You, Changsheng and Li, Jiapeng and Chen, Li and Zheng, Beixiong and Liu, Yuanwei and Wu, Wen and Gong, Yi and Jin, Shi and Zhang, Rui},
  journal={{IEEE} Wirel. Commun.}, 
  title={Near-Field Integrated Sensing and Communication: Opportunities and Challenges}, 
  year={2024},
  month={Dec.},
  volume={31},
  number={6},
  pages={162-169},}

@ARTICLE{10038476,
  author={Clerckx, Bruno and Mao, Yijie and Jorswieck, Eduard A. and Yuan, Jinhong and Love, David J. and Erkip, Elza and Niyato, Dusit},
  journal={{IEEE} J. Select. Areas Commun.}, 
  title={A Primer on Rate-Splitting Multiple Access: Tutorial, Myths, and Frequently Asked Questions}, 
  year={2023},
month={May},
  volume={41},
  number={5},
  pages={1265-1308},
  doi={10.1109/JSAC.2023.3242718}}

@ARTICLE{10287099,
  author={Chen, Zhengchuan and Wang, Jing and Tian, Zhong and Wang, Min and Jia, Yunjian and Quek, Tony Q. S.},
  journal={{IEEE} Wireless Commun. Lett.}, 
  title={Joint Rate Splitting and Beamforming Design for {RSMA-RIS}-Assisted {ISAC} System}, 
  year={2024},
  month={Jan.},
  volume={13},
  number={1},
  pages={173-177}}


@INPROCEEDINGS{10419546,
  author={Lu, Manwei and Luo, Honghao and Liu, Rang and Li, Ming and Liu, Qian},
  booktitle={{IEEE} 23rd Int. Conf. Commun. Technol. (ICCT)}, 
  title={Beamforming Design for Near-Field Integrated Sensing and Communications}, 
  year={2023},
  month={Oct.},
  volume={},
  number={},
  pages={434-438}}


@INPROCEEDINGS{gavras2024simultaneous,
  author={Gavras, Ioannis and Alexandropoulos, George C.},
  booktitle={{IEEE} SPAWC}, 
  title={Simultaneous Near-Field {THz} Communications and Sensing with Full Duplex Metasurface Transceivers}, 
  year={2024},
  volume={},
  number={},
  pages={126-130}}

@ARTICLE{10520715,
  author={Galappaththige, Diluka and Zargari, Shayan and Tellambura, Chintha and Li, Geoffrey Ye},
  journal={{IEEE} Wireless Commun. Lett.}, 
  title={Near-Field {ISAC}: Beamforming for Multi-Target Detection}, 
  year={2024},
  month={Jul.},
  volume={13},
  number={7},
  pages={1938-1942}}

@ARTICLE{10135096,
  author={Wang, Zhaolin and Mu, Xidong and Liu, Yuanwei},
  journal={{IEEE} Commun. Lett.}, 
  title={Near-Field Integrated Sensing and Communications}, 
  year={2023},
  month={Aug.},
  volume={27},
  number={8},
  pages={2048-2052}}


@article{hua2024near,
  title={Near-field integrated sensing and communication with extremely large-scale antenna array},
  author={Hua, Haocheng and Xu, Jie and Zhang, Rui},
  journal={arXiv preprint arXiv:2407.17237},
  year={2024}
}

@ARTICLE{10700785,
  author={Qu, Kaiqian and Guo, Shuaishuai and Saeed, Nasir and Ye, Jia},
  journal={{IEEE} open j. Commun. Soc}, 
  title={Near-Field Integrated Sensing and Communication: Performance Analysis and Beamforming Design}, 
  year={2024},
  month={Sept.},
  volume={5},
  number={},
  pages={6353-6366}}


@ARTICLE{10681603,
  author={Zhou, Jingxuan and Yang, Yinchao and Yang, Zhaohui and Shikh-Bahaei, Mohammad},
  journal={ {IEEE} Trans. Green Commun. Netw.}, 
  title={Near-Field Extremely Large-Scale {STAR-RIS} Enabled Integrated Sensing and Communications}, 
   year={2025},
   month={Mar.},
  volume={9},
  number={1},
  pages={404-416},}

@INPROCEEDINGS{10694020,
  author={Sun, Ping and Zhang, Haiyang and Guidi, Francesco and Dardari, Davide and Wang, Baoyun and Eldar, Yonina C.},
  booktitle={2024 IEEE 25th International Workshop on Signal Processing Advances in Wireless Communications (SPAWC)}, 
  title={Beam-Focusing for Near-Field {ISAC} Systems}, 
  year={2024},
month={Oct.},
  volume={},
  number={},
  pages={241-245},
  doi={10.1109/SPAWC60668.2024.10694020}}


@ARTICLE{10388218,
  author={Wang, Huizhi and Xiao, Zhiqiang and Zeng, Yong},
  journal={{IEEE} Trans. Signal Process.}, 
  title={Cramér-Rao Bounds for Near-Field Sensing With Extremely Large-Scale {MIMO}}, 
  year={2024},
  month={Jan.},
  volume={72},
  number={},
  pages={701-717}}

@article{meng2024hybrid,
  title={Hybrid Beamforming Design for Near-Field {ISAC} with Modular {XL-MIMO}},
  author={Meng, Chunwei and Ma, Dingyou and Wang, Zhaolin and Liu, Yuanwei and Wei, Zhiqing and Feng, Zhiyong},
  journal={arXiv preprint arXiv:2406.12323},
  year={2024}
}










@INPROCEEDINGS{10571110,
  author={Liu, Sifan and Liu, Rang and Lu, Zhiping and Li, Ming and Liu, Qian},
  booktitle={2024 IEEE Wireless Communications and Networking Conference (WCNC)}, 
  title={Cooperative Cell-Free {ISAC} Networks: Joint BS Mode Selection and Beamforming Design}, 
  year={2024},
month={Spr.},
  volume={},
  number={},
  pages={1-6}}


@ARTICLE{4359542,
  author={Li, Jian and Xu, Luzhou and Stoica, Petre and Forsythe, Keith W. and Bliss, Daniel W.},
  journal={{IEEE} Trans. Signal Process.}, 
  title={Range Compression and Waveform Optimization for {MIMO} Radar: A Cram\'{e}r–Rao Bound Based Study}, 
  year={2008},
  month={Jan.},
  volume={56},
  number={1},
  pages={218-232}}

@ARTICLE{10517348,
  author={Lv, Suyu and Liu, Yuanwei and Xu, Xiaodong and Nallanathan, Arumugam and Swindlehurst, A. Lee},
  journal={{IEEE} Trans. Wireless Commun.}, 
  title={{RIS}-Aided Near-Field {MIMO} Communications: Codebook and Beam Training Design}, 
  year={2024},
  month={Sept.},
  volume={23},
  number={9},
  pages={12531-12546}}



@misc{cvx,
  author       = {Michael Grant and Stephen Boyd},
  title        = {{CVX}: Matlab Software for Disciplined Convex Programming, version 2.1},
  howpublished = {\url{http://cvxr.com/cvx}},
  month        = mar,
  year         = 2014
}

@ARTICLE{9120361,
  author={Shi, Qingjiang and Hong, Mingyi},
  journal={{IEEE} Trans. Signal Process.}, 
  title={Penalty Dual Decomposition Method for Nonsmooth Nonconvex Optimization—Part {I}: Algorithms and Convergence Analysis}, 
  year={2020},
month={Jun.},
  volume={68},
  number={},
  pages={4108-4122}}

@ARTICLE{10220205,
  author={Liu, Yuanwei and Wang, Zhaolin and Xu, Jiaqi and Ouyang, Chongjun and Mu, Xidong and Schober, Robert},
  journal={{IEEE} open j. Commun. Soc}, 
  title={Near-Field Communications: A Tutorial Review}, 
  year={2023},
month={Sept.},
  volume={4},
  number={},
  pages={1999-2049}}


@article{loli2022rate,
  title={Rate-splitting multiple access for multi-antenna joint radar and communications with partial {CSIT}: Precoder optimization and link-level simulations},
  author={Loli, Rafael Cerna and Dizdar, Onur and Clerckx, Bruno},
  journal={arXiv preprint arXiv:2201.10621},
  year={2022}}

@ARTICLE{6565404,
  author={Cao, Pan and Jorswieck, Eduard A. and Shi, Shuying},
  journal={{IEEE} Trans. Signal Process.}, 
  title={Pareto Boundary of the Rate Region for Single-Stream {MIMO} Interference Channels: Linear Transceiver Design}, 
  year={2013},
  month={Oct.},
  volume={61},
  number={20},
  pages={4907-4922}}

@article{zuo2023non,
  title={Non-orthogonal multiple access for near-field communications},
  author={Zuo, Jiakuo and Mu, Xidong and Liu, Yuanwei},
  journal={arXiv preprint arXiv:2304.13185},
  year={2023}
}

@ARTICLE{9737357,
  author={Liu, Fan and Cui, Yuanhao and Masouros, Christos and Xu, Jie and Han, Tony Xiao and Eldar, Yonina C. and Buzzi, Stefano},
  journal={{IEEE} J. Select. Areas Commun.}, 
  title={Integrated Sensing and Communications: Toward Dual-Functional Wireless Networks for {6G} and Beyond}, 
  year={2022},
  month={Jun.},
  volume={40},
  number={6},
  pages={1728-1767}}

@article{zhou2024hybrid,
  title={Hybrid Beamforming Design for {RSMA}-enabled Near-Field Integrated Sensing and Communications},
  author={Zhou, Jiasi and Zhou, Cong and Tellambura, Chintha and Li, Geoffrey Ye},
  journal={arXiv preprint arXiv:2412.17062},
  year={2024}
}