@inproceedings{Vovk2013,
abstract = {Conformal predictors are set predictors that are automatically valid in the sense of having coverage probability equal to or exceeding a given confidence level. Inductive conformal predictors are a computationally efficient version of conformal predictors satisfying the same property of validity. However, inductive conformal predictors have only been known to control unconditional coverage probability. This paper explores various versions of conditional validity and various ways to achieve them using inductive conformal predictors and their modifications. In particular, it discusses a convenient expression of one of the modifications in terms of ROC curves. {\textcopyright} 2013 The Author(s).},
archivePrefix = {arXiv},
arxivId = {1209.2673},
author = {Vovk, Vladimir},
booktitle = {Asian conference on machine learning},
doi = {10.1007/s10994-013-5355-6},
eprint = {1209.2673},
file = {::},
issn = {1938-7228},
keywords = {Batch mode of learning,Boosting,Conditional validity,Inductive conformal predictors,MART,ROC curves,Spam detection},
pages = {475--490},
publisher = {PMLR},
title = {{Conditional validity of inductive conformal predictors}},
volume = {25},
year = {2013}
}

@article{Wald1943,
author = {Wald, Abraham},
doi = {10.1214/aoms/1177731491},
file = {::},
issn = {0003-4851},
journal = {The Annals of Mathematical Statistics},
number = {1},
pages = {45--55},
title = {{An Extension of Wilks' Method for Setting Tolerance Limits}},
volume = {14},
year = {1943}
}

@article{Wilks1941,
abstract = {The asymptotic behaviour of the residual life time at time t is investigated (for t rightarrow infty). We derive weak limit laws and their domains of attraction and treat rates of convergence and moment convergence. The presentation exploits the close similarity with extreme value theory.},
author = {Wilks, S. S.},
doi = {10.1214/aoms/1177731788},
file = {::},
issn = {0003-4851},
journal = {The Annals of Mathematical Statistics},
number = {1},
pages = {91--96},
title = {{Determination of Sample Sizes for Setting Tolerance Limits}},
volume = {12},
year = {1941}
}

@article{angelopoulos2020uncertainty,
  title={Uncertainty sets for image classifiers using conformal prediction},
  author={Angelopoulos, Anastasios and Bates, Stephen and Malik, Jitendra and Jordan, Michael I},
  journal={arXiv preprint arXiv:2009.14193},
  year={2020}
}

@article{angelopoulos2021learn,
  title={Learn then test: Calibrating predictive algorithms to achieve risk control},
  author={Angelopoulos, Anastasios N and Bates, Stephen and Cand{\`e}s, Emmanuel J and Jordan, Michael I and Lei, Lihua},
  journal={arXiv preprint arXiv:2110.01052},
  year={2021}
}

@article{angelopoulos2022conformal,
  title={Conformal risk control},
  author={Angelopoulos, Anastasios N and Bates, Stephen and Fisch, Adam and Lei, Lihua and Schuster, Tal},
  journal={arXiv preprint arXiv:2208.02814},
  year={2022}
}

@article{angelopoulos2023conformal,
  title={Conformal prediction: A gentle introduction},
  author={Angelopoulos, Anastasios N and Bates, Stephen and others},
  journal={Foundations and Trends{\textregistered} in Machine Learning},
  volume={16},
  number={4},
  pages={494--591},
  year={2023},
  publisher={Now Publishers, Inc.}
}

@article{banerji2023clinical,
  title={Clinical AI tools must convey predictive uncertainty for each individual patient},
  author={Banerji, Christopher RS and Chakraborti, Tapabrata and Harbron, Chris and MacArthur, Ben D},
  journal={Nature medicine},
  volume={29},
  number={12},
  pages={2996--2998},
  year={2023},
  publisher={Nature Publishing Group US New York}
}

@article{blot2024automatically,
  title={Automatically Adaptive Conformal Risk Control},
  author={Blot, Vincent and Angelopoulos, Anastasios N and Jordan, Michael I and Brunel, Nicolas JB},
  year={2024}
}

@phdthesis{cao2024non,
  title={Non-Parameteric Conformal Distributionally Robust Optimization},
  author={Cao, Guyang Kevin},
  year={2024},
  school={University of Michigan}
}

@article{chan2020inverse,
  title={Inverse optimization for the recovery of constraint parameters},
  author={Chan, Timothy CY and Kaw, Neal},
  journal={European Journal of Operational Research},
  volume={282},
  number={2},
  pages={415--427},
  year={2020},
  publisher={Elsevier}
}

@article{chan2023inverse,
  title={Inverse optimization: Theory and applications},
  author={Chan, Timothy CY and Mahmood, Rafid and Zhu, Ian Yihang},
  journal={Operations Research},
  year={2023},
  publisher={INFORMS}
}

@article{chan2024conformal,
  title={Conformal Inverse Optimization for Adherence-aware Prescriptive Analytics},
  author={Chan, Timothy and Delage, Erick and Lin, Bo},
  journal={Available at SSRN},
  year={2024}
}

@article{chenreddy2024end,
  title={End-to-end conditional robust optimization},
  author={Chenreddy, Abhilash and Delage, Erick},
  journal={arXiv preprint arXiv:2403.04670},
  year={2024}
}

@article{cortes2024decision,
  title={Decision-Focused Uncertainty Quantification},
  author={Cortes-Gomez, Santiago and Pati{\~n}o, Carlos and Byun, Yewon and Wu, Steven and Horvitz, Eric and Wilder, Bryan},
  journal={arXiv preprint arXiv:2410.01767},
  year={2024}
}

@article{elmachtoub2023estimate,
  title={Estimate-then-optimize versus integrated-estimationoptimization: A stochastic dominance perspective},
  author={Elmachtoub, Adam N and Lam, Henry and Zhang, Haofeng and Zhao, Yunfan},
  journal={arXiv preprint arXiv:2304.06833},
  year={2023}
}

@article{gupta2022nested,
  title={Nested conformal prediction and quantile out-of-bag ensemble methods},
  author={Gupta, Chirag and Kuchibhotla, Arun K and Ramdas, Aaditya},
  journal={Pattern Recognition},
  volume={127},
  pages={108496},
  year={2022},
  publisher={Elsevier}
}

@inproceedings{johnstone2021conformal,
  title={Conformal uncertainty sets for robust optimization},
  author={Johnstone, Chancellor and Cox, Bruce},
  booktitle={Conformal and Probabilistic Prediction and Applications},
  pages={72--90},
  year={2021},
  organization={PMLR}
}

@article{kiyani2024conformal,
  title={Conformal Prediction with Learned Features},
  author={Kiyani, Shayan and Pappas, George and Hassani, Hamed},
  journal={arXiv preprint arXiv:2404.17487},
  year={2024}
}

@article{kiyani2024length,
  title={Length optimization in conformal prediction},
  author={Kiyani, Shayan and Pappas, George and Hassani, Hamed},
  journal={arXiv preprint arXiv:2406.18814},
  year={2024}
}

@article{lei2013distribution,
  title={Distribution-free prediction sets},
  author={Lei, Jing and Robins, James and Wasserman, Larry},
  journal={Journal of the American Statistical Association},
  volume={108},
  number={501},
  pages={278--287},
  year={2013},
  publisher={Taylor \& Francis}
}

@article{lei2018distribution,
  title={Distribution-free predictive inference for regression},
  author={Lei, Jing and Gâ€™Sell, Max and Rinaldo, Alessandro and Tibshirani, Ryan J and Wasserman, Larry},
  journal={Journal of the American Statistical Association},
  volume={113},
  number={523},
  pages={1094--1111},
  year={2018},
  publisher={Taylor \& Francis}
}

@inproceedings{lekeufack2024conformal,
  title={Conformal decision theory: Safe autonomous decisions from imperfect predictions},
  author={Lekeufack, Jordan and Angelopoulos, Anastasios N and Bajcsy, Andrea and Jordan, Michael I and Malik, Jitendra},
  booktitle={2024 IEEE International Conference on Robotics and Automation (ICRA)},
  pages={11668--11675},
  year={2024},
  organization={IEEE}
}

@article{li2025data,
  title={Data-driven contextual robust optimization based on support vector clustering},
  author={Li, Xianyu and Dong, Fenglian and Wei, Zhiwei and Shang, Chao},
  journal={Computers \& Chemical Engineering},
  pages={109004},
  year={2025},
  publisher={Elsevier}
}

@article{lin2024conformal,
  title={Conformal Inverse Optimization},
  author={Lin, Bo and Delage, Erick and Chan, Timothy CY},
  journal={arXiv preprint arXiv:2402.01489},
  year={2024}
}

@article{lindemann2023safe,
  title={Safe planning in dynamic environments using conformal prediction},
  author={Lindemann, Lars and Cleaveland, Matthew and Shim, Gihyun and Pappas, George J},
  journal={IEEE Robotics and Automation Letters},
  year={2023},
  publisher={IEEE}
}

@article{lindemann2024formal,
  title={Formal verification and control with conformal prediction},
  author={Lindemann, Lars and Zhao, Yiqi and Yu, Xinyi and Pappas, George J and Deshmukh, Jyotirmoy V},
  journal={arXiv preprint arXiv:2409.00536},
  year={2024}
}

@article{lou2024estimation,
  title={Estimation and Prediction Procedures for Unified Robust Decision Models},
  author={Lou, Zhiyuan and Chen, Zhi and Sim, Melvyn and Xie, Jingui and Xiong, Peng},
  journal={Available at SSRN 4890089},
  year={2024}
}

@misc{noorani2024conformalriskminimizationvariance,
      title={Conformal Risk Minimization with Variance Reduction}, 
      author={Sima Noorani and Orlando Romero and Nicolo Dal Fabbro and Hamed Hassani and George J. Pappas},
      year={2024},
      eprint={2411.01696},
      archivePrefix={arXiv},
      primaryClass={cs.LG},
      url={https://arxiv.org/abs/2411.01696}, 
}

@inproceedings{papadopoulos2002inductive,
  author = {Papadopoulos, Harris and Proedrou, Kostas and Vovk, Volodya and Gammerman, Alex},
  booktitle = {European Conference on Machine Learning},
  date-added = {2021-05-10 12:03:57 -0500},
  date-modified = {2021-05-10 12:03:57 -0500},
  organization = {Springer},
  pages = {345--356},
  title = {Inductive confidence machines for regression},
  year = {2002}}

@inproceedings{park2021pac,
  title={{PAC} Prediction Sets Under Covariate Shift},
  author={Park, Sangdon and Dobriban, Edgar and Lee, Insup and Bastani, Osbert},
  booktitle={International Conference on Learning Representations},
  year={2022}
}

@inproceedings{patel2024conformal,
  title={Conformal contextual robust optimization},
  author={Patel, Yash P and Rayan, Sahana and Tewari, Ambuj},
  booktitle={International Conference on Artificial Intelligence and Statistics},
  pages={2485--2493},
  year={2024},
  organization={PMLR}
}

@inproceedings{patel2024non,
  title={Non-Parameteric Conformal Distributionally Robust Optimization},
  author={Patel, Yash and Cao, Guyang and Tewari, Ambuj},
  booktitle={ICML 2024 Workshop on Structured Probabilistic Inference $\{$$\backslash$\&$\}$ Generative Modeling},
    year={2024}
}

@article{ramalingam2024uncertainty,
  title={Uncertainty Quantification for Neurosymbolic Programs via Compositional Conformal Prediction},
  author={Ramalingam, Ramya and Park, Sangdon and Bastani, Osbert},
  journal={arXiv preprint arXiv:2405.15912},
  year={2024}
}

@article{renkema2024conformal,
  title={Conformal Prediction for Stochastic Decision-Making of PV Power in Electricity Markets},
  author={Renkema, Yvet and Brinkel, Nico and Alskaif, Tarek},
  journal={arXiv preprint arXiv:2403.20149},
  year={2024}
}

@article{romano2019conformalized,
  title={Conformalized quantile regression},
  author={Romano, Yaniv and Patterson, Evan and Candes, Emmanuel},
  journal={Advances in neural information processing systems},
  volume={32},
  year={2019}
}

@article{romano2020classification,
  title={Classification with valid and adaptive coverage},
  author={Romano, Yaniv and Sesia, Matteo and Candes, Emmanuel},
  journal={Advances in Neural Information Processing Systems},
  volume={33},
  pages={3581--3591},
  year={2020}
}

@article{sadinle2019least,
  title={Least ambiguous set-valued classifiers with bounded error levels},
  author={Sadinle, Mauricio and Lei, Jing and Wasserman, Larry},
  journal={Journal of the American Statistical Association},
  volume={114},
  number={525},
  pages={223--234},
  year={2019},
  publisher={Taylor \& Francis}
}

@inproceedings{saunders1999transduction,
  title={Transduction with confidence and credibility},
  author={Saunders, Craig and Gammerman, Alexander and Vovk, Volodya},
  year={1999},
  booktitle={IJCAI}
}

@article{scheffe1945non,
  title={Non-parametric estimation. I. Validation of order statistics},
  author={Scheffe, Henry and Tukey, John W},
  journal={The Annals of Mathematical Statistics},
  volume={16},
  number={2},
  pages={187--192},
  year={1945},
  publisher={Institute of Mathematical Statistics}
}

@article{shafer2008tutorial,
  title={A tutorial on conformal prediction.},
  author={Shafer, Glenn and Vovk, Vladimir},
  journal={Journal of Machine Learning Research},
  volume={9},
  number={3},
  year={2008}
}

@inproceedings{straitouri2023improving,
  title={Improving expert predictions with conformal prediction},
  author={Straitouri, Eleni and Wang, Lequn and Okati, Nastaran and Rodriguez, Manuel Gomez},
  booktitle={International Conference on Machine Learning},
  pages={32633--32653},
  year={2023},
  organization={PMLR}
}

@article{sun2024conformal,
  title={Conformal prediction for uncertainty-aware planning with diffusion dynamics model},
  author={Sun, Jiankai and Jiang, Yiqi and Qiu, Jianing and Nobel, Parth and Kochenderfer, Mykel J and Schwager, Mac},
  journal={Advances in Neural Information Processing Systems},
  volume={36},
  year={2024}
}

@article{tukey1947non,
  title={Non-Parametric Estimation Ii. Statistically Equivalent Blocks and Tolerance Regions--the Continuous Case},
  author={Tukey, John W},
  journal={The Annals of Mathematical Statistics},
  pages={529--539},
  year={1947},
  publisher={JSTOR}
}

@misc{vanderlaan2024selfcalibratingconformalprediction,
      title={Self-Calibrating Conformal Prediction}, 
      author={Lars van der Laan and Ahmed M. Alaa},
      year={2024},
      eprint={2402.07307},
      archivePrefix={arXiv},
      primaryClass={stat.ML},
      url={https://arxiv.org/abs/2402.07307}, 
}

@inproceedings{vishwakarma2024improving,
  title={Improving Decision-Making in Open-World Agents with Conformal Prediction and Monty Hall},
  author={Vishwakarma, Harit and Mishler, Alan and Cook, Thomas and Dalmasso, Niccolo and Raman, Natraj and Ganesh, Sumitra},
  booktitle={NeurIPS 2024 Workshop on Open-World Agents},
year = {2024}
}

@inproceedings{vovk1999machine,
  title={Machine-learning applications of algorithmic randomness},
  author={Vovk, Volodya and Gammerman, Alexander and Saunders, Craig},
    booktitle    = "International Conference on Machine Learning",
  year={1999}
}

@book{vovk2005algorithmic,
  title={Algorithmic learning in a random world},
  author={Vovk, Vladimir and Gammerman, Alexander and Shafer, Glenn},
  volume={29},
  year={2005},
  publisher={Springer}
}

@inproceedings{vovk2017nonparametric,
  title={Nonparametric predictive distributions based on conformal prediction},
  author={Vovk, Vladimir and Shen, Jieli and Manokhin, Valery and Xie, Min-ge},
  booktitle={Conformal and probabilistic prediction and applications},
  pages={82--102},
  year={2017},
  organization={PMLR}
}

@inproceedings{vovk2018conformal,
  title={Conformal predictive decision making},
  author={Vovk, Vladimir and Bendtsen, Claus},
  booktitle={Conformal and Probabilistic Prediction and Applications},
  pages={52--62},
  year={2018},
  organization={PMLR}
}

@inproceedings{vovk2018cross,
  title={Cross-conformal predictive distributions},
  author={Vovk, Vladimir and Nouretdinov, Ilia and Manokhin, Valery and Gammerman, Alexander},
  booktitle={conformal and probabilistic prediction and applications},
  pages={37--51},
  year={2018},
  organization={PMLR}
}

@article{vovk2020computationally,
  title={Computationally efficient versions of conformal predictive distributions},
  author={Vovk, Vladimir and Petej, Ivan and Nouretdinov, Ilia and Manokhin, Valery and Gammerman, Alexander},
  journal={Neurocomputing},
  volume={397},
  pages={292--308},
  year={2020},
  publisher={Elsevier}
}

@article{wang2023learning,
  title={Learning Decision-Focused Uncertainty Sets in Robust Optimization},
  author={Wang, Irina and Becker, Cole and Van Parys, Bart and Stellato, Bartolomeo},
  journal={arXiv preprint arXiv:2305.19225},
  year={2023}
}

@article{yeh2024end,
  title={End-to-End Conformal Calibration for Optimization Under Uncertainty},
  author={Yeh, Christopher and Christianson, Nicolas and Wu, Alan and Wierman, Adam and Yue, Yisong},
  journal={arXiv preprint arXiv:2409.20534},
  year={2024}
}

@article{zecchin2024adaptive,
  title={Adaptive Learn-then-Test: Statistically Valid and Efficient Hyperparameter Selection},
  author={Zecchin, Matteo and Simeone, Osvaldo},
  journal={arXiv preprint arXiv:2409.15844},
  year={2024}
}

@article{zecchin2024localized,
  title={Localized Adaptive Risk Control},
  author={Zecchin, Matteo and Simeone, Osvaldo},
  journal={arXiv preprint arXiv:2405.07976},
  year={2024}
}

@article{zhao2024conformal,
  title={Conformal Predictive Programming for Chance Constrained Optimization},
  author={Zhao, Yiqi and Yu, Xinyi and Deshmukh, Jyotirmoy V and Lindemann, Lars},
  journal={arXiv preprint arXiv:2402.07407},
  year={2024}
}

