@inproceedings{jung2021moment,
  title={Moment multicalibration for uncertainty estimation},
  author={Jung, Christopher and Lee, Changhwa and Pai, Mallesh and Roth, Aaron and Vohra, Rakesh},
  booktitle={Conference on Learning Theory},
  pages={2634--2678},
  year={2021},
  organization={PMLR}
}

@inproceedings{roth2024forecasting,
  title={Forecasting for swap regret for all downstream agents},
  author={Roth, Aaron and Shi, Mirah},
  booktitle={Proceedings of the 25th ACM Conference on Economics and Computation},
  pages={466--488},
  year={2024}
}

@article{gibbs2023conformal,
  title={Conformal prediction with conditional guarantees},
  author={Gibbs, Isaac and Cherian, John J and Cand{\`e}s, Emmanuel J},
  journal={arXiv preprint arXiv:2305.12616},
  year={2023}
}

@article{FV98,
  title={Calibrated learning and correlated equilibrium},
  author={Foster, Dean P and Vohra, Rakesh V},
  journal={Games and Economic Behavior},
  volume={21},
  number={1-2},
  pages={40--55},
  year={1997},
  publisher={Academic Press}
}

@article{zhao2021calibrating,
  title={Calibrating predictions to decisions: A novel approach to multi-class calibration},
  author={Zhao, Shengjia and Kim, Michael and Sahoo, Roshni and Ma, Tengyu and Ermon, Stefano},
  journal={Advances in Neural Information Processing Systems},
  volume={34},
  pages={22313--22324},
  year={2021}
}

@book{luenberger1997optimization,
  title={Optimization by vector space methods},
  author={Luenberger, David G},
  year={1969},
  publisher={John Wiley \& Sons}
}



@article{doi:10.1056/NEJMp1606181,
author = {Ziad Obermeyer  and Ezekiel J. Emanuel },
title = {Predicting the Future — Big Data, Machine Learning, and Clinical Medicine},
journal = {New England Journal of Medicine},
volume = {375},
number = {13},
pages = {1216-1219},
year = {2016},
doi = {10.1056/NEJMp1606181},

URL = {https://www.nejm.org/doi/full/10.1056/NEJMp1606181},
eprint = {https://www.nejm.org/doi/pdf/10.1056/NEJMp1606181}
,
    abstract = { The algorithms of machine learning, which can sift through vast numbers of variables looking for combinations that reliably predict outcomes, will improve prognosis, displace much of the work of radiologists and anatomical pathologists, and improve diagnostic accuracy. By now, it’s almost old news: big data will transform medicine. It’s essential to remember, however, that data by themselves are useless. To be useful, data must be analyzed, interpreted, and acted on. Thus, it is algorithms — not data sets — that will prove transformative. We believe, therefore, that attention has to shift to new statistical tools from the field of machine learning that will be critical for anyone practicing medicine in the 21st century. First, it’s important to understand what machine learning is not. Most computer-based algorithms in medicine are “expert systems” — rule sets encoding knowledge on .\&nbsp;.\&nbsp;. }
}

@article{noarov2023high,
  title={High-dimensional prediction for sequential decision making},
  author={Noarov, Georgy and Ramalingam, Ramya and Roth, Aaron and Xie, Stephan},
  journal={arXiv preprint arXiv:2310.17651},
  year={2023}
}

@article{duffie1997overview,
  title={An overview of value at risk},
  author={Duffie, Darrell and Pan, Jun},
  journal={Journal of derivatives},
  volume={4},
  number={3},
  pages={7--49},
  year={1997}
}

@article{bastani2022practical,
  title={Practical adversarial multivalid conformal prediction},
  author={Bastani, Osbert and Gupta, Varun and Jung, Christopher and Noarov, Georgy and Ramalingam, Ramya and Roth, Aaron},
  journal={Advances in Neural Information Processing Systems},
  volume={35},
  pages={29362--29373},
  year={2022}
}

@inproceedings{jung2023batch,
  title={Batch Multivalid Conformal Prediction},
  author={Jung, Christopher and Noarov, Georgy and Ramalingam, Ramya and Roth, Aaron},
  booktitle={International Conference on Learning Representations (ICLR)},
  year={2023}
}

@article{Abbeel2010AutonomousHA,
  title={Autonomous Helicopter Aerobatics through Apprenticeship Learning},
  author={P. Abbeel and Adam Coates and A. Ng},
  journal={The International Journal of Robotics Research},
  year={2010},
  volume={29},
  pages={1608 - 1639},
  url={https://api.semanticscholar.org/CorpusID:13431535}
}


@article{https://doi.org/10.1111/j.1540-6261.1952.tb01525.x,
author = {Markowitz, Harry},
title = {PORTFOLIO SELECTION},
journal = {The Journal of Finance},
volume = {7},
number = {1},
pages = {77-91},
doi = {https://doi.org/10.1111/j.1540-6261.1952.tb01525.x},
url = {https://onlinelibrary.wiley.com/doi/abs/10.1111/j.1540-6261.1952.tb01525.x},
eprint = {https://onlinelibrary.wiley.com/doi/pdf/10.1111/j.1540-6261.1952.tb01525.x},
year = {1952}
}


@article{10.1257/jep.15.4.143,
Author = {Koenker, Roger and Hallock, Kevin F.},
Title = {Quantile Regression},
Journal = {Journal of Economic Perspectives},
Volume = {15},
Number = {4},
Year = {2001},
Month = {December},
Pages = {143–156},
DOI = {10.1257/jep.15.4.143},
URL = {https://www.aeaweb.org/articles?id=10.1257/jep.15.4.143}}

@article{linnemann2016estimating,
  title={Estimating nonlinear effects of fiscal policy using quantile regression methods},
  author={Linnemann, Ludger and Winkler, Roland},
  journal={Oxford Economic Papers},
  volume={68},
  number={4},
  pages={1120--1145},
  year={2016},
  publisher={Oxford University Press}
}

@misc{jorion2007value,
  title={Value at Risk: The new benchmark for managing financial risk},
  author={Jorion, Philippe},
  year={2007},
  publisher={McGraw-Hill}
}

@article{rostek2010quantile,
  title={Quantile maximization in decision theory},
  author={Rostek, Marzena},
  journal={The Review of Economic Studies},
  volume={77},
  number={1},
  pages={339--371},
  year={2010},
  publisher={Wiley-Blackwell}
}

@book{choudhry2013introduction,
  title={An introduction to value-at-risk},
  author={Choudhry, Moorad},
  year={2013},
  publisher={John Wiley \& Sons}
}


  title={An overview of value at risk},
  author={Duffie, Darrell and Pan, Jun},
  journal={Journal of derivatives},
  volume={4},
  number={3},
  pages={7--49},
  year={1997}
}


@article{chowdhury2020can,
  title={Can AI help in screening viral and COVID-19 pneumonia?},
  author={Chowdhury, Muhammad EH and Rahman, Tawsifur and Khandakar, Amith and Mazhar, Rashid and Kadir, Muhammad Abdul and Mahbub, Zaid Bin and Islam, Khandakar Reajul and Khan, Muhammad Salman and Iqbal, Atif and Al Emadi, Nasser and others},
  journal={Ieee Access},
  volume={8},
  pages={132665--132676},
  year={2020},
  publisher={IEEE}
}

@article{rahman2021exploring,
  title={Exploring the effect of image enhancement techniques on COVID-19 detection using chest X-ray images},
  author={Rahman, Tawsifur and Khandakar, Amith and Qiblawey, Yazan and Tahir, Anas and Kiranyaz, Serkan and Kashem, Saad Bin Abul and Islam, Mohammad Tariqul and Al Maadeed, Somaya and Zughaier, Susu M and Khan, Muhammad Salman and others},
  journal={Computers in biology and medicine},
  volume={132},
  pages={104319},
  year={2021},
  publisher={Elsevier}
}

@article{lindemann2023safe,
  title={Safe planning in dynamic environments using conformal prediction},
  author={Lindemann, Lars and Cleaveland, Matthew and Shim, Gihyun and Pappas, George J},
  journal={IEEE Robotics and Automation Letters},
  year={2023},
  publisher={IEEE}
}

@article{angelopoulos2022conformal,
  title={Conformal risk control},
  author={Angelopoulos, Anastasios N and Bates, Stephen and Fisch, Adam and Lei, Lihua and Schuster, Tal},
  journal={arXiv preprint arXiv:2208.02814},
  year={2022}
}

@article{angelopoulos2021learn,
  title={Learn then test: Calibrating predictive algorithms to achieve risk control},
  author={Angelopoulos, Anastasios N and Bates, Stephen and Cand{\`e}s, Emmanuel J and Jordan, Michael I and Lei, Lihua},
  journal={arXiv preprint arXiv:2110.01052},
  year={2021}
}

@article{cortes2024decision,
  title={Decision-Focused Uncertainty Quantification},
  author={Cortes-Gomez, Santiago and Pati{\~n}o, Carlos and Byun, Yewon and Wu, Steven and Horvitz, Eric and Wilder, Bryan},
  journal={arXiv preprint arXiv:2410.01767},
  year={2024}
}


@inproceedings{lekeufack2024conformal,
  title={Conformal decision theory: Safe autonomous decisions from imperfect predictions},
  author={Lekeufack, Jordan and Angelopoulos, Anastasios N and Bajcsy, Andrea and Jordan, Michael I and Malik, Jitendra},
  booktitle={2024 IEEE International Conference on Robotics and Automation (ICRA)},
  pages={11668--11675},
  year={2024},
  organization={IEEE}
}

@article{renkema2024conformal,
  title={Conformal Prediction for Stochastic Decision-Making of PV Power in Electricity Markets},
  author={Renkema, Yvet and Brinkel, Nico and Alskaif, Tarek},
  journal={arXiv preprint arXiv:2403.20149},
  year={2024}
}

@inproceedings{patel2024conformal,
  title={Conformal contextual robust optimization},
  author={Patel, Yash P and Rayan, Sahana and Tewari, Ambuj},
  booktitle={International Conference on Artificial Intelligence and Statistics},
  pages={2485--2493},
  year={2024},
  organization={PMLR}
}

@inproceedings{johnstone2021conformal,
  title={Conformal uncertainty sets for robust optimization},
  author={Johnstone, Chancellor and Cox, Bruce},
  booktitle={Conformal and Probabilistic Prediction and Applications},
  pages={72--90},
  year={2021},
  organization={PMLR}
}


@article{lindemann2024formal,
  title={Formal verification and control with conformal prediction},
  author={Lindemann, Lars and Zhao, Yiqi and Yu, Xinyi and Pappas, George J and Deshmukh, Jyotirmoy V},
  journal={arXiv preprint arXiv:2409.00536},
  year={2024}
}

@article{zhao2024conformal,
  title={Conformal Predictive Programming for Chance Constrained Optimization},
  author={Zhao, Yiqi and Yu, Xinyi and Deshmukh, Jyotirmoy V and Lindemann, Lars},
  journal={arXiv preprint arXiv:2402.07407},
  year={2024}
}


@article{banerji2023clinical,
  title={Clinical AI tools must convey predictive uncertainty for each individual patient},
  author={Banerji, Christopher RS and Chakraborti, Tapabrata and Harbron, Chris and MacArthur, Ben D},
  journal={Nature medicine},
  volume={29},
  number={12},
  pages={2996--2998},
  year={2023},
  publisher={Nature Publishing Group US New York}
}

@article{romano2020classification,
  title={Classification with valid and adaptive coverage},
  author={Romano, Yaniv and Sesia, Matteo and Candes, Emmanuel},
  journal={Advances in Neural Information Processing Systems},
  volume={33},
  pages={3581--3591},
  year={2020}
}

@article{sadinle2019least,
  title={Least ambiguous set-valued classifiers with bounded error levels},
  author={Sadinle, Mauricio and Lei, Jing and Wasserman, Larry},
  journal={Journal of the American Statistical Association},
  volume={114},
  number={525},
  pages={223--234},
  year={2019},
  publisher={Taylor \& Francis}
}


@book{vovk2005algorithmic,
  title={Algorithmic learning in a random world},
  author={Vovk, Vladimir and Gammerman, Alexander and Shafer, Glenn},
  volume={29},
  year={2005},
  publisher={Springer}
}

@article{lei2018distribution,
  title={Distribution-free predictive inference for regression},
  author={Lei, Jing and G’Sell, Max and Rinaldo, Alessandro and Tibshirani, Ryan J and Wasserman, Larry},
  journal={Journal of the American Statistical Association},
  volume={113},
  number={523},
  pages={1094--1111},
  year={2018},
  publisher={Taylor \& Francis}
}

@article{shafer2008tutorial,
  title={A tutorial on conformal prediction.},
  author={Shafer, Glenn and Vovk, Vladimir},
  journal={Journal of Machine Learning Research},
  volume={9},
  number={3},
  year={2008}
}

@article{angelopoulos2023conformal,
  title={Conformal prediction: A gentle introduction},
  author={Angelopoulos, Anastasios N and Bates, Stephen and others},
  journal={Foundations and Trends{\textregistered} in Machine Learning},
  volume={16},
  number={4},
  pages={494--591},
  year={2023},
  publisher={Now Publishers, Inc.}
}

@inproceedings{szegedy2015going,
  title={Going deeper with convolutions},
  author={Szegedy, Christian and Liu, Wei and Jia, Yangqing and Sermanet, Pierre and Reed, Scott and Anguelov, Dragomir and Erhan, Dumitru and Vanhoucke, Vincent and Rabinovich, Andrew},
  booktitle={Proceedings of the IEEE conference on computer vision and pattern recognition},
  pages={1--9},
  year={2015}
}

@inproceedings{szegedy2016rethinking,
  title={Rethinking the inception architecture for computer vision},
  author={Szegedy, Christian and Vanhoucke, Vincent and Ioffe, Sergey and Shlens, Jon and Wojna, Zbigniew},
  booktitle={Proceedings of the IEEE conference on computer vision and pattern recognition},
  pages={2818--2826},
  year={2016}
}


@article{zecchin2025generalization,
  title={Generalization and Informativeness of Weighted Conformal Risk Control Under Covariate Shift},
  author={Zecchin, Matteo and Hellstr{\"o}m, Fredrik and Park, Sangwoo and Shamai, Shlomo and Simeone, Osvaldo},
  journal={arXiv preprint arXiv:2501.11413},
  year={2025}
}

@article{zecchin2024adaptive,
  title={Adaptive Learn-then-Test: Statistically Valid and Efficient Hyperparameter Selection},
  author={Zecchin, Matteo and Simeone, Osvaldo},
  journal={arXiv preprint arXiv:2409.15844},
  year={2024}
}

@article{blot2024automatically,
  title={Automatically Adaptive Conformal Risk Control},
  author={Blot, Vincent and Angelopoulos, Anastasios N and Jordan, Michael I and Brunel, Nicolas JB},
  year={2024}
}

@article{zecchin2024localized,
  title={Localized Adaptive Risk Control},
  author={Zecchin, Matteo and Simeone, Osvaldo},
  journal={arXiv preprint arXiv:2405.07976},
  year={2024}
}



@article{chenreddy2024end,
  title={End-to-end conditional robust optimization},
  author={Chenreddy, Abhilash and Delage, Erick},
  journal={arXiv preprint arXiv:2403.04670},
  year={2024}
}

@article{li2025data,
  title={Data-driven contextual robust optimization based on support vector clustering},
  author={Li, Xianyu and Dong, Fenglian and Wei, Zhiwei and Shang, Chao},
  journal={Computers \& Chemical Engineering},
  pages={109004},
  year={2025},
  publisher={Elsevier}
}



@article{yeh2024end,
  title={End-to-End Conformal Calibration for Optimization Under Uncertainty},
  author={Yeh, Christopher and Christianson, Nicolas and Wu, Alan and Wierman, Adam and Yue, Yisong},
  journal={arXiv preprint arXiv:2409.20534},
  year={2024}
}

@phdthesis{cao2024non,
  title={Non-Parameteric Conformal Distributionally Robust Optimization},
  author={Cao, Guyang Kevin},
  year={2024},
  school={University of Michigan}
}

@article{wang2023learning,
  title={Learning Decision-Focused Uncertainty Sets in Robust Optimization},
  author={Wang, Irina and Becker, Cole and Van Parys, Bart and Stellato, Bartolomeo},
  journal={arXiv preprint arXiv:2305.19225},
  year={2023}
}

@article{lou2024estimation,
  title={Estimation and Prediction Procedures for Unified Robust Decision Models},
  author={Lou, Zhiyuan and Chen, Zhi and Sim, Melvyn and Xie, Jingui and Xiong, Peng},
  journal={Available at SSRN 4890089},
  year={2024}
}


@article{lin2024conformal,
  title={Conformal Inverse Optimization},
  author={Lin, Bo and Delage, Erick and Chan, Timothy CY},
  journal={arXiv preprint arXiv:2402.01489},
  year={2024}
}

@article{chan2024conformal,
  title={Conformal Inverse Optimization for Adherence-aware Prescriptive Analytics},
  author={Chan, Timothy and Delage, Erick and Lin, Bo},
  journal={Available at SSRN},
  year={2024}
}

@inproceedings{patel2024non,
  title={Non-Parameteric Conformal Distributionally Robust Optimization},
  author={Patel, Yash and Cao, Guyang and Tewari, Ambuj},
  booktitle={ICML 2024 Workshop on Structured Probabilistic Inference $\{$$\backslash$\&$\}$ Generative Modeling},
    year={2024}
}

@article{chan2020inverse,
  title={Inverse optimization for the recovery of constraint parameters},
  author={Chan, Timothy CY and Kaw, Neal},
  journal={European Journal of Operational Research},
  volume={282},
  number={2},
  pages={415--427},
  year={2020},
  publisher={Elsevier}
}


@article{elmachtoub2023estimate,
  title={Estimate-then-optimize versus integrated-estimationoptimization: A stochastic dominance perspective},
  author={Elmachtoub, Adam N and Lam, Henry and Zhang, Haofeng and Zhao, Yunfan},
  journal={arXiv preprint arXiv:2304.06833},
  year={2023}
}


@article{chan2023inverse,
  title={Inverse optimization: Theory and applications},
  author={Chan, Timothy CY and Mahmood, Rafid and Zhu, Ian Yihang},
  journal={Operations Research},
  year={2023},
  publisher={INFORMS}
}






---------
by AI


@misc{ref1,
  author       = {NIHCE},
  title        = {Antimicrobial stewardship: systems and processes for effective antimicrobial medicine use},
  howpublished = {\url{https://www.nice.org.uk/guidance/ng15}},
  year         = {2015},
  note         = {NICE Guideline NG15}
}

@misc{ref2,
  author       = {CDC},
  title        = {Antibiotic/Antimicrobial Resistance (AR/AMR)},
  howpublished = {\url{https://www.cdc.gov/drugresistance/index.html}},
  year         = {2022},
  note         = {Accessed: 2024-04-27}
}

@misc{ref3,
  author       = {CDC},
  title        = {Interim Clinical Guidance for Management of Patients with Confirmed Coronavirus Disease (COVID-19)},
  howpublished = {\url{https://www.cdc.gov/coronavirus/2019-ncov/hcp/clinical-guidance-management-patients.html}},
  year         = {2020},
  note         = {Accessed: 2024-04-27}
}

@misc{ref4,
  author       = {American College of Radiology},
  title        = {ACR Appropriateness Criteria® Routine Chest Radiography},
  howpublished = {\url{https://www.acr.org/Clinical-Resources/ACR-Appropriateness-Criteria}},
  year         = {2023},
  note         = {Accessed: 2024-04-27}
}

@article{ref5,
  title={Diagnosis and treatment of adults with community-acquired pneumonia. An official clinical practice guideline of the American Thoracic Society and Infectious Diseases Society of America},
  author={Metlay, Joshua P and Waterer, Grant W and Long, Ann C and Anzueto, Antonio and Brozek, Jan and Crothers, Kristina and Cooley, Laura A and Dean, Nathan C and Fine, Michael J and Flanders, Scott A and others},
  journal={American journal of respiratory and critical care medicine},
  volume={200},
  number={7},
  pages={e45--e67},
  year={2019},
  publisher={American Thoracic Society}
}

@misc{ref6,
  author       = {WHO},
  title        = {Pneumonia},
  howpublished = {\url{https://www.who.int/news-room/fact-sheets/detail/pneumonia}},
  year         = {2021},
  note         = {Accessed: 2024-04-27}
}

@misc{ref7,
  author       = {WHO},
  title        = {Clinical management of COVID-19: interim guidance},
  howpublished = {\url{https://www.who.int/publications/i/item/clinical-management-of-covid-19}},
  year         = {2020},
  note         = {Accessed: 2024-04-27}
}

@article{ref8,
  title={The role of chest imaging in patient management during the COVID-19 pandemic: a multinational consensus statement from the Fleischner Society},
  author={Rubin, Geoffrey D and Ryerson, Christopher J and Haramati, Linda B and Sverzellati, Nicola and Kanne, Jeffrey P and Raoof, Suhail and Schluger, Neil W and Volpi, Annalisa and Yim, Jae-Joon and Martin, Ian BK and others},
  journal={Radiology},
  volume={296},
  number={1},
  pages={172--180},
  year={2020},
  publisher={Radiological Society of North America}
}
-------


@article{vazquez2022conformal,
  title={Conformal prediction in clinical medical sciences},
  author={Vazquez, Janette and Facelli, Julio C},
  journal={Journal of Healthcare Informatics Research},
  volume={6},
  number={3},
  pages={241--252},
  year={2022},
  publisher={Springer}
}


@inproceedings{vovk2018conformal,
  title={Conformal predictive decision making},
  author={Vovk, Vladimir and Bendtsen, Claus},
  booktitle={Conformal and Probabilistic Prediction and Applications},
  pages={52--62},
  year={2018},
  organization={PMLR}
}

@article{Wald1943,
author = {Wald, Abraham},
doi = {10.1214/aoms/1177731491},
file = {::},
issn = {0003-4851},
journal = {The Annals of Mathematical Statistics},
number = {1},
pages = {45--55},
title = {{An Extension of Wilks' Method for Setting Tolerance Limits}},
volume = {14},
year = {1943}
}
@article{Wilks1941,
abstract = {The asymptotic behaviour of the residual life time at time t is investigated (for t rightarrow infty). We derive weak limit laws and their domains of attraction and treat rates of convergence and moment convergence. The presentation exploits the close similarity with extreme value theory.},
author = {Wilks, S. S.},
doi = {10.1214/aoms/1177731788},
file = {::},
issn = {0003-4851},
journal = {The Annals of Mathematical Statistics},
number = {1},
pages = {91--96},
title = {{Determination of Sample Sizes for Setting Tolerance Limits}},
volume = {12},
year = {1941}
}



@article{tukey1948nonparametric,
  title={Nonparametric estimation, III. Statistically equivalent blocks and multivariate tolerance regions--the discontinuous case},
  author={Tukey, John W},
  journal={The Annals of Mathematical Statistics},
  pages={30--39},
  year={1948},
  publisher={JSTOR}
}

@article{tukey1947non,
  title={Non-Parametric Estimation Ii. Statistically Equivalent Blocks and Tolerance Regions--the Continuous Case},
  author={Tukey, John W},
  journal={The Annals of Mathematical Statistics},
  pages={529--539},
  year={1947},
  publisher={JSTOR}
}

@article{scheffe1945non,
  title={Non-parametric estimation. I. Validation of order statistics},
  author={Scheffe, Henry and Tukey, John W},
  journal={The Annals of Mathematical Statistics},
  volume={16},
  number={2},
  pages={187--192},
  year={1945},
  publisher={Institute of Mathematical Statistics}
}


@inproceedings{vovk1999machine,
  title={Machine-learning applications of algorithmic randomness},
  author={Vovk, Volodya and Gammerman, Alexander and Saunders, Craig},
    booktitle    = "International Conference on Machine Learning",
  year={1999}
}

@inproceedings{saunders1999transduction,
  title={Transduction with confidence and credibility},
  author={Saunders, Craig and Gammerman, Alexander and Vovk, Volodya},
  year={1999},
  booktitle={IJCAI}
}



@article{ai2024not,
  title={Not all distributional shifts are equal: Fine-grained robust conformal inference},
  author={Ai, Jiahao and Ren, Zhimei},
  journal={arXiv preprint arXiv:2402.13042},
  year={2024}
}

@article{kasa2024adapting,
  title={Adapting Conformal Prediction to Distribution Shifts Without Labels},
  author={Kasa, Kevin and Zhang, Zhiyu and Yang, Heng and Taylor, Graham W},
  journal={arXiv preprint arXiv:2406.01416},
  year={2024}
}

@article{bhattacharyya2024group,
  title={Group-weighted conformal prediction},
  author={Bhattacharyya, Aabesh and Barber, Rina Foygel},
  journal={arXiv preprint arXiv:2401.17452},
  year={2024}
}

@article{qin2024distribution,
  title={Distribution-Free Prediction Intervals Under Covariate Shift, With an Application to Causal Inference},
  author={Qin, Jing and Liu, Yukun and Li, Moming and Huang, Chiung-Yu},
  journal={Journal of the American Statistical Association},
  number={just-accepted},
  pages={1--26},
  year={2024},
  publisher={Taylor \& Francis}
}

@article{cauchois2024robust,
  title={Robust validation: Confident predictions even when distributions shift},
  author={Cauchois, Maxime and Gupta, Suyash and Ali, Alnur and Duchi, John C},
  journal={Journal of the American Statistical Association},
  pages={1--66},
  year={2024},
  publisher={Taylor \& Francis}
}

@article{han2024distribution,
  title={Distribution-Free Predictive Inference under Unknown Temporal Drift},
  author={Han, Elise and Huang, Chengpiao and Wang, Kaizheng},
  journal={arXiv preprint arXiv:2406.06516},
  year={2024}
}

@article{taori2020measuring,
  title={Measuring robustness to natural distribution shifts in image classification},
  author={Taori, Rohan and Dave, Achal and Shankar, Vaishaal and Carlini, Nicholas and Recht, Benjamin and Schmidt, Ludwig},
  journal={Advances in Neural Information Processing Systems},
  volume={33},
  pages={18583--18599},
  year={2020}
}

@article{ben2010theory,
  title={A theory of learning from different domains},
  author={Ben-David, Shai and Blitzer, John and Crammer, Koby and Kulesza, Alex and Pereira, Fernando and Vaughan, Jennifer Wortman},
  journal={Machine learning},
  volume={79},
  pages={151--175},
  year={2010},
  publisher={Springer}
}

@article{gibbs2021adaptive,
  title={Adaptive conformal inference under distribution shift},
  author={Gibbs, Isaac and Candes, Emmanuel},
  journal={Advances in Neural Information Processing Systems},
  volume={34},
  pages={1660--1672},
  year={2021}
}

@article{lee2024batch,
  title={Batch predictive inference},
  author={Lee, Yonghoon and Tchetgen, Eric Tchetgen and Dobriban, Edgar},
  journal={arXiv preprint arXiv:2409.13990},
  year={2024}
}


@article{dobriban2023symmpi,
  title={SymmPI: Predictive Inference for Data with Group Symmetries},
  author={Dobriban, Edgar and Yu, Mengxin},
  journal={arXiv preprint arXiv:2312.16160},
  year={2023}
}

@misc{UCIrepo,
  author       = {Redmond, Michael},
  title        = {{Communities and Crime}},
  year         = {2002},
  howpublished = {UCI Machine Learning Repository},
  note         = {{DOI}: https://doi.org/10.24432/C53W3X}
}


@article{gui2024distributionally,
  title={Distributionally robust risk evaluation with an isotonic constraint},
  author={Gui, Yu and Barber, Rina Foygel and Ma, Cong},
  journal={arXiv preprint arXiv:2407.06867},
  year={2024}
}

@inproceedings{yu2020bdd100k,
  title={Bdd100k: A diverse driving dataset for heterogeneous multitask learning},
  author={Yu, Fisher and Chen, Haofeng and Wang, Xin and Xian, Wenqi and Chen, Yingying and Liu, Fangchen and Madhavan, Vashisht and Darrell, Trevor},
  booktitle={Proceedings of the IEEE/CVF conference on computer vision and pattern recognition},
  pages={2636--2645},
  year={2020}
}

@article{xu2025wasserstein,
  title={Wasserstein-regularized Conformal Prediction under General Distribution Shift},
  author={Xu, Rui and Chen, Chao and Sun, Yue and Venkitasubramaniam, Parvathinathan and Xie, Sihong},
  journal={arXiv preprint arXiv:2501.13430},
  year={2025}
}

@article{angelopoulos2024theoretical,
  title={Theoretical foundations of conformal prediction},
  author={Angelopoulos, Anastasios N and Barber, Rina Foygel and Bates, Stephen},
  journal={arXiv preprint arXiv:2411.11824},
  year={2024}
}

@book{vovk2022algorithmic,
  title={Algorithmic Learning in a Random World},
  author={Vovk, Vladimir and Gammerman, Alexander and Shafer, Glenn},
  year={2022},
  publisher={Springer Nature}
}

@article{hoeffding1963probability,
  title={Probability Inequalities for Sums of Bounded Random Variables},
  author={Hoeffding, Wassily},
  journal={Journal of the American Statistical Association},
  volume={58},
  number={301},
  pages={13--30},
  year={1963},
  publisher={Taylor \& Francis}
}

@inproceedings{koh2021wilds,
  title={Wilds: A benchmark of in-the-wild distribution shifts},
  author={Koh, Pang Wei and Sagawa, Shiori and Marklund, Henrik and Xie, Sang Michael and Zhang, Marvin and Balsubramani, Akshay and Hu, Weihua and Yasunaga, Michihiro and Phillips, Richard Lanas and Gao, Irena and others},
  booktitle={International conference on machine learning},
  pages={5637--5664},
  year={2021},
  organization={PMLR}
}

@inproceedings{sypetkowski2023rxrx1,
  title={Rxrx1: A dataset for evaluating experimental batch correction methods},
  author={Sypetkowski, Maciej and Rezanejad, Morteza and Saberian, Saber and Kraus, Oren and Urbanik, John and Taylor, James and Mabey, Ben and Victors, Mason and Yosinski, Jason and Sereshkeh, Alborz Rezazadeh and others},
  booktitle={Proceedings of the IEEE/CVF Conference on Computer Vision and Pattern Recognition},
  pages={4285--4294},
  year={2023}
}

@article{dunn2022distribution,
  title={Distribution-free prediction sets for two-layer hierarchical models},
  author={Dunn, Robin and Wasserman, Larry and Ramdas, Aaditya},
  journal={Journal of the American Statistical Association},
  pages={1--12},
  year={2022},
  publisher={Taylor \& Francis}
}



@article{lei2014distribution,
  title={Distribution-free prediction bands for non-parametric regression},
  author={Lei, Jing and Wasserman, Larry},
  journal={Journal of the Royal Statistical Society: Series B (Statistical Methodology)},
  volume={76},
  number={1},
  pages={71--96},
  year={2014},
  publisher={Wiley Online Library}
}

@article{guan2022prediction,
  title={Prediction and outlier detection in classification problems},
  author={Guan, Leying and Tibshirani, Robert},
  journal={Journal of the Royal Statistical Society: Series B},
  volume={84},
  number={2},
  pages={524--546},
  year={2022}
}

@article{guan2023localized,
  title={Localized conformal prediction: A generalized inference framework for conformal prediction},
  author={Guan, Leying},
  journal={Biometrika},
  volume={110},
  number={1},
  pages={33--50},
  year={2023}
}

@article{guan2023conformal,
  title={A conformal test of linear models via permutation-augmented regressions},
  author={Guan, Leying},
  journal={arXiv preprint arXiv:2309.05482},
  year={2023}
}


@article{bates2023testing,
  title={Testing for outliers with conformal p-values},
  author={Bates, Stephen and Cand{\`e}s, Emmanuel and Lei, Lihua and Romano, Yaniv and Sesia, Matteo},
  journal={The Annals of Statistics},
  volume={51},
  number={1},
  pages={149--178},
  year={2023},
  publisher={Institute of Mathematical Statistics}
}

@article{einbinder2022training,
  title={Training uncertainty-aware classifiers with conformalized deep learning},
  author={Einbinder, Bat-Sheva and Romano, Yaniv and Sesia, Matteo and Zhou, Yanfei},
  journal={{A}dvances in {N}eural {I}nformation {P}rocessing {S}ystems},
  year={2022}
}

@article{liang2022integrative,
  title={Integrative conformal p-values for powerful out-of-distribution testing with labeled outliers},
  author={Liang, Ziyi and Sesia, Matteo and Sun, Wenguang},
  journal={arXiv preprint arXiv:2208.11111},
  year={2022}
}

@inproceedings{liang2023conformal,
  title={Conformal inference is (almost) free for neural networks trained with early stopping},
  author={Liang, Ziyi and Zhou, Yanfei and Sesia, Matteo},
  booktitle={{I}nternational {C}onference on {M}achine {L}earning},
  year={2023}
}

@book{geisser2017predictive,
  title={Predictive inference: an introduction},
  author={Geisser, Seymour},
  year={2017},
  publisher={Chapman and Hall/CRC}
}


@inproceedings{park2020pac,
  title={{PAC} Confidence Predictions for Deep Neural Network Classifiers},
  author={Park, Sangdon and Li, Shuo and Lee, Insup and Bastani, Osbert},
  journal={arXiv preprint arXiv:2011.00716},
  year={2020}
}

@article{sesia2022conformal,
  title={Conformal Frequency Estimation using Discrete Sketched Data with Coverage for Distinct Queries},
  author={Sesia, Matteo and Favaro, Stefano and Dobriban, Edgar},
  journal={Journal of Machine Learning Research},
  volume={24},
  number={348},
  pages={1--80},
  year={2023}
}

@article{qiu2022distribution,
  title={Distribution-free prediction sets adaptive to covariate shift},
  author={Qiu, Hongxiang and Dobriban, Edgar and Tchetgen Tchetgen, Eric},
  journal={Journal of the Royal Statistical Society Series B},
  year={2022}
}

@inproceedings{li2022pac,
  title={PAC-Wrap: Semi-supervised pac anomaly detection},
  author={Li, Shuo and Ji, Xiayan and Dobriban, Edgar and Sokolsky, Oleg and Lee, Insup},
  booktitle={Proceedings of the 28th ACM SIGKDD Conference on Knowledge Discovery and Data Mining},
  year={2022}
}

@inproceedings{kaur2022idecode,
  title={iDECODe: In-distribution equivariance for conformal out-of-distribution detection},
  author={Kaur, Ramneet and Jha, Susmit and Roy, Anirban and Park, Sangdon and Dobriban, Edgar and Sokolsky, Oleg and Lee, Insup},
  booktitle={Proceedings of the AAAI Conference on Artificial Intelligence},
  year={2022}
}
@article{si2023pac,
  title={{PAC} prediction sets under label shift},
  author={Si, Wenwen and Park, Sangdon and Lee, Insup and Dobriban, Edgar and Bastani, Osbert},
  journal={International Conference on Learning Representations},
  year={2024}
}



@article{schick1986asymptotically,
  title={On asymptotically efficient estimation in semiparametric models},
  author={Schick, Anton},
  journal={The Annals of Statistics},
  pages={1139--1151},
  year={1986},
  publisher={JSTOR}
}

@article{kennedy2022semiparametric,
  title={Semiparametric doubly robust targeted double machine learning: a review},
  author={Kennedy, Edward H},
  journal={arXiv preprint arXiv:2203.06469},
  year={2022}
}

@article{zeng2022bayes,
  title={Bayes-Optimal Classifiers under Group Fairness},
  author={Zeng, Xianli and Dobriban, Edgar and Cheng, Guang},
  journal={arXiv preprint arXiv:2202.09724},
  year={2022}
}

@techreport{friedman2004multivariate,
  title={On multivariate goodness-of-fit and two-sample testing},
  author={Friedman, Jerome H},
  journal={Statistical Problems in Particle Physics, Astrophysics, and Cosmology},
  volume={1},
  pages={311},
  year={2003}
}

@inproceedings{papadopoulos2002inductive,
  author = {Papadopoulos, Harris and Proedrou, Kostas and Vovk, Volodya and Gammerman, Alex},
  booktitle = {European Conference on Machine Learning},
  date-added = {2021-05-10 12:03:57 -0500},
  date-modified = {2021-05-10 12:03:57 -0500},
  organization = {Springer},
  pages = {345--356},
  title = {Inductive confidence machines for regression},
  year = {2002}}


@inproceedings{Chernozhukov2018,
abstract = {We extend conformal inference to general settings that allow for time series data. Our proposal is developed as a randomization method and accounts for potential serial dependence by including block structures in the permutation scheme. As a result, the proposed method retains the exact, model-free validity when the data are i.i.d. or more generally exchangeable, similar to usual conformal inference methods. When exchangeability fails, as is the case for common time series data, the proposed approach is approximately valid under weak assumptions on the conformity score.},
archivePrefix = {arXiv},
arxivId = {1802.06300},
author = {Chernozhukov, Victor and Wuthrich, Kaspar and Zhu, Yinchu},
booktitle = {Proceedings of the 31st Conference On Learning Theory, PMLR},
eprint = {1802.06300},
file = {::},
issn = {2640-3498},
keywords = {Conformal inference,dependent data,groups,permutation and randomization},
pages = {732--749},
publisher = {PMLR},
title = {{Exact and Robust Conformal Inference Methods for Predictive Machine Learning With Dependent Data}},
url = {http://arxiv.org/abs/1802.06300},
volume = {75},
year = {2018}
}


@article{lei2013distribution,
  title={Distribution-free prediction sets},
  author={Lei, Jing and Robins, James and Wasserman, Larry},
  journal={Journal of the American Statistical Association},
  volume={108},
  number={501},
  pages={278--287},
  year={2013},
  publisher={Taylor \& Francis}
}

@article{lei2015conformal,
  title={A conformal prediction approach to explore functional data},
  author={Lei, Jing and Rinaldo, Alessandro and Wasserman, Larry},
  journal={Annals of Mathematics and Artificial Intelligence},
  volume={74},
  number={1},
  pages={29--43},
  year={2015},
  publisher={Springer}
}


@article{Angelopoulos2021,
abstract = {We introduce a framework for calibrating machine learning models so that their predictions satisfy explicit, finite-sample statistical guarantees. Our calibration algorithms work with any underlying model and (unknown) data-generating distribution and do not require model refitting. The framework addresses, among other examples, false discovery rate control in multi-label classification, intersection-over-union control in instance segmentation, and the simultaneous control of the type-1 error of outlier detection and confidence set coverage in classification or regression. Our main insight is to reframe the risk-control problem as multiple hypothesis testing, enabling techniques and mathematical arguments different from those in the previous literature. We use the framework to provide new calibration methods for several core machine learning tasks, with detailed worked examples in computer vision and tabular medical data.},
archivePrefix = {arXiv},
arxivId = {2110.01052},
author = {Angelopoulos, Anastasios N. and Bates, Stephen and Cand{\`{e}}s, Emmanuel J. and Jordan, Michael I. and Lei, Lihua},
doi = {10.48550/arxiv.2110.01052},
eprint = {2110.01052},
file = {::},
isbn = {2110.01052v5},
journal = {arXiv preprint arXiv:2110.01052v5},
title = {{Learn then Test: Calibrating Predictive Algorithms to Achieve Risk Control}},
year = {2021}
}

@article{angelopoulos2021gentle,
  title={A gentle introduction to conformal prediction and distribution-free uncertainty quantification},
  author={Angelopoulos, Anastasios N and Bates, Stephen},
  journal={arXiv preprint arXiv:2107.07511},
  year={2021}
}

@article{Sadinle2019,
abstract = {In most classification tasks, there are observations that are ambiguous and therefore difficult to correctly label. Set-valued classifiers output sets of plausible labels rather than a single label, thereby giving a more appropriate and informative treatment to the labeling of ambiguous instances. We introduce a framework for multiclass set-valued classification, where the classifiers guarantee user-defined levels of coverage or confidence (the probability that the true label is contained in the set) while minimizing the ambiguity (the expected size of the output). We first derive oracle classifiers assuming the true distribution to be known. We show that the oracle classifiers are obtained from level sets of the functions that define the conditional probability of each class. Then we develop estimators with good asymptotic and finite sample properties. The proposed estimators build on existing single-label classifiers. The optimal classifier can sometimes output the empty set, but we provide two solutions to fix this issue that are suitable for various practical needs. Supplementary materials for this article are available online.},
archivePrefix = {arXiv},
arxivId = {1609.00451},
author = {Sadinle, Mauricio and Lei, Jing and Wasserman, Larry},
doi = {10.1080/01621459.2017.1395341},
eprint = {1609.00451},
issn = {1537274X},
journal = {Journal of the American Statistical Association},
keywords = {Ambiguous observation,Bayes classifier,Multiclass classification,Nondeterministic classifier,Oracle classifier,Reject option},
number = {525},
pages = {223--234},
publisher = {American Statistical Association},
title = {{Least Ambiguous Set-Valued Classifiers With Bounded Error Levels}},
volume = {114},
year = {2019}
}

@inproceedings{park2021pac,
  title={{PAC} Prediction Sets Under Covariate Shift},
  author={Park, Sangdon and Dobriban, Edgar and Lee, Insup and Bastani, Osbert},
  booktitle={International Conference on Learning Representations},
  year={2022}
}


@inproceedings{park2022pac,
title={{PAC} Prediction Sets for Meta-Learning},
author={Sangdon Park and Edgar Dobriban and Insup Lee and Osbert Bastani},
booktitle={{A}dvances in {N}eural {I}nformation {P}rocessing {S}ystems},
year={2022}
}


@article{qiu2023prediction,
  title={Prediction sets adaptive to unknown covariate shift},
  author={Qiu, Hongxiang and Dobriban, Edgar and Tchetgen Tchetgen, Eric},
  journal={Journal of the Royal Statistical Society Series B: Statistical Methodology},
  volume={85},
  number={5},
  pages={1680--1705},
  year={2023},
  publisher={Oxford University Press US}
}

@inproceedings{Vovk2013,
abstract = {Conformal predictors are set predictors that are automatically valid in the sense of having coverage probability equal to or exceeding a given confidence level. Inductive conformal predictors are a computationally efficient version of conformal predictors satisfying the same property of validity. However, inductive conformal predictors have only been known to control unconditional coverage probability. This paper explores various versions of conditional validity and various ways to achieve them using inductive conformal predictors and their modifications. In particular, it discusses a convenient expression of one of the modifications in terms of ROC curves. {\textcopyright} 2013 The Author(s).},
archivePrefix = {arXiv},
arxivId = {1209.2673},
author = {Vovk, Vladimir},
booktitle = {Asian conference on machine learning},
doi = {10.1007/s10994-013-5355-6},
eprint = {1209.2673},
file = {::},
issn = {1938-7228},
keywords = {Batch mode of learning,Boosting,Conditional validity,Inductive conformal predictors,MART,ROC curves,Spam detection},
pages = {475--490},
publisher = {PMLR},
title = {{Conditional validity of inductive conformal predictors}},
volume = {25},
year = {2013}
}

@inproceedings{vovk2017nonparametric,
  title={Nonparametric predictive distributions based on conformal prediction},
  author={Vovk, Vladimir and Shen, Jieli and Manokhin, Valery and Xie, Min-ge},
  booktitle={Conformal and probabilistic prediction and applications},
  pages={82--102},
  year={2017},
  organization={PMLR}
}

@article{kaur2025conformal,
  title={Conformal Prediction Sets with Improved Conditional Coverage using Trust Scores},
  author={Kaur, Jivat Neet and Jordan, Michael I and Alaa, Ahmed},
  journal={arXiv preprint arXiv:2501.10139},
  year={2025}
}

@inproceedings{vanself,
  title={Self-Calibrating Conformal Prediction},
  author={van der Laan, Lars and Alaa, Ahmed},
  booktitle={The Thirty-eighth Annual Conference on Neural Information Processing Systems},
year={2024}
}

@article{sun2024conformal,
  title={Conformal prediction for uncertainty-aware planning with diffusion dynamics model},
  author={Sun, Jiankai and Jiang, Yiqi and Qiu, Jianing and Nobel, Parth and Kochenderfer, Mykel J and Schwager, Mac},
  journal={Advances in Neural Information Processing Systems},
  volume={36},
  year={2024}
}

@article{ramalingam2024uncertainty,
  title={Uncertainty Quantification for Neurosymbolic Programs via Compositional Conformal Prediction},
  author={Ramalingam, Ramya and Park, Sangdon and Bastani, Osbert},
  journal={arXiv preprint arXiv:2405.15912},
  year={2024}
}

@inproceedings{straitouri2023improving,
  title={Improving expert predictions with conformal prediction},
  author={Straitouri, Eleni and Wang, Lequn and Okati, Nastaran and Rodriguez, Manuel Gomez},
  booktitle={International Conference on Machine Learning},
  pages={32633--32653},
  year={2023},
  organization={PMLR}
}

@inproceedings{vishwakarma2024improving,
  title={Improving Decision-Making in Open-World Agents with Conformal Prediction and Monty Hall},
  author={Vishwakarma, Harit and Mishler, Alan and Cook, Thomas and Dalmasso, Niccolo and Raman, Natraj and Ganesh, Sumitra},
  booktitle={NeurIPS 2024 Workshop on Open-World Agents},
year = {2024}
}

@misc{noorani2024conformalriskminimizationvariance,
      title={Conformal Risk Minimization with Variance Reduction}, 
      author={Sima Noorani and Orlando Romero and Nicolo Dal Fabbro and Hamed Hassani and George J. Pappas},
      year={2024},
      eprint={2411.01696},
      archivePrefix={arXiv},
      primaryClass={cs.LG},
      url={https://arxiv.org/abs/2411.01696}, 
}


@article{kiyani2024length,
  title={Length optimization in conformal prediction},
  author={Kiyani, Shayan and Pappas, George and Hassani, Hamed},
  journal={arXiv preprint arXiv:2406.18814},
  year={2024}
}

@article{kiyani2024conformal,
  title={Conformal Prediction with Learned Features},
  author={Kiyani, Shayan and Pappas, George and Hassani, Hamed},
  journal={arXiv preprint arXiv:2404.17487},
  year={2024}
}


@inproceedings{vovk2018cross,
  title={Cross-conformal predictive distributions},
  author={Vovk, Vladimir and Nouretdinov, Ilia and Manokhin, Valery and Gammerman, Alexander},
  booktitle={conformal and probabilistic prediction and applications},
  pages={37--51},
  year={2018},
  organization={PMLR}
}

@article{vovk2020computationally,
  title={Computationally efficient versions of conformal predictive distributions},
  author={Vovk, Vladimir and Petej, Ivan and Nouretdinov, Ilia and Manokhin, Valery and Gammerman, Alexander},
  journal={Neurocomputing},
  volume={397},
  pages={292--308},
  year={2020},
  publisher={Elsevier}
}


@InProceedings{pmlr-v25-vovk12,
  title = 	 {Conditional Validity of Inductive Conformal Predictors},
  author = 	 {Vovk, Vladimir},
  booktitle = 	 {Proceedings of the Asian Conference on Machine Learning},
  pages = 	 {475--490},
  year = 	 {2012},
  editor = 	 {Hoi, Steven C. H. and Buntine, Wray},
  volume = 	 {25},
  series = 	 {Proceedings of Machine Learning Research},
  address = 	 {Singapore Management University, Singapore},
  month = 	 {04--06 Nov},
  publisher =    {PMLR},
  pdf = 	 {http://proceedings.mlr.press/v25/vovk12/vovk12.pdf},
  url = 	 {https://proceedings.mlr.press/v25/vovk12.html},
  abstract = 	 {Conformal predictors are set predictors that are automatically valid in the sense of having coverage probability equal to or exceeding a given confidence level. Inductive conformal predictors are a computationally efficient version of conformal predictors satisfying the same property of validity. However, inductive conformal predictors have been only known to control unconditional coverage probability. This paper explores various versions of conditional validity and various ways to achieve them using inductive conformal predictors and their modifications.}
}


@ARTICLE{2019arXiv190304684F,
       author = {{Foygel Barber}, Rina and {Cand{\`e}s}, Emmanuel J. and {Ramdas}, Aaditya and {Tibshirani}, Ryan J.},
        title = "{The limits of distribution-free conditional predictive inference}",
      journal = {arXiv e-prints},
     keywords = {Mathematics - Statistics Theory},
         year = 2019,
        month = mar,
          eid = {arXiv:1903.04684},
        pages = {arXiv:1903.04684},
          doi = {10.48550/arXiv.1903.04684},
archivePrefix = {arXiv},
       eprint = {1903.04684},
 primaryClass = {math.ST},
       adsurl = {https://ui.adsabs.harvard.edu/abs/2019arXiv190304684F},
      adsnote = {Provided by the SAO/NASA Astrophysics Data System}
}


@misc{vanderlaan2024selfcalibratingconformalprediction,
      title={Self-Calibrating Conformal Prediction}, 
      author={Lars van der Laan and Ahmed M. Alaa},
      year={2024},
      eprint={2402.07307},
      archivePrefix={arXiv},
      primaryClass={stat.ML},
      url={https://arxiv.org/abs/2402.07307}, 
}


@article{romano2019conformalized,
  title={Conformalized quantile regression},
  author={Romano, Yaniv and Patterson, Evan and Candes, Emmanuel},
  journal={Advances in neural information processing systems},
  volume={32},
  year={2019}
}

@article{angelopoulos2020uncertainty,
  title={Uncertainty sets for image classifiers using conformal prediction},
  author={Angelopoulos, Anastasios and Bates, Stephen and Malik, Jitendra and Jordan, Michael I},
  journal={arXiv preprint arXiv:2009.14193},
  year={2020}
}


@article{gupta2022nested,
  title={Nested conformal prediction and quantile out-of-bag ensemble methods},
  author={Gupta, Chirag and Kuchibhotla, Arun K and Ramdas, Aaditya},
  journal={Pattern Recognition},
  volume={127},
  pages={108496},
  year={2022},
  publisher={Elsevier}
}