@techreport{3GPP2018,
  author={{3rd Generation Partnership Project (3GPP)}},
  title={{Study on management and orchestration of network slicing for
next generation network (Release 15)}},
  Institution={},
  type={{3GPP TR 28.801 V15.1.0}},
  month={January},
  year={2018},
}

@TECHREPORT{3GPP2023_1,
  author={{3rd Generation Partnership Project (3GPP)}},
  title={System architecture for the {5G System (5GS)} {(Release 18)}},
  Institution={},
  type={{3GPP TS 23.501 V18.4.0}},
  month={December},
  year={2023},
}

@TECHREPORT{3GPP2023_2,
  author={{3rd Generation Partnership Project (3GPP)}},
  title={Procedures for the {5G System (5GS)} {(Release 18)}},
  Institution={},
  type={{3GPP TS 23.502 V18.4.0}},
  month={December},
  year={2023},
}

@TECHREPORT{3GPP2024_1,
  author={{3rd Generation Partnership Project (3GPP)}},
  title={Management and orchestration; Concepts, use cases and requirements {(Release 18)}},
  Institution={},
  type={{3GPP TS 28.530 V18.0.0}},
  month={January},
  year={2024},
}

@TECHREPORT{3GPP2024_2,
  author={{3rd Generation Partnership Project (3GPP)}},
  title={Management and orchestration; Architecture framework {(Release 18)}},
  Institution={},
  type={{3GPP TS 28.533 V18.0.0}},
  month={January},
  year={2024},
}

@INPROCEEDINGS{Baba2019,
  author={Baba, Hiroki and Tojo, Takuya and Yasukawa, Seisho and Okazaki, Yoshikatsu},
  booktitle={2019 IEEE 2nd 5G World Forum (5GWF)}, 
  title={Soft-isolated Network Slicing Evaluation for {5G} Low-Latency Services with Real Application Micro-burst}, 
  year={2019},
  volume={},
  number={},
  pages={528-531},
  keywords={Delays;5G mobile communication;Bit rate;YouTube;Streaming media;Servers;Network slicing;5G;Micro-burst;Isolation;QoS},
  doi={10.1109/5GWF.2019.8911695}}

@INPROCEEDINGS{Bosk2021,
  author={Bosk, Marcin and Gajić, Marija and Schwarzmann, Susanna and Lange, Stanislav and Trivisonno, Riccardo and Marquezan, Clarissa and Zinner, Thomas},
  booktitle={2021 17th Int. Conf. on Netw. and Service Manage. (CNSM)}, 
  title={Using {5G QoS} Mechanisms to Achieve {QoE}-Aware Resource Allocation}, 
  year={2021},
  volume={},
  number={},
  pages={283-291},
  keywords={5G mobile communication;Network slicing;Systems operation;Bit rate;Quality of service;Complexity theory;Resource management;QoE;QoE-aware networking;5G;network slicing;mobile networks},
  doi={10.23919/CNSM52442.2021.9615557}
}

@ARTICLE{Campolo2017,
  author={Campolo, Claudia and Molinaro, Antonella and Iera, Antonio and Menichella, Francesco},
  journal={IEEE Wireless Commun.}, 
  title={{5G} Network Slicing for Vehicle-to-Everything Services}, 
  year={2017},
  volume={24},
  number={6},
  pages={38-45},
  keywords={5G mobile communication;3GPP;Cloud computing;Road transportation;Autonomous vehicles;Road transportation;Intelligent vehicles;Vehicular ad hoc networks},
  doi={10.1109/MWC.2017.1600408}
}

@INPROCEEDINGS{Campolo2018,
  author={Campolo, Claudia and Molinaro, Antonella and Iera, Antonio and Fontes, Ramon R. and Rothenberg, Christian E.},
  booktitle={2018 4th IEEE Conf. Netw. Softwarization and Workshops (NetSoft)}, 
  title={Towards {5G} Network Slicing for the {V2X} Ecosystem}, 
  year={2018},
  volume={},
  number={},
  pages={400-405},
  keywords={5G mobile communication;Network slicing;3GPP;Automotive Eng.;Conf.s;Reliability;Industries;V2X;5G;network slicing;network softwarization},
  doi={10.1109/NETSOFT.2018.8459911}
}

@INPROCEEDINGS{Chang2021,
  author={{Chang, Chia-Yu et al}},
  booktitle={2021 IEEE 7th Int. Conf. on Netw. Softwarization (NetSoft)}, 
  title={Slice Isolation for {5G} Transport Networks}, 
  year={2021},
  volume={},
  number={},
  pages={366-368},
  keywords={Industries;5G mobile communication;Network slicing;Conf.s;Pipelines;Ecosystems;Switches},
  doi={10.1109/NetSoft51509.2021.9492646}}

@ARTICLE{Chen2022,
  author={Chen, Yan-Wei and Li, Chi-Yu and Tseng, Chien-Chao and Hu, Min-Zhi},
  journal={IEEE Trans. on Netw. and Service Manage.}, 
  title={{P4-TINS}: P4-Driven Traffic Isolation for Network Slicing With Bandwidth Guarantee and Management}, 
  year={2022},
  volume={19},
  number={3},
  pages={3290-3303},
  keywords={Bandwidth;Meters;Interference;Quality of service;Pipelines;Network slicing;Control systems;P4;network slicing;programmable switch;bandwidth management},
  doi={10.1109/TNSM.2022.3159232}}

@ARTICLE{Cui2022,
  author={Cui, Yaping and Huang, Xinyun and He, Peng and Wu, Dapeng and Wang, Ruyan},
  journal={IEEE Internet of Things J.}, 
  title={{QoS} Guaranteed Network Slicing Orchestration for Internet of Vehicles}, 
  year={2022},
  volume={9},
  number={16},
  pages={15215-15227},
  keywords={Quality of service;Network slicing;Resource management;Internet of Things;Vehicle dynamics;Deep learning;Vehicular ad hoc networks;Deep reinforcement learning (DRL);Internet of Vehicles (IoV);network slicing;resource allocation},
  doi={10.1109/JIOT.2022.3147897}
}

@article{Cui2023,
title = {{URLLC-eMBB} hierarchical network slicing for Internet of Vehicles: An {AoI}-sensitive approach},
journal = {Veh. Commun.},
volume = {43},
pages = {100648},
year = {2023},
issn = {2214-2096},
doi = {https://doi.org/10.1016/j.vehcom.2023.100648},
url = {https://www.sciencedirect.com/science/article/pii/S2214209623000785},
author = {Yaping Cui and Xisheng Yang and Peng He and Ruyan Wang and Dapeng Wu},
keywords = {Vehicular networks, Network slicing, Age of information, Resource allocation, Stackelberg game}
}

@ARTICLE{Cui2024,
  author={Cui, Yaping and Shi, Hongji and Wang, Ruyan and He, Peng and Wu, Dapeng and Huang, Xinyun},
  journal={IEEE Trans. on Intelligent Transportation Systems}, 
  title={Multi-Agent Reinforcement Learning for Slicing Resource Allocation in Vehicular Networks}, 
  year={2024},
  volume={25},
  number={2},
  pages={2005-2016},
  keywords={Resource management;Network slicing;Costs;Computational modeling;Task analysis;Quality of service;Delays;Vehicular networks;network slicing;deep reinforcement learning;resource allocation},
  doi={10.1109/TITS.2023.3314929}
}

@techreport{GSMA,
  author={{GSM Association}},
  title={{Generic Network Slice Template
 (8.0)}},
  Institution={},
  type={{NG.116-v8.0-1}},
  month={January},
  year={2023},
}

@INPROCEEDINGS{Gajic2022,
  author={Gajić, Marija and Bosk, Marcin and Schwarzmann, Susanna and Lange, Stanislav and Zinner, Thomas},
  booktitle={IEEE INFOCOM 2022 - IEEE Conf. on Computer Commun. Workshops (INFOCOM WKSHPS)}, 
  title={Demonstrating {QoE}-aware {5G} Network Slicing Emulated with HTB in {OMNeT++}}, 
  year={2022},
  volume={},
  number={},
  pages={1-2},
  keywords={5G mobile communication;Network slicing;Conf.s;Bit rate;Bandwidth;Resource management},
  doi={10.1109/INFOCOMWKSHPS54753.2022.9798038}}

@ARTICLE{Khan2021,
  author={Khan, Ammara Anjum and Abolhasan, Mehran and Ni, Wei and Lipman, Justin and Jamalipour, Abbas},
  journal={IEEE Trans. on Veh. Technol.}, 
  title={An End-to-End (E2E) Network Slicing Framework for {5G} Vehicular Ad-Hoc Networks}, 
  year={2021},
  volume={70},
  number={7},
  pages={7103-7112},
  keywords={Network slicing;5G mobile communication;Mission critical systems;Quality of service;Cloud computing;Reliability;Servers;Network slicing;5 G;vehicular ad-hoc networks;VANETs;edge computing;software defined networking;network function virtualization;genetic algorithm},
  doi={10.1109/TVT.2021.3084735}
}

@ARTICLE{Lin2021,
AUTHOR = {Lin, Yi-Bing and Tseng, Chien-Chao and Wang, Ming-Hung},
TITLE = {Effects of Transport Network Slicing on {5G} Applications},
JOURNAL = {Future Internet},
VOLUME = {13},
YEAR = {2021},
NUMBER = {3},
ARTICLE-NUMBER = {69},
URL = {https://www.mdpi.com/1999-5903/13/3/69},
ISSN = {1999-5903},
DOI = {10.3390/fi13030069}
}

@ARTICLE{Ndikumana2023,
  author={Ndikumana, Anselme and Nguyen, Kim Khoa and Cheriet, Mohamed},
  journal={IEEE Trans. Netw. and Service Manage.}, 
  title={Two-Level Closed Loops for {RAN} Slice Resources Management Serving Flying and Ground-Based Cars}, 
  year={2023},
  volume={20},
  number={2},
  pages={1184-1198},
  keywords={Automobiles;Quality of service;Resource management;Optimization;Network slicing;Radio access networks;Base stations;Open radio access network;network slicing;urban aerial mobility;connected car systems},
  doi={10.1109/TNSM.2023.3246420}
}

@ARTICLE{Raussi2023,
  author={Raussi, Petra and Kokkoniemi-Tarkkanen, Heli and Ahola, Kimmo and Heikkinen, Antti and Uitto, Mikko},
  journal={The J. of Eng.}, 
  title={Prioritizing protection communication in a {5G} slice: Evaluating HTB traffic shaping and UL bitrate adaptation for enhanced reliability}, 
  year={2023},
  volume={2023},
  number={9},
  pages={e12309},
  keywords={power system faults, relay protection, substation automation, telecommunication network reliability},
  doi={10.1049/tje2.12309}
}

@ARTICLE{Wang2019,
  author={{Wang, Qi et al.}},
  journal={IEEE Trans. on Broadcast.}, 
  title={Enable Advanced {QoS}-Aware Network Slicing in {5G} Networks for Slice-Based Media Use Cases}, 
  year={2019},
  volume={65},
  number={2},
  pages={444-453},
  keywords={Network slicing;5G mobile communication;Quality of service;Electronic healthcare;Safety;Mission critical systems;Media;5G;network slicing;quality of service;eHealth;media use case;verticals},
  doi={10.1109/TBC.2019.2901402}
}

@article{Zamfirescu2024,
title = {Network slice allocation for {5G V2X} networks: A case study from framework to implementation and performance assessment},
journal = {Veh. Commun.},
volume = {45},
pages = {100691},
year = {2024},
issn = {2214-2096},
doi = {https://doi.org/10.1016/j.vehcom.2023.100691},
url = {https://www.sciencedirect.com/science/article/pii/S2214209623001213},
author = {Ciprian Zamfirescu and Radu Iugulescu and Răzvan Crăciunescu and Alexandru Vulpe and Frank Y. Li and Simona Halunga},
keywords = {5G, Network slicing, V2X Commun., Implementation and simulation, Performance assessment},
}

@ARTICLE{chang-5growth,
  author={{Chang, Chia-Yu et al.}},
  journal={IEEE Access}, 
  title={Performance Isolation for Network Slices in {Industry} 4.0: The {5G}rowth Approach}, 
  year={2021},
  volume={9},
  number={},
  pages={166990-167003},
  keywords={Switches;Meters;Bandwidth;Quality of service;Network slicing;5G mobile communication;Software;Communication system traffic control;performance isolation;network slicing;OpenFlow;P4;quality of service;software defined networking},
  doi={10.1109/ACCESS.2021.3135827}
}

@techreport{draft-cbs-teas-5qi-to-dscp-mapping,
    number={draft-cbs-teas-5qi-to-dscp-mapping-03},
    author={{Luis M. Contreras and Ivan Bykov and Krzysztof Grzegorz Szarkowicz}},
    title={{5QI} to DiffServ {DSCP} Mapping Example for Enforcement of {5G} End-to-End Network Slice {QoS}},
    type={{Internet-Draft}},
    institution={Internet Eng. Task Force (IETF)},
    publisher={Internet Eng. Task Force},
    note={Work in Progress},
    url={https://datatracker.ietf.org/doc/draft-cbs-teas-5qi-to-dscp-mapping/03/},
    year={2024}
}

@techreport{draft-ietf-teas-5g-network-slice-application,
    number={draft-ietf-teas-5g-network-slice-application-02},
    author={{Xuesong Geng, Luis M. Contreras, Reza Rokui, Jie Dong, Ivan Bykov}},
    title={{IETF} Network Slice Application in {3GPP 5G} End-to-End Network Slice},
    type={{Internet-Draft}},
    institution={Internet Eng. Task Force (IETF)},
    publisher={Internet Eng. Task Force},
    note={Work in Progress},
    url={https://datatracker.ietf.org/doc/draft-ietf-teas-5g-network-slice-application/02/},
    year={2023}
}

@techreport{draft-ietf-teas-5g-ns-ip-mpls,
    number={draft-ietf-teas-5g-ns-ip-mpls-15},
    author={{Krzysztof Grzegorz Szarkowicz and Richard Roberts and Julian Lucek and Mohamed Boucadair and Luis M. Contreras}},
    title={A Realization of Network Slices for {5G} Networks Using Current {IP/MPLS} Technologies},
    type={{Internet-Draft}},
    institution={Internet Eng. Task Force (IETF)},
    publisher={Internet Eng. Task Force},
    note={Work in Progress},
    url={https://datatracker.ietf.org/doc/draft-ietf-teas-5g-ns-ip-mpls/15/},
    year={2024}
}

@article{huin,
title = {Routing and slot allocation in {5G} hard slicing},
journal = {Computer Commun.},
volume = {201},
pages = {72-90},
year = {2023},
issn = {0140-3664},
doi = {https://doi.org/10.1016/j.comcom.2023.01.008},
url = {https://www.sciencedirect.com/science/article/pii/S0140366423000166},
author = {Nicolas Huin and Jérémie Leguay and Sébastien Martin and Paolo Medagliani},
keywords = {5G, Hard Slicing, Flex Ethernet, Column generation, Polyhedral analysis}
}

@INPROCEEDINGS{martin,
  author={Martin, Sebastien and Medagliani, Paolo and Leguay, Jeremie},
  booktitle={2021 17th Int. Conf. Netw. and Service Manage. (CNSM)}, 
  title={Network Slicing for Deterministic Latency}, 
  year={2021},
  volume={},
  number={},
  pages={572-577},
  keywords={Network topology;5G mobile communication;Network slicing;Quality of service;Jitter;Routing;Complexity theory;Deterministic networks;Bounded delay;Deficit Round Robin;Network slicing},
  doi={10.23919/CNSM52442.2021.9615576}}

@misc{rfc9543,
    series =    {Request for Comments},
    number =    9543,
    howpublished =  {RFC 9543},
    publisher = {RFC Editor},
    doi =       {10.17487/RFC9543},
    url =       {https://www.rfc-editor.org/info/rfc9543},
    author =    {Adrian Farrel and John Drake and Reza Rokui and Shunsuke Homma and Kiran Makhijani and Luis M. Contreras and Jeff Tantsura},
    title =     {A Framework for Network Slices in Networks Built from {IETF} Technologies},
    pagetotal = 44,
    year =      2024,
    month =     mar
}

