@article{hassabis2016alphago,
  title={AlphaGo: using machine learning to master the ancient game of Go},
  author={Hassabis, Demis},
  journal={Google. https://blog. google/topics/machine-learning/alphago-machine-learning-game-go},
  year={2016}
}

@article{berliner1980backgammon,
  title={Backgammon computer program beats world champion},
  author={Berliner, Hans J},
  journal={Artificial Intelligence},
  volume={14},
  number={2},
  pages={205--220},
  year={1980},
  publisher={Elsevier}
}

@inproceedings{cleland2006detection,
	title={The detection and classification of non-functional requirements with application to early aspects},
	author={Cleland-Huang, Jane and Settimi, Raffaella and Zou, Xuchang and Solc, Peter},
	booktitle={Requirements Engineering, 14th IEEE International Conference},
	pages={39--48},
	year={2006},
	organization={IEEE}
}

@inproceedings{boella2008reasoning,
	title={Reasoning about constitutive norms, counts-as conditionals, institutions, deadlines and violations},
	author={Boella, Guido and Broersen, Jan and van der Torre, Leendert},
	booktitle={Pacific Rim International Conference on Multi-Agents},
	pages={86--97},
	year={2008},
	organization={Springer}
}

@article{mikolov2013efficient,
	title={Efficient estimation of word representations in vector space},
	author={Mikolov, Tomas and Chen, Kai and Corrado, Greg and Dean, Jeffrey},
	journal={arXiv preprint arXiv:1301.3781},
	year={2013}
}

@article{allen1983maintaining,
	title={Maintaining knowledge about temporal intervals},
	author={Allen, James F},
	journal={Communications of the ACM},
	volume={26},
	number={11},
	pages={832--843},
	year={1983},
	publisher={ACM}
}

@inproceedings{rehurek_lrec,
	title = {{Software Framework for Topic Modelling with Large Corpora}},
	author = {Radim {\v R}eh{\r u}{\v r}ek and Petr Sojka},
	booktitle = {{Proceedings of the LREC 2010 Workshop on New
	Challenges for NLP Frameworks}},
	pages = {45--50},
	year = 2010,
	month = May,
	day = 22,
	publisher = {ELRA},
	address = {Valletta, Malta},
	note={\url{http://is.muni.cz/publication/884893/en}},
	language={English}
}

@article{ProM,
	title   = "Process Mining Software",
	journal = "Process Mining",
	volume  = "Part V",
	number  = "",
	pages   = "pp 325-352",
	year    = "2016",
	doi     = "10.1007/978-3-662-49851-4\_11",
	author  = "Wil van der Aalst"
}

@article{ZMKM,
  title   = "Mining Software Logs for Goal-Driven Root Cause Analysis",
  journal = "The Art and Science of Analyzing Software Data",
  volume  = "",
  number  = "",
  pages   = "pp. 519-554",
  year    = "2015",
  doi     = "",
  author  = "Hamzeh Zawawy and Serge Mankovskii and Kostas Kontogiannis and John Mylopoulos"
}

@article{GSSD,
  title   = "Data-driven Requirements Modeling: Some Initial Results with i$^*$",
  journal = "Tenth Asia-Pacific Conference on Conceptual Modelling (APCCM)",
  volume  = "",
  pages   = "pp. 55-64",
  year    = "2014",
  doi     = "",
  author  = "Aditya Ghose and Metta Santiputri and Ayu Saraswati and Hoa Khanh Dam"
}

@article{JDDS,
	title   = "Mining Requirements From Closed-Loop Control Models",
	journal = "IEEE Transactions on Computer-Aided Design of Integrated Circuits and Systems,",
	volume  = "Vol. 34(11)",
	pages   = "pp. 1704-1717",
	year    = "2015",
	doi     = "",
	author  = "Xiaoqing Jin and Alexandre Donze and Jyotirmoy V. Deshmukh and Sanjit A. Seshia"
}

@article{QZJZ,
	author = "Jiayin Qi and Zhenping Zhang and Seongmin Jeon and Yanquan Zhou",
	title = "Mining customer requirements from online reviews: A product improvement perspective",
	journal = "Information \& Management, Elsevier,",
	volume = "Vol. 53",
	pages   = "pp. 951-963",
	year = "2016"
}

@article{GP,
	title   = "Maintaining Requirements using Web Usage Data",
	journal = " International Conference on ENTERprise Information Systems/International Conference on Project MANagement/International Conference on Health and Social Care Information Systems and Technologies, CENTERIS/ProjMAN / HCist, Procedia Computer Science,",
	volume  = "Vol. 100",
	pages   = "pp. 626-633",
	year    = "2016",
	doi     = "",
	author  = "Jorge Esparteiro Garcia and Ana C.R. Paiva"
}

@article{KDFR,
	title   = "ACon:A learning-based approach to deal with uncertainty in contextual requirements at run time",
	journal = "Information and Software Technology, Elsevier,",
	volume  = "Vol. 70",
	pages   = "pp. 85-99",
	year    = "2016",
	doi     = "",
	author  = "Alessia Knauss and Daniela Damian and Xavier Franch and Angela Rook and Hausi A. MÃ¼ller and Alex Thomo"
}

@article{HSRS,
	title   = "Efficient Process Discovery From Event Streams Using Sequential Pattern Mining",
	journal = "IEEE Symposium Series on Computational Intelligence",
	volume  = "",
	pages   = "pp. 1366-1373",
	year    = "2015",
	doi     = "",
	author  = "Marwan Hassani and Sergio Siccha and Florian Richter and Thomas Seidl"
}

@article{SG,
	title   = "CUSE: A novel cube-based approach for sequential pattern mining",
	journal = "4th International Symposium on Computational and Business Intelligence (ISCBI)",
	volume  = "",
	pages   = "pp. 186-190",
	year    = "2016",
	doi     = "",
	author  = "Mohammad Karim Sohrabi and Vahid Ghods"
}

@article{HLWS,
	title   = "A geometric approach for mining sequential patterns in interval-based data streams",
	journal = "IEEE International Conference on Fuzzy Systems (FUZZ-IEEE)",
	volume  = "",
	pages   = "pp. 2128-2135",
	year    = "2016",
	doi     = "",
	author  = "Marwan Hassani and Yifeng Lu and Jens Wischnewsky and Thomas Seidl"
}

@article{CM,
	title   = "Extension of prefix span approach with GRC constraints for sequential pattern mining",
	journal = "International Conference on Electrical, Electronics, and Optimization Techniques (ICEEOT)",
	volume  = "",
	pages   = "pp. 2496-2498",
	year    = "2016",
	doi     = "",
	author  = "Minubhai Chaudhari and Chirag Mehta"
}

@article{FZLC,
	title   = "A improved sequential pattern mining algorithm based on PrefixSpan",
	journal = "World Automation Congress (WAC)",
	volume  = "",
	pages   = "pp. 1-4",
	year    = "2016",
	doi     = "",
	author  = "Xue Fei and Shan Zheng and Yan Li-jing and Fan Chao"
}

@article{PC,
	title   = "A review on sequential pattern mining using pattern growth approach",
	journal = "International Conference on Wireless Communications, Signal Processing and Networking (WiSPNET)",
	volume  = "",
	pages   = "pp. 1424-1427",
	year    = "2016",
	doi     = "",
	author  = "Roshani Patel and Tarunika Chaudhari"
}

@article{UHAK,
	title   = "Sequential pattern mining on electronic medical records with handling time intervals and the efficacy of medicines",
	journal = "IEEE Symposium on Computers and Communication (ISCC)",
	volume  = "",
	pages   = "pp. 20-25",
	year    = "2016",
	doi     = "",
	author  = "Keishiro Uragaki and Tomoyuki Hosaka and Yoshitaka Arahori and Muneo Kushima"
}

@article{AT,
	title   = "Survey on sequential pattern mining algorithms",
	journal = "2nd International Conference on Knowledge-Based Engineering and Innovation (KBEI)",
	volume  = "",
	pages   = "pp. 1153-1164",
	year    = "2015",
	doi     = "",
	author  = "Sedigheh Abbasghorbani and Reza Tavoli"
}

@article{ZWZ,
	title   = "User Behavior Detection for Online Survey via Sequential Pattern Mining",
	journal = "Fifth International Conference on Instrumentation and Measurement, Computer, Communication and Control (IMCCC)",
	volume  = "",
	pages   = "pp. 493-497",
	year    = "2015",
	doi     = "",
	author  = "Xiaowei Zhu and Shaochun Wu and Guobing Zou"
}

@article{NWL,
	title   = "Mining organizational structure from workflow logs",
	journal = "Proceeding of the International Conference on e-Education, Entertainment and e-Management",
	volume  = "",
	pages   = "pp. 222-225",
	year    = "2011",
	doi     = "",
	author  = "Zhiwei Ni and Sha Wang and Huaiying Li"
}

@article{SCJM,
title   = "A framework for efficiently mining the organisational perspective of business processes",
journal = "Decision Support Systems, Elsevier,",
volume  = "Vol. 89",
pages   = "pp. 87-97",
year    = "2016",
author  = "Stefan and Cristina Cabanillas and Stefan Jablonski and Jan Mendling"
}

@inproceedings{blevi2015discovery,
	title={{Discovery and analysis of the Dutch permitting process}},
	author={Liese Blevi and Peter Van den Spiegel},
	booktitle={Fifth International Business Process Intelligence Challenge},
	series={BPIC'15},
	year={2015}
}

@inproceedings{teinemaa2015diagnostics,
	title={{BPIC 2015: Diagnostics of Building Permit Application Process in Dutch Municipalities}},
	author={Irene Teinemaa and Anna Leontjeva and Karl-Oskar Masing},
	booktitle={Fifth International Business Process Intelligence Challenge},
	series={BPIC'15},
	year={2015}
}

@article{viger2014spmf,
	title={{SPMF: A Java Open-Source Pattern Mining Library}},
	author={Viger, Philippe Fournier and Gomariz, Antonio and Gueniche, Ted and Soltani, Azadeh and Wu, Cheng-Wei and Tseng, Vincent S},
	journal={Journal of Machine Learning Research},
	volume={15},
	pages={3389--3393},
	year={2014}
}

@inproceedings{1319986,
	author={Jianyong Wang and Jiawei Han},
	booktitle={Proceedings of the 20th International Conference on Data Engineering},
	title={{BIDE: Efficient Mining of Frequent Closed Sequences}},
	year={2004},
	pages={79-90},
	doi={10.1109/ICDE.2004.1319986},
	ISSN={1063-6382}
}