
% Journals

% First the Full Name is given, then the abbreviation used in the AMS Math
% Reviews, with an indication if it could not be found there.
% Note the 2nd overwrites the 1st, so swap them if you want the full name.

 %{AMS}
 @String{AMSTrans = "American Mathematical Society Translations" }
 @String{AMSTrans = "Amer. Math. Soc. Transl." }
 @String{BullAMS = "Bulletin of the American Mathematical Society" }
 @String{BullAMS = "Bull. Amer. Math. Soc." }
 @String{ProcAMS = "Proceedings of the American Mathematical Society" }
 @String{ProcAMS = "Proc. Amer. Math. Soc." }
 @String{TransAMS = "Transactions of the American Mathematical Society" }
 @String{TransAMS = "Trans. Amer. Math. Soc." }

 %ACM
 @String{CACM = "Communications of the {ACM}" }
 @String{CACM = "Commun. {ACM}" }
 @String{CompServ = "Comput. Surveys" }
 @String{JACM = "J. ACM" }
 @String{ACMMathSoft = "{ACM} Transactions on Mathematical Software" }
 @String{ACMMathSoft = "{ACM} Trans. Math. Software" }
 @String{SIGNUM = "{ACM} {SIGNUM} Newsletter" }
 @String{SIGNUM = "{ACM} {SIGNUM} Newslett." }

 @String{AmerSocio = "American Journal of Sociology" }
 @String{AmerStatAssoc = "Journal of the American Statistical Association" }
 @String{AmerStatAssoc = "J. Amer. Statist. Assoc." }
 @String{ApplMathComp = "Applied Mathematics and Computation" }
 @String{ApplMathComp = "Appl. Math. Comput." }
 @String{AmerMathMonthly = "American Mathematical Monthly" }
 @String{AmerMathMonthly = "Amer. Math. Monthly" }
 @String{BIT = "{BIT}" }
 @String{BritStatPsych = "British Journal of Mathematical and Statistical
          Psychology" }
 @String{BritStatPsych = "Brit. J. Math. Statist. Psych." }
 @String{CanMathBull = "Canadian Mathematical Bulletin" }
 @String{CanMathBull = "Canad. Math. Bull." }
 @String{CompApplMath = "Journal of Computational and Applied Mathematics" }
 @String{CompApplMath = "J. Comput. Appl. Math." }
 @String{CompPhys = "Journal of Computational Physics" }
 @String{CompPhys = "J. Comput. Phys." }
 @String{CompStruct = "Computers and Structures" }
 @String{CompStruct = "Comput. \& Structures" }
 @String{CompJour = "The Computer Journal" }
 @String{CompJour = "Comput. J." }
 @String{CompSysSci = "Journal of Computer and System Sciences" }
 @String{CompSysSci = "J. Comput. System Sci." }
 @String{Computing = "Computing" }
 @String{ContempMath = "Contemporary Mathematics" }
 @String{ContempMath = "Contemp. Math." }
 @String{Crelle = "Crelle's Journal" }
 @String{GiornaleMath = "Giornale di Mathematiche" }
 @String{GiornaleMath = "Giorn. Mat." } % didn't find in AMS MR., ibid.

 %IEEE
 @String{Computer = "{IEEE} Computer" }
 @String{IEEETransComp = "{IEEE} Transactions on Computers" }
 @String{IEEETransComp = "{IEEE} Trans. Comput." }
 @String{IEEETransAC = "{IEEE} Transactions on Automatic Control" }
 @String{IEEETransAC = "{IEEE} Trans. Automat. Control" }
 @String{IEEESpec = "{IEEE} Spectrum" } % didn't find in AMS MR
 @String{ProcIEEE = "Proceedings of the {IEEE}" }
 @String{ProcIEEE = "Proc. {IEEE}" } % didn't find in AMS MR
 @String{IEEETransAeroElec = "{IEEE} Transactions on Aerospace and Electronic
     Systems" }
 @String{IEEETransAeroElec = "{IEEE} Trans. Aerospace Electron. Systems" }

 @String{IMANumerAna = "{IMA} Journal of Numerical Analysis" }
 @String{IMANumerAna = "{IMA} J. Numer. Anal." }
 @String{InfProcLet = "Information Processing Letters" }
 @String{InfProcLet = "Inform. Process. Lett." }
 @String{InstMathApp = "Journal of the Institute of Mathematics and
     its Applications" }
 @String{InstMathApp = "J. Inst. Math. Appl." }
 @String{IntControl = "International Journal of Control" }
 @String{IntControl = "Internat. J. Control" }
 @String{IntNumerEng = "International Journal for Numerical Methods in
     Engineering" }
 @String{IntNumerEng = "Internat. J. Numer. Methods Engrg." }
 @String{IntSuper = "International Journal of Supercomputing Applications" }
 @String{IntSuper = "Internat. J. Supercomputing Applic." } % didn't find
%% in AMS MR
 @String{Kibernetika = "Kibernetika" }
 @String{JResNatBurStand = "Journal of Research of the National Bureau
     of Standards" }
 @String{JResNatBurStand = "J. Res. Nat. Bur. Standards" }
 @String{LinAlgApp = "Linear Algebra and its Applications" }
 @String{LinAlgApp = "Linear Algebra Appl." }
 @String{MathAnaAppl = "Journal of Mathematical Analysis and Applications" }
 @String{MathAnaAppl = "J. Math. Anal. Appl." }
 @String{MathAnnalen = "Mathematische Annalen" }
 @String{MathAnnalen = "Math. Ann." }
 @String{MathPhys = "Journal of Mathematical Physics" }
 @String{MathPhys = "J. Math. Phys." }
 @String{MathComp = "Mathematics of Computation" }
 @String{MathComp = "Math. Comp." }
 @String{MathScand = "Mathematica Scandinavica" }
 @String{MathScand = "Math. Scand." }
 @String{TablesAidsComp = "Mathematical Tables and Other Aids to Computation" }
 @String{TablesAidsComp = "Math. Tables Aids Comput." }
 @String{NumerMath = "Numerische Mathematik" }
 @String{NumerMath = "Numer. Math." }
 @String{PacificMath = "Pacific Journal of Mathematics" }
 @String{PacificMath = "Pacific J. Math." }
 @String{ParDistComp = "Journal of Parallel and Distributed Computing" }
 @String{ParDistComp = "J. Parallel and Distrib. Comput." } % didn't find
%% in AMS MR
 @String{ParComputing = "Parallel Computing" }
 @String{ParComputing = "Parallel Comput." }
 @String{PhilMag = "Philosophical Magazine" }
 @String{PhilMag = "Philos. Mag." }
 @String{ProcNAS = "Proceedings of the National Academy of Sciences
                    of the USA" }
 @String{ProcNAS = "Proc. Nat. Acad. Sci. U. S. A." }
 @String{Psychometrika = "Psychometrika" }
 @String{QuartMath = "Quarterly Journal of Mathematics, Oxford, Series (2)" }
 @String{QuartMath = "Quart. J. Math. Oxford Ser. (2)" }
 @String{QuartApplMath = "Quarterly of Applied Mathematics" }
 @String{QuartApplMath = "Quart. Appl. Math." }
 @String{RevueInstStat = "Review of the International Statisical Institute" }
 @String{RevueInstStat = "Rev. Inst. Internat. Statist." }

 %SIAM
 @String{JSIAM = "Journal of the Society for Industrial and Applied
     Mathematics" }
 @String{JSIAM = "J. Soc. Indust. Appl. Math." }
 @String{JSIAMB = "Journal of the Society for Industrial and Applied
     Mathematics, Series B, Numerical Analysis" }
 @String{JSIAMB = "J. Soc. Indust. Appl. Math. Ser. B Numer. Anal." }
 @String{SIAMAlgMeth = "{SIAM} Journal on Algebraic and Discrete Methods" }
 @String{SIAMAlgMeth = "{SIAM} J. Algebraic Discrete Methods" }
 @String{SIAMAppMath = "{SIAM} Journal on Applied Mathematics" }
 @String{SIAMAppMath = "{SIAM} J. Appl. Math." }
 @String{SIAMComp = "{SIAM} Journal on Computing" }
 @String{SIAMComp = "{SIAM} J. Comput." }
 @String{SIAMMatrix = "{SIAM} Journal on Matrix Analysis and Applications" }
 @String{SIAMMatrix = "{SIAM} J. Matrix Anal. Appl." }
 @String{SIAMNumAnal = "{SIAM} Journal on Numerical Analysis" }
 @String{SIAMNumAnal = "{SIAM} J. Numer. Anal." }
 @String{SIAMReview = "{SIAM} Review" }
 @String{SIAMReview = "{SIAM} Rev." }
 @String{SIAMSciStat = "{SIAM} Journal on Scientific and Statistical
     Computing" }
 @String{SIAMSciStat = "{SIAM} J. Sci. Statist. Comput." }

 @String{SoftPracExp = "Software Practice and Experience" }
 @String{SoftPracExp = "Software Prac. Experience" } % didn't find in AMS MR
 @String{StatScience = "Statistical Science" }
 @String{StatScience = "Statist. Sci." }
 @String{Techno = "Technometrics" }
 @String{USSRCompMathPhys = "{USSR} Computational Mathematics and Mathematical
     Physics" }
 @String{USSRCompMathPhys = "{U. S. S. R.} Comput. Math. and Math. Phys." }
 @String{VLSICompSys = "Journal of {VLSI} and Computer Systems" }
 @String{VLSICompSys = "J. {VLSI} Comput. Syst." }
 @String{ZAngewMathMech = "Zeitschrift fur Angewandte Mathematik und
     Mechanik" }
 @String{ZAngewMathMech = "Z. Angew. Math. Mech." }
 @String{ZAngewMathPhys = "Zeitschrift fur Angewandte Mathematik und Physik" }
 @String{ZAngewMathPhys = "Z. Angew. Math. Phys." }

% Publishers % ================================================= |

 @String{Academic = "Academic Press" }
 @String{ACMPress = "{ACM} Press" }
 @String{AdamHilger = "Adam Hilger" }
 @String{AddisonWesley = "Addison-Wesley" }
 @String{AllynBacon = "Allyn and Bacon" }
 @String{AMS = "American Mathematical Society" }
 @String{Birkhauser = "Birkh{\"a}user" }
 @String{CambridgePress = "Cambridge University Press" }
 @String{Chelsea = "Chelsea" }
 @String{ClaredonPress = "Claredon Press" }
 @String{DoverPub = "Dover Publications" }
 @String{Eyolles = "Eyolles" }
 @String{HoltRinehartWinston = "Holt, Rinehart and Winston" }
 @String{Interscience = "Interscience" }
 @String{JohnsHopkinsPress = "The Johns Hopkins University Press" }
 @String{JohnWileySons = "John Wiley and Sons" }
 @String{Macmillan = "Macmillan" }
 @String{MathWorks = "The Math Works Inc." }
 @String{McGrawHill = "McGraw-Hill" }
 @String{NatBurStd = "National Bureau of Standards" }
 @String{NorthHolland = "North-Holland" }
 @String{OxfordPress = "Oxford University Press" }  %address Oxford or London?
 @String{PergamonPress = "Pergamon Press" }
 @String{PlenumPress = "Plenum Press" }
 @String{PrenticeHall = "Prentice-Hall" }
 @String{SIAMPub = "{SIAM} Publications" }
 @String{Springer = "Springer-Verlag" }
 @String{TexasPress = "University of Texas Press" }
 @String{VanNostrand = "Van Nostrand" }
 @String{WHFreeman = "W. H. Freeman and Co." }

%Entries

@Article{Abril07,
  author        = "Patricia S. Abril and Robert Plant",
  title         = "The patent holder's dilemma: Buy, sell, or troll?",
  journal       = "Communications of the ACM",
  volume        = "50",
  number        = "1",
  month         = jan,
  year          = "2007",
  pages         = "36--44",
  doi           = "10.1145/1188913.1188915",
  url           = "http://doi.acm.org/10.1145/1219092.1219093",
  note          = "",
}

@Article{Cohen07,
  author        = "Sarah Cohen and Werner Nutt and Yehoshua Sagic",
  title         = "Deciding equivalances among conjunctive aggregate queries",
  journal       = JACM,
  articleno     = 5,
  numpages      = 50,
  volume        = 54,
  number        = 2,
  month         = apr,
  year          = 2007,
  doi           = "10.1145/1219092.1219093",
  url           = "http://doi.acm.org/10.1145/1219092.1219093",
  acmid         = 1219093,
}


@periodical{JCohen96,
  key =          "Cohen",
  editor =       "Jacques Cohen",
  title =        "Special issue: Digital Libraries",
  journal =      CACM,
  volume =       "39",
  number =       "11",
  month =        nov,
  year =         "1996",
}


@Book{Kosiur01,
  author =       "David Kosiur",
  title =        "Understanding Policy-Based Networking",
  publisher =    "Wiley",
  year =         "2001",
  address =      "New York, NY",
  edition =      "2nd.",
  editor =       "",
  volume =       "",
  number =       "",
  series =       "",
  month =        "",
  note =         "",
}


@Book{Harel79,
  author =       "David Harel",
  year =         "1979",
  title =        "First-Order Dynamic Logic",
  series =       "Lecture Notes in Computer Science",
  volume =       "68",
  address =      "New York, NY",
  publisher =    "Springer-Verlag",
  doi =          "10.1007/3-540-09237-4",
  url =          "http://dx.doi.org/10.1007/3-540-09237-4",
  editor =       "",
  number =       "",
  month =        "",
  note =         "",
}


@Inbook{Editor00,
  author =       "",
  editor =       "Ian Editor",
  title =        "The title of book one",
  subtitle =     "The book subtitle",
  series =       "The name of the series one",
  year =         "2007",
  volume =       "9",
  address =      "Chicago",
  edition =      "1st.",
  publisher =    "University of Chicago Press",
  doi =          "10.1007/3-540-09237-4",
  url =          "http://dx.doi.org/10.1007/3-540-09456-9",
  chapter =      "",
  pages =        "",
  number =       "",
  type =         "",
  month =        "",
  note =         "",
}

%
@InBook{Editor00a,
  author =       "",
  editor =       "Ian Editor",
  title =        "The title of book two",
  subtitle =     "The book subtitle",
  series =       "The name of the series two",
  year =         "2008",
  address =      "Chicago",
  edition =      "2nd.",
  publisher =    "University of Chicago Press",
  doi =          "10.1007/3-540-09237-4",
  url =          "http://dx.doi.org/10.1007/3-540-09456-9",
  volume =       "",
  chapter =      "100",
  pages =        "",
  number =       "",
  type =         "",
  month =        "",
  note =         "",
}


% incollection (has an editor, title, and possibly a booktitle)
@Incollection{Spector90,
  author =       "Asad Z. Spector",
  title =        "Achieving application requirements",
  booktitle =    "Distributed Systems",
  publisher =    "ACM Press",
  address =      "New York, NY",
  year =         "1990",
  edition =      "2nd.",
  chapter =      "",
  editor =       "Sape Mullender",
  pages =        "19--33",
  doi =          "10.1145/90417.90738",
  url =          "http://doi.acm.org/10.1145/90417.90738",
  volume =       "",
  number =       "",
  series =       "",
  type =         "",
  month =        "",
  note =         "",
}


% incollection (has an editor, title, and possibly a booktitle)
@Incollection{Douglass98,
  author =       "Bruce P. Douglass and David Harel and Mark B. Trakhtenbrot",
  title =        "Statecarts in use: structured analysis and object-orientation",
  series =       "Lecture Notes in Computer Science",
  booktitle =    "Lectures on Embedded Systems",
  publisher =    "Springer-Verlag",
  address =      "London",
  volume =       "1494",
  year =         "1998",
  chapter =      "",
  editor =       "Grzegorz Rozenberg and Frits W. Vaandrager",
  pages =        "368--394",
  doi =          "10.1007/3-540-65193-4_29",
  url =          "http://dx.doi.org/10.1007/3-540-65193-4_29",
  edition =      "",
  number =       "",
  type =         "",
  month =        "",
  note =         "",
}


@Book{Knuth97,
  author =       "Donald E. Knuth",
  title =        "The Art of Computer Programming, Vol. 1: Fundamental Algorithms (3rd. ed.)",
  publisher =    "Addison Wesley Longman Publishing Co., Inc.",
  year =         "1997",
  address =      "",
  edition =      "",
  editor =       "",
  volume =       "",
  number =       "",
  series =       "",
  month =        "",
  note =         "",
}


@Book{Knuth98,
  author =       "Donald E. Knuth",
  year =         "1998",
  title =        "The Art of Computer Programming",
  series =       "Fundamental Algorithms",
  volume =       "1",
  edition =      "3rd",
  address =      "",
  publisher =    "Addison Wesley Longman Publishing Co., Inc.",
  doi =          "",
  url =          "",
  editor =       "",
  number =       "",
  month =        "",
  note =         "(book)",
}

%Inbook{Knuth97,
%  author =       "Donald E. Knuth",
%  title =        "The Art of Computer Programming",
%  booktitle =    "the booktitle",
%  edition =      "3",
%  volume =       "1",
%  year =         "1997",
%  publisher =    "Addison Wesley Longman Publishing Co., Inc.",
%  editor =       "",
%  number =       "",
%  series =       "Fundamental Algorithms",
%  type =         "",
%  chapter =      "",
%  pages =        "",
%  address =      "",
%  month =        "",
%  note =         "(inbook)",
%}

%INBOOK{DK:73-inbook-full,
%   author = "Donald E. Knuth",
%   title = "Fundamental Algorithms (inbook w series)",
%   volume = 1,
%   series = "The Art of Computer Programming",
%   publisher = "Addison-Wesley",
%   address = "Reading, Massachusetts",
%   edition = "Second",
%   month = "10~" # jan,
%   year = "1973",
%   type = "Section",
%   chapter = "1.2",
%   pages = "10--119",
%   note = "Full INBOOK entry (w series)",
%}

%INcollection{DK:74-incoll,
%   author = "Donald E. Knuth",
%   title = "Fundamental Algorithms (incoll)",
%   volume = 1,
%   booktitle = "The Art of Computer Programming",
%   publisher = "Addison-Wesley",
%   address = "Reading, Massachusetts",
%   month = "10~" # jan,
%   year = "1974",
%   pages = "10--119",
%   editor = "Bernard Rous",
%   note = "This is a full incoll entry with an editor",
%}

%INcollection{DK:75-incollws,
%   author = "Donald E. Knuth",
%   title = "Fundamental Algorithms (incoll w series)",
%   volume = 1,
%   booktitle = "The Art of Computer Programming",
%   series = "The Art of Computer Programming",
%   publisher = "Addison-Wesley",
%   address = "Reading, Massachusetts",
%   month = "10~" # jan,
%   year = "1975",
%   pages = "10--119",
%   editor = "Bernard Rous",
%   note = "This is a full incoll entry with an editor and series",
%}


@incollection{GM05,
Author= "Dan Geiger and Christopher Meek",
Title= "Structured Variational Inference Procedures and their Realizations (as incol)",
Year= 2005,
Booktitle="Proceedings of Tenth International Workshop on Artificial Intelligence and Statistics, {\rm The Barbados}",
Publisher="The Society for Artificial Intelligence and Statistics",
Month= jan,
Editors= "Z. Ghahramani and R. Cowell"
}

@Inproceedings{Smith10,
  author =       "Stan W. Smith",
  title =        "An experiment in bibliographic mark-up: Parsing metadata for XML export",
  booktitle =    "Proceedings of the 3rd. annual workshop on Librarians and Computers",
  series =       "LAC '10",
  editor =       "Reginald N. Smythe and Alexander Noble",
  volume =       "3",
  year =         "2010",
  publisher =    "Paparazzi Press",
  address =      "Milan Italy",
  pages =        "422--431",
  doi =          "99.9999/woot07-S422",
  url =          "http://dx.doi.org/99.0000/woot07-S422",
  number =       "",
  month =        "",
  organization = "",
  note =         "",
}

@Inproceedings{VanGundy07,
  author =       "Matthew Van Gundy and Davide Balzarotti and Giovanni Vigna",
  year =         2007,
  title =        "Catch me, if you can: Evading network signatures with web-based polymorphic worms",
  booktitle =    "Proceedings of the first USENIX workshop on Offensive Technologies",
  series =       "WOOT '07",
  publisher =    "USENIX Association",
  address =      "Berkley, CA",
  articleno =    {Paper 7},
  numpages =     9,
}

@Inproceedings{VanGundy08,
  author =       "Matthew Van Gundy and Davide Balzarotti and Giovanni Vigna",
  year =         2008,
  title =        "Catch me, if you can: Evading network signatures with web-based polymorphic worms",
  booktitle =    "Proceedings of the first USENIX workshop on Offensive Technologies",
  series =       "WOOT '08",
  publisher =    "USENIX Association",
  address =      "Berkley, CA",
  articleno =    7,
  numpages =     2,
  pages =        "99-100",
}

@Inproceedings{VanGundy09,
  author =       "Matthew Van Gundy and Davide Balzarotti and Giovanni Vigna",
  year =         2009,
  title =        "Catch me, if you can: Evading network signatures with web-based polymorphic worms",
  booktitle =    "Proceedings of the first USENIX workshop on Offensive Technologies",
  series =       "WOOT '09",
  publisher =    "USENIX Association",
  address =      "Berkley, CA",
  pages =        "90--100",
}

@Inproceedings{Andler79,
  author =       "Sten Andler",
  title =        "Predicate Path expressions",
  booktitle =    "Proceedings of the 6th. ACM SIGACT-SIGPLAN symposium on Principles of Programming Languages",
  series =       "POPL '79",
  year =         "1979",
  publisher =    "ACM Press",
  address =      "New York, NY",
  pages =        "226--236",
  doi =          "10.1145/567752.567774",
  url =          "http://doi.acm.org/10.1145/567752.567774",
  editor =       "",
  volume =       "",
  number =       "",
  month =        "",
  organization = "",
  note =         "",
}

@Techreport{Harel78,
  author =       "David Harel",
  year =         "1978",
  title =        "LOGICS of Programs: AXIOMATICS and DESCRIPTIVE POWER",
  institution =  "Massachusetts Institute of Technology",
  type =         "MIT Research Lab Technical Report",
  number =       "TR-200",
  address =      "Cambridge, MA",
  month =        "",
  note =         "",
}

@MASTERSTHESIS{anisi03,
author = {David A. Anisi},
title = {Optimal Motion Control of a Ground Vehicle},
school = {Royal Institute of Technology (KTH), Stockholm, Sweden},
intitution = {FOI-R-0961-SE, Swedish Defence Research Agency (FOI)},
year = {2003},
}


@Phdthesis{Clarkson85,
  author =       "Kenneth L. Clarkson",
  year =         "1985",
  title =        "Algorithms for Closest-Point Problems (Computational Geometry)",
  school =       "Stanford University",
  address =      "Palo Alto, CA",
  note =         "UMI Order Number: AAT 8506171",
  type =         "",
  month =        "",
}


@online{Thornburg01,
  author =       "Harry Thornburg",
  year =         "2001",
  title =        "Introduction to Bayesian Statistics",
  url =          "http://ccrma.stanford.edu/~jos/bayes/bayes.html",
  month =        mar,
  lastaccessed = "March 2, 2005",
}


@online{Ablamowicz07,
  author =       "Rafal Ablamowicz and Bertfried Fauser",
  year =         "2007",
  title =        "CLIFFORD: a Maple 11 Package for Clifford Algebra Computations, version 11",
  url =          "http://math.tntech.edu/rafal/cliff11/index.html",
  lastaccessed = "February 28, 2008",
}


@misc{Poker06,
  author =       "Poker-Edge.Com",
  year =         "2006",
  month =        mar,
  title =        "Stats and Analysis",
  lastaccessed = "June 7, 2006",
  url =          "http://www.poker-edge.com/stats.php",
}

@misc{Obama08,
  author        = "Barack Obama",
  year          = "2008",
  title         = "A more perfect union",
  howpublished  = "Video",
  day           = "5",
  url           = "http://video.google.com/videoplay?docid=6528042696351994555",
  month         = mar,
  lastaccessed  = "March 21, 2008",
  note          =  "",
}

@misc{JoeScientist001,
  author =       "Joseph Scientist",
  year =         "2009",
  title =        "The fountain of youth",
  note =         "Patent No. 12345, Filed July 1st., 2008, Issued Aug. 9th., 2009",
  url =          "",
  howpublished = "",
  month =        aug,
  lastaccessed = "",
}


@Inproceedings{Novak03,
  author =       "Dave Novak",
  title =        "Solder man",
  booktitle =    "ACM SIGGRAPH 2003 Video Review on Animation theater Program: Part I - Vol. 145 (July 27--27, 2003)",
  year =         "2003",
  publisher =    "ACM Press",
  address =      "New York, NY",
  pages =        "4",
  month =        "March 21, 2008",
  doi =          "99.9999/woot07-S422",
  url =          "http://video.google.com/videoplay?docid=6528042696351994555",
  note =         "",
  howpublished = "Video",
  editor =       "",
  volume =       "",
  number =       "",
  series =       "",
  organization = "",
  distinctURL = 1
}


@article{Lee05,
  author =       "Newton Lee",
  year =         "2005",
  title =        "Interview with Bill Kinder: January 13, 2005",
  journal =      "Comput. Entertain.",
  eid =          "4",
  volume =       "3",
  number =       "1",
  month =        "Jan.-March",
  doi =          "10.1145/1057270.1057278",
  url =          "http://doi.acm.org/10.1145/1057270.1057278",
  howpublished = "Video",
  note =         "",
}

@article{rous08,
  author =       "Bernard Rous",
  year =         "2008",
  title =        "The Enabling of Digital Libraries",
  journal =      "Digital Libraries",
  volume =       "12",
  number =       "3",
  month =        jul,
  articleno =    "Article~5",
  doi =          "",
  url =          "",
  howpublished = "",
  note =         "To appear",
}

@article{384253,
 author = {Werneck,, Renato and Setubal,, Jo\~{a}o and da Conceic\~{a}o,, Arlindo},
 title = {(old) Finding minimum congestion spanning trees},
 journal = {J. Exp. Algorithmics},
 volume = {5},
 year = {2000},
 issn = {1084-6654},
 pages = {11},
 doi = {http://doi.acm.org/10.1145/351827.384253},
 publisher = {ACM},
 address = {New York, NY, USA},
 }


@article{Werneck:2000:FMC:351827.384253,
 author = {Werneck, Renato and Setubal, Jo\~{a}o and da Conceic\~{a}o, Arlindo},
 title = {(new) Finding minimum congestion spanning trees},
 journal = {J. Exp. Algorithmics},
 volume = 5,
 month = dec,
 year = 2000,
 issn = {1084-6654},
 articleno = 11,
 url = {http://portal.acm.org/citation.cfm?id=351827.384253},
 doi = {10.1145/351827.384253},
 acmid = 384253,
 publisher = {ACM},
 address = {New York, NY, USA},
}

@article{1555162,
 author = {Conti, Mauro and Di Pietro, Roberto and Mancini, Luigi V. and Mei, Alessandro},
 title = {(old) Distributed data source verification in wireless sensor networks},
 journal = {Inf. Fusion},
 volume = {10},
 number = {4},
 year = {2009},
 issn = {1566-2535},
 pages = {342--353},
 doi = {http://dx.doi.org/10.1016/j.inffus.2009.01.002},
 publisher = {Elsevier Science Publishers B. V.},
 address = {Amsterdam, The Netherlands, The Netherlands},
 }

@article{Conti:2009:DDS:1555009.1555162,
 author = {Conti, Mauro and Di Pietro, Roberto and Mancini, Luigi V. and Mei, Alessandro},
 title = {(new) Distributed data source verification in wireless sensor networks},
 journal = {Inf. Fusion},
 volume = {10},
 number = {4},
 month = oct,
 year = {2009},
 issn = {1566-2535},
 pages = {342--353},
 numpages = {12},
 url = {http://portal.acm.org/citation.cfm?id=1555009.1555162},
 doi = {10.1016/j.inffus.2009.01.002},
 acmid = {1555162},
 publisher = {Elsevier Science Publishers B. V.},
 address = {Amsterdam, The Netherlands, The Netherlands},
 keywords = {Clone detection, Distributed protocol, Securing data fusion, Wireless sensor networks},
}

@inproceedings{Li:2008:PUC:1358628.1358946,
 author = {Li, Cheng-Lun and Buyuktur, Ayse G. and Hutchful, David K. and Sant, Natasha B. and Nainwal, Satyendra K.},
 title = {Portalis: using competitive online interactions to support aid initiatives for the homeless},
 booktitle = {CHI '08 extended abstracts on Human factors in computing systems},
 year = {2008},
 isbn = {978-1-60558-012-X},
 location = {Florence, Italy},
 pages = {3873--3878},
 numpages = {6},
 url = {http://portal.acm.org/citation.cfm?id=1358628.1358946},
 doi = {10.1145/1358628.1358946},
 acmid = {1358946},
 publisher = {ACM},
 address = {New York, NY, USA},
 keywords = {cscw, distributed knowledge acquisition, incentive design, online games, recommender systems, reputation systems, user studies, virtual community},
}

@book{Hollis:1999:VBD:519964,
 author = {Hollis, Billy S.},
 title = {Visual Basic 6: Design, Specification, and Objects with Other},
 year = {1999},
 isbn = {0130850845},
 edition = {1st},
 publisher = {Prentice Hall PTR},
 address = {Upper Saddle River, NJ, USA},
 }


@book{Goossens:1999:LWC:553897,
 author = {Goossens, Michel and Rahtz, S. P. and Moore, Ross and Sutor, Robert S.},
 title = {The  Latex Web Companion: Integrating TEX, HTML, and XML},
 year = {1999},
 isbn = {0201433117},
 edition = {1st},
 publisher = {Addison-Wesley Longman Publishing Co., Inc.},
 address = {Boston, MA, USA},
 }

% need to test genres for errant isbn output

% techreport
@techreport{897367,
 author = {Buss, Jonathan F. and Rosenberg, Arnold L. and Knott, Judson D.},
 title = {Vertex Types in Book-Embeddings},
 year = {1987},
 source = {http://www.ncstrl.org:8900/ncstrl/servlet/search?formname=detail\&id=oai%3Ancstrlh%3Aumass_cs%3Ancstrl.umassa_cs%2F%2FUM-CS-1987-018},
 publisher = {University of Massachusetts},
 address = {Amherst, MA, USA},
 }

@techreport{Buss:1987:VTB:897367,
 author = {Buss, Jonathan F. and Rosenberg, Arnold L. and Knott, Judson D.},
 title = {Vertex Types in Book-Embeddings},
 year = {1987},
 source = {http://www.ncstrl.org:8900/ncstrl/servlet/search?formname=detail\&id=oai%3Ancstrlh%3Aumass_cs%3Ancstrl.umassa_cs%2F%2FUM-CS-1987-018},
 publisher = {University of Massachusetts},
 address = {Amherst, MA, USA},
 }

% whole proceedings

@proceedings{Czerwinski:2008:1358628,
 author = {},
 note = {General Chair-Czerwinski, Mary and General Chair-Lund, Arnie and Program Chair-Tan, Desney},
 title = {CHI '08: CHI '08 extended abstracts on Human factors in computing systems},
 year = {2008},
 isbn = {978-1-60558-012-X},
 location = {Florence, Italy},
 order_no = {608085},
 publisher = {ACM},
 address = {New York, NY, USA},
 }

% phdthesis

@phdthesis{Clarkson:1985:ACP:911891,
 author = {Clarkson, Kenneth Lee},
 advisor = {Yao, Andrew C.},
 title = {Algorithms for Closest-Point Problems (Computational Geometry)},
 year = {1985},
 note = {AAT 8506171},
 school = {Stanford University},
 address = {Stanford, CA, USA},
 }
% school is being picked up -- but not publisher (which is OK)
% Also -- the title is NOT being output in italics !!! Arrrrgh! - I fixed it. :-)


%%% compare with 'old'
%%% atsign-Phdthesis{Clarkson85,
%%%  author =       "Kenneth L. Clarkson",
%%%  year =         "1985",
%%%  title =        "Algorithms for Closest-Point Problems (Computational Geometry)",
%%%  school =       "Stanford University",
%%%  address =      "Palo Alto, CA",
%%%  note =         "UMI Order Number: AAT 8506171",
%%%  type =         "",
%%%  month =        "",
%%%}

% A bibliography
@Article{1984:1040142,
 key = {{$\!\!$}},
 journal = {SIGCOMM Comput. Commun. Rev.},
 year = {1984},
 issn = {0146-4833},
 volume = {13-14},
 number = {5-1},
 issue_date = {January/April 1984},
 publisher = {ACM},
 address = {New York, NY, USA},
 }


% grinder
@inproceedings{2004:ITE:1009386.1010128,
 key = {IEEE},
 title = {IEEE TCSC Executive Committee},
 booktitle = {Proceedings of the IEEE International Conference on Web Services},
 series = {ICWS '04},
 year = {2004},
 isbn = {0-7695-2167-3},
 pages = {21--22},
 url = {http://dx.doi.org/10.1109/ICWS.2004.64},
 doi = {http://dx.doi.org/10.1109/ICWS.2004.64},
 acmid = {1010128},
 publisher = {IEEE Computer Society},
 address = {Washington, DC, USA},
}

% div book
@book{Mullender:1993:DS:302430,
 editor = {Mullender, Sape},
 title = {Distributed systems (2nd Ed.)},
 year = {1993},
 isbn = {0-201-62427-3},
 publisher = {ACM Press/Addison-Wesley Publishing Co.},
 address = {New York, NY, USA},
 }

% master thesis (as techreport and thesis)

@techreport{Petrie:1986:NAD:899644,
 author = {Petrie, Charles J.},
 title = {New Algorithms for Dependency-Directed Backtracking (Master's thesis)},
 year = {1986},
 source = {http://www.ncstrl.org:8900/ncstrl/servlet/search?formname=detail\&id=oai%3Ancstrlh%3Autexas_cs%3AUTEXAS_CS%2F%2FAI86-33},
 publisher = {University of Texas at Austin},
 address = {Austin, TX, USA},
 }

@MASTERSTHESIS{Petrie:1986:NAD:12345,
 author = {Petrie, Charles J.},
 title = {New Algorithms for Dependency-Directed Backtracking (Master's thesis)},
 year = {1986},
 source = {http://www.ncstrl.org:8900/ncstrl/servlet/search?formname=detail\&id=oai%3Ancstrlh%3Autexas_cs%3AUTEXAS_CS%2F%2FAI86-33},
 school = {University of Texas at Austin},
 address = {Austin, TX, USA},
 }




@BOOK{book-minimal,
   author = "Donald E. Knuth",
   title = "Seminumerical Algorithms",
   publisher = "Addison-Wesley",
   year = "1981",
}

% incollection (has an editor, title, and possibly a booktitle)
@INcollection{KA:2001,
 author = {Kong, Wei-Chang},
 Title = {The implementation of electronic commerce in SMEs in Singapore (as Incoll)},
 booktitle = {E-commerce and cultural values},
 year = {2001},
 isbn = {1-59140-056-2},
 pages = {51--74},
 numpages = {24},
 url = {http://portal.acm.org/citation.cfm?id=887006.887010},
 acmid = {887010},
 publisher = {IGI Publishing},
 address = {Hershey, PA, USA},
}


% with bibfield 'type' before chapter (note no editor)
@INBOOK{KAGM:2001,
 author = {Kong, Wei-Chang},
 type = {Name of Chapter:},
 chapter = {The implementation of electronic commerce in SMEs in Singapore (Inbook-w-chap-w-type)},
 title = {E-commerce and cultural values},
 year = {2001},
 isbn = {1-59140-056-2},
 pages = {51--74},
 numpages = {24},
 url = {http://portal.acm.org/citation.cfm?id=887006.887010},
 acmid = {887010},
 publisher = {IGI Publishing},
 address = {Hershey, PA, USA},
}

%%% Notes! This is because the atsign-INBOOK citation type specifies EITHER
%%% editor or author, but not both. In my experiments with the harvard/dcu
%%% bibtex style (and presumably this applies to other styles too), bibtex
%%% ignores the editor information if author information exists in an
%%% atsign-INBOOK entry. atsign-INCOLLECTION is far more commonly used in my references,
%%% and in the absence of an editor I believe most bibtex styles will just
%%% ommit the editor from the reference - the chapter information will not
%%% end up in the in-text citation as you suggest it should be but at least
%%% there is a place to put the editor if necessary.



% was 'Inbook' -- changed to incollection - (editor is different to author) - need to tell Asad to codify as such.
@incollection{Kong:2002:IEC:887006.887010,
  author =      {Kong, Wei-Chang},
  editor =      {Theerasak Thanasankit},
  title =       {Chapter 9},
  booktitle =   {E-commerce and cultural values (Incoll-w-text (chap 9) 'title')},
  year =        {2002},
  address =     {Hershey, PA, USA},
  publisher =   {IGI Publishing},
  url =         {http://portal.acm.org/citation.cfm?id=887006.887010},
  pages =       {51--74},
  numpages =    {24},
  acmid =       {887010},
  isbn =        {1-59140-056-2},
  number =      "",
  type =        "",
  month =       "",
  note =        "",
}

% incol when the chapter is 'text' - due to presence of editor (different to author)
@incollection{Kong:2003:IEC:887006.887011,
 author = {Kong, Wei-Chang},
 title = {The implementation of electronic commerce in SMEs in Singapore (Incoll)},
 booktitle = {E-commerce and cultural values},
 editor = {Thanasankit, Theerasak},
 year = {2003},
 isbn = {1-59140-056-2},
 pages = {51--74},
 numpages = {24},
 url = {http://portal.acm.org/citation.cfm?id=887006.887010},
 acmid = {887010},
 publisher = {IGI Publishing},
 address = {Hershey, PA, USA},
}

% ------ test
%incollection{Kong:2003:IEC:887006.887010,
% author = {Kong, Wei-Chang},
% chapter = {The implementation of electronic commerce in SMEs in Singapore (Incoll-text-in-chap)},
% booktitle = {booktitle E-commerce and cultural values},
% title =   {The title},
% editor = {Thanasankit, Theerasak},
% year = {2003},
% isbn = {1-59140-056-2},
% pages = {51--74},
% numpages = {24},
% url = {http://portal.acm.org/citation.cfm?id=887006.887010},
% acmid = {887010},
% publisher = {IGI Publishing},
% address = {Hershey, PA, USA},
%}


% ---------





% Need inbook with num in chapter

% and inbook with number in chapter
@InBook{Kong:2004:IEC:123456.887010,
  author =      {Kong, Wei-Chang},
  editor =      {Theerasak Thanasankit},
  title =       {E-commerce and cultural values - (InBook-num-in-chap)},
  chapter =     {9},
  year =        {2004},
  address =     {Hershey, PA, USA},
  publisher =   {IGI Publishing},
  url =         {http://portal.acm.org/citation.cfm?id=887006.887010},
  pages =       {51--74},
  numpages =    {24},
  acmid =       {887010},
  isbn =        {1-59140-056-2},
  number =      "",
  type =        "",
  month =       "",
  note =        "",
}


% and inbook with text in chapter
@Inbook{Kong:2005:IEC:887006.887010,
  author =      {Kong, Wei-Chang},
  editor =      {Theerasak Thanasankit},
  title =       {E-commerce and cultural values (Inbook-text-in-chap)},
  chapter =     {The implementation of electronic commerce in SMEs in Singapore},
  year =        {2005},
  address =     {Hershey, PA, USA},
  publisher =   {IGI Publishing},
  url =         {http://portal.acm.org/citation.cfm?id=887006.887010},
  type =        {Chapter:},
  pages =       {51--74},
  numpages =    {24},
  acmid =       {887010},
  isbn =        {1-59140-056-2},
  number =      "",
  month =       "",
  note =        "",
}


% and inbook with a num and type field
@Inbook{Kong:2006:IEC:887006.887010,
  author =      {Kong, Wei-Chang},
  editor =      {Theerasak Thanasankit},
  title =       {E-commerce and cultural values (Inbook-num chap)},
  chapter =     {22},
  year =        {2006},
  address =     {Hershey, PA, USA},
  publisher =   {IGI Publishing},
  url =         {http://portal.acm.org/citation.cfm?id=887006.887010},
  type =        {Chapter (in type field)},
  pages =       {51--74},
  numpages =    {24},
  acmid =       {887010},
  isbn =        {1-59140-056-2},
  number =      "",
  month =       "",
  note =        "",
}


% and incol coz we have a BLANK chapter - due to presence of editor
%atIncollection{Kong:2006:IEC:887006.887011,
%  author =     {Kong, Wei-Chang},
%  editor =     {Theerasak Thanasankit},
%  title =      "The title"
%  booktitle =  {E-commerce and cultural values (Incol-coz-blank-chap)},
%  year =       {2006},
%  address =    {Hershey, PA, USA},
%  publisher =  {IGI Publishing},
%  url =        {http://portal.acm.org/citation.cfm?id=887006.887010},
%  type =       {Type!},
%  chapter =    {},
%  pages =      {51--74},
%  numpages =   {24},
%  acmid =      {887010},
%  isbn =       {1-59140-056-2},
%  number =     "",
%  month =      "",
%  note =       "",
%}

@article{SaeediMEJ10,
            author = {Mehdi Saeedi and Morteza Saheb Zamani and Mehdi Sedighi},
            title = {A library-based synthesis methodology for reversible logic},
            journal = {Microelectron. J.},
            volume = {41},
            number = {4},
            month = apr,
            year = {2010},
            pages = {185--194},
}

@ARTICLE{SaeediJETC10,
            author = {Mehdi Saeedi and Morteza Saheb Zamani and Mehdi Sedighi and Zahra Sasanian},
            title = {Synthesis of Reversible Circuit Using Cycle-Based Approach},
            journal = {J. Emerg. Technol. Comput. Syst.},
            volume = {6},
            number = {4},
            month = dec,
            year = {2010}
            }

% Asad's new version
@article{Kirschmer:2010:AEI:1958016.1958018,
 author = {Kirschmer, Markus and Voight, John},
 title = {Algorithmic Enumeration of Ideal Classes for Quaternion Orders},
 journal = {SIAM J. Comput.},
 issue_date = {January 2010},
 volume = {39},
 number = {5},
 month = jan,
 year = {2010},
 issn = {0097-5397},
 pages = {1714--1747},
 numpages = {34},
 url = {http://dx.doi.org/10.1137/080734467},
 doi = {https://doi.org/10.1137/080734467},
 acmid = {1958018},
 publisher = {Society for Industrial and Applied Mathematics},
 address = {Philadelphia, PA, USA},
 keywords = {ideal classes, maximal orders, number theory, quaternion algebras},
}


% incol due to presence of booktitle
@incollection{Hoare:1972:CIN:1243380.1243382,
 author = {Hoare, C. A. R.},
 title = {Chapter II: Notes on data structuring},
 booktitle = {Structured programming (incoll)},
 editor = {Dahl, O. J. and Dijkstra, E. W. and Hoare, C. A. R.},
 year = {1972},
 isbn = {0-12-200550-3},
 pages = {83--174},
 numpages = {92},
 url = {http://portal.acm.org/citation.cfm?id=1243380.1243382},
 acmid = {1243382},
 publisher = {Academic Press Ltd.},
 address = {London, UK, UK},
}

% incol due to presence of booktitle
@incollection{Lee:1978:TQA:800025.1198348,
 author = {Lee, Jan},
 title = {Transcript of question and answer session},
 booktitle = {History of programming languages I (incoll)},
 editor = {Wexelblat, Richard L.},
 year = {1981},
 isbn = {0-12-745040-8},
 pages = {68--71},
 numpages = {4},
 url = {http://doi.acm.org/10.1145/800025.1198348},
 doi = {http://doi.acm.org/10.1145/800025.1198348},
 acmid = {1198348},
 publisher = {ACM},
 address = {New York, NY, USA},
}

% incol due to booktitle
@incollection{Dijkstra:1979:GSC:1241515.1241518,
 author = {Dijkstra, E.},
 title = {Go to statement considered harmful},
 booktitle = {Classics in software engineering (incoll)},
 year = {1979},
 isbn = {0-917072-14-6},
 pages = {27--33},
 numpages = {7},
 url = {http://portal.acm.org/citation.cfm?id=1241515.1241518},
 acmid = {1241518},
 publisher = {Yourdon Press},
 address = {Upper Saddle River, NJ, USA},
}

% incol due to booktitle
@incollection{Wenzel:1992:TVA:146022.146089,
 author = {Wenzel, Elizabeth M.},
 title = {Three-dimensional virtual acoustic displays},
 booktitle = {Multimedia interface design (incoll)},
 year = {1992},
 isbn = {0-201-54981-6},
 pages = {257--288},
 numpages = {32},
 url = {http://portal.acm.org/citation.cfm?id=146022.146089},
 doi = {10.1145/146022.146089},
 acmid = {146089},
 publisher = {ACM},
 address = {New York, NY, USA},
}

% incol due to booktitle
@incollection{Mumford:1987:MES:54905.54911,
 author = {Mumford, E.},
 title = {Managerial expert systems and organizational change: some critical research issues},
 booktitle = {Critical issues in information systems research (incoll)},
 year = {1987},
 isbn = {0-471-91281-6},
 pages = {135--155},
 numpages = {21},
 url = {http://portal.acm.org/citation.cfm?id=54905.54911},
 acmid = {54911},
 publisher = {John Wiley \& Sons, Inc.},
 address = {New York, NY, USA},
}

@book{McCracken:1990:SSC:575315,
 author = {McCracken, Daniel D. and Golden, Donald G.},
 title = {Simplified Structured COBOL with Microsoft/MicroFocus COBOL},
 year = {1990},
 isbn = {0471514071},
 publisher = {John Wiley \& Sons, Inc.},
 address = {New York, NY, USA},
}

% Let's include Boris / BBeeton entries  (multi-volume works)

@book {MR781537,
    AUTHOR = {H{\"o}rmander, Lars},
     TITLE = {The analysis of linear partial differential operators. {III}},
    SERIES = {Grundlehren der Mathematischen Wissenschaften [Fundamental
              Principles of Mathematical Sciences]},
    VOLUME = {275},
      NOTE = {Pseudodifferential operators},
PUBLISHER = {Springer-Verlag},
   ADDRESS = {Berlin, Germany},
      YEAR = {1985},
     PAGES = {viii+525},
      ISBN = {3-540-13828-5},
   MRCLASS = {35-02 (35Sxx 47G05 58G15)},
  MRNUMBER = {781536 (87d:35002a)},
MRREVIEWER = {Min You Qi},
}

@book {MR781536,
    AUTHOR = {H{\"o}rmander, Lars},
     TITLE = {The analysis of linear partial differential operators. {IV}},
    SERIES = {Grundlehren der Mathematischen Wissenschaften [Fundamental
              Principles of Mathematical Sciences]},
    VOLUME = {275},
      NOTE = {Fourier integral operators},
PUBLISHER = {Springer-Verlag},
   ADDRESS = {Berlin, Germany},
      YEAR = {1985},
     PAGES = {vii+352},
      ISBN = {3-540-13829-3},
   MRCLASS = {35-02 (35Sxx 47G05 58G15)},
  MRNUMBER = {781537 (87d:35002b)},
MRREVIEWER = {Min You Qi},
}

%%%%%%%%%%%%%%%%%%%%%% Start of Aptara sample bib entries

% acmsmall-sam.bib
@InProceedings{Adya-01,
  author        = {A. Adya and P. Bahl and J. Padhye and A.Wolman and L. Zhou},
  title         = {A multi-radio unification protocol for {IEEE} 802.11 wireless networks},
  booktitle     = {Proceedings of the IEEE 1st International Conference on Broadnets Networks (BroadNets'04)},
  publisher     = "IEEE",
  address       = "Los Alamitos, CA",
  year          = {2004},
  pages         = "210--217"
}

@article{Akyildiz-01,
  author        = {I. F. Akyildiz and W. Su and Y. Sankarasubramaniam and E. Cayirci},
  title         = {Wireless Sensor Networks: A Survey},
  journal       = {Comm. ACM},
  volume        = 38,
  number        = "4",
  year          = {2002},
  pages         = "393--422"
}

@article{Akyildiz-02,
  author        = {I. F. Akyildiz and T. Melodia and K. R. Chowdhury},
  title         = {A Survey on Wireless Multimedia Sensor Networks},
  journal       = {Computer Netw.},
  volume        = 51,
  number        = "4",
  year          = {2007},
  pages         = "921--960"
}

@InProceedings{Bahl-02,
  author        = {P. Bahl and R. Chancre and J. Dungeon},
  title         = {{SSCH}: Slotted Seeded Channel Hopping for Capacity Improvement in {IEEE} 802.11 Ad-Hoc Wireless Networks},
  booktitle     = {Proceeding of the 10th International Conference on Mobile Computing and Networking (MobiCom'04)},
  publisher     = "ACM",
  address       = "New York, NY",
  year          = {2004},
  pages         = "112--117"
}

@misc{CROSSBOW,
  key       = {CROSSBOW},
  title     = {{XBOW} Sensor Motes Specifications},
  note      = {http://www.xbow.com},
  year      = 2008
}

@article{Culler-01,
  author        = {D. Culler and D. Estrin and M. Srivastava},
  title         = {Overview of Sensor Networks},
  journal       = {IEEE Comput.},
  volume        = 37,
  number        = "8 (Special Issue on Sensor Networks)",
  publisher     = "IEEE",
  address       = "Los Alamitos, CA",
  year          = {2004},
  pages         = "41--49"
}

@misc{Harvard-01,
    key         = {Harvard CodeBlue},
    title       = {{CodeBlue}: Sensor Networks for Medical Care},
    note        = {http://www.eecs.harvard.edu/mdw/ proj/codeblue/},
    year        = 2008
}

@InProceedings{Natarajan-01,
    author      = {A. Natarajan and M. Motani and B. de Silva and K. Yap and K. C. Chua},
    title       = {Investigating Network Architectures for Body Sensor Networks},
    booktitle   = {Network Architectures},
    editor      = {G. Whitcomb and P. Neece},
    publisher   = "Keleuven Press",
    address     = "Dayton, OH",
    year        = {2007},
    pages       = "322--328",
    eprint      = "960935712",
    primaryclass = "cs",
}

@techreport{Tzamaloukas-01,
  author        = {A. Tzamaloukas and J. J. Garcia-Luna-Aceves},
  title         = {Channel-Hopping Multiple Access},
  number =        {I-CA2301},
  institution =   {Department of Computer Science, University of California},
  address =       {Berkeley, CA},
  year          = {2000}
}

@BOOK{Zhou-06,
  author        = {G. Zhou and J. Lu and C.-Y. Wan and M. D. Yarvis and J. A. Stankovic},
  title         = {Body Sensor Networks},
  publisher     = "MIT Press",
  address       = "Cambridge, MA",
  year          = {2008}
}

@mastersthesis{ko94,
author = "Jacob Kornerup",
title = "Mapping Powerlists onto Hypercubes",
school = "The University of Texas at Austin",
note = "(In preparation)",
year = "1994"}
%month = "dec",}

@PhdThesis{gerndt:89,
  author =       "Michael Gerndt",
  title =        "Automatic Parallelization for Distributed-Memory
                  Multiprocessing Systems",
  school =       "University of Bonn",
  year =         1989,
  address =      "Bonn, Germany",
  month =        dec
}

@article{6:1:1,
author = "J. E. {Archer, Jr.} and R. Conway and F. B. Schneider",
title = "User recovery and reversal in interactive systems",
journal = "ACM Trans. Program. Lang. Syst.",
volume =  "6",
number = "1",
month = jan,
year = 1984,
pages = "1--19"}

@article{7:1:137,
author = "D. D. Dunlop and V. R. Basili",
title = "Generalizing specifications for uniformly implemented loops",
journal = "ACM Trans. Program. Lang. Syst.",
volume =  "7",
number = "1",
month = jan,
year = 1985,
pages = "137--158"}

@article{7:2:183,
author = "J. Heering and P. Klint",
title = "Towards monolingual programming environments",
journal = "ACM Trans. Program. Lang. Syst.",
volume =  "7",
number = "2",
month = apr,
year = 1985,
pages = "183--213"}

@book{knuth:texbook,
author = "Donald E. Knuth",
title = "The {\TeX{}book}",
publisher = "Addison-Wesley",
address = "Reading, MA.",
year = 1984}

@article{6:3:380,
author = "E. Korach and D.  Rotem and N. Santoro",
title = "Distributed algorithms for finding centers and medians in networks",
journal = "ACM Trans. Program. Lang. Syst.",
volume =  "6",
number = "3",
month = jul,
year = 1984,
pages = "380--401"}

@book{Lamport:LaTeX,
author = "Leslie Lamport",
title = "\it {\LaTeX}: A Document Preparation System",
publisher = "Addison-Wesley",
address = "Reading, MA.",
year = 1986}

@article{7:3:359,
author = "F. Nielson",
title = "Program transformations in a denotational setting",
journal = "ACM Trans. Program. Lang. Syst.",
volume =  "7",
number = "3",
month = jul,
year = 1985,
pages = "359--379"}

%testing
@BOOK{test,
   author = "Donald E. Knuth",
   title = "Seminumerical Algorithms",
   volume = 2,
   series = "The Art of Computer Programming",
   publisher = "Addison-Wesley",
   address = "Reading, MA",
   edition = "2nd",
   month = "10~" # jan,
   year = "1981",
}

@inproceedings{reid:scribe,
author = "Brian K. Reid",
title = "A high-level approach to computer document formatting",
booktitle = "Proceedings of the 7th Annual Symposium on Principles of
  Programming Languages",
month = jan,
year = 1980,
publisher = "ACM",
address = "New York",
pages = "24--31"}

@article{Zhou:2010:MMS:1721695.1721705,
 author = {Zhou, Gang and Wu, Yafeng and Yan, Ting and He, Tian and Huang, Chengdu and Stankovic, John A. and Abdelzaher, Tarek F.},
 title = {A multifrequency MAC specially designed for wireless sensor network applications},
 journal = {ACM Trans. Embed. Comput. Syst.},
 issue_date = {March 2010},
 volume = 9,
 number = 4,
 month = {April},
 year = 2010,
 issn = {1539-9087},
 pages = {39:1--39:41},
 articleno = 39,
 numpages = 41,
 url = {http://doi.acm.org/10.1145/1721695.1721705},
 doi = {10.1145/1721695.1721705},
 acmid = 1721705,
 publisher = {ACM},
 address = {New York, NY, USA},
 keywords = {Wireless sensor networks, media access control, multi-channel, radio interference, time synchronization},
}


@online{TUGInstmem,
  key =          {TUG},
  year  =        2017,
  title =        "Institutional members of the {\TeX} Users Group",
  url =          "http://wwtug.org/instmem.html",
  lastaccessed = "May 27, 2017",
}

@online{CTANacmart,
  author =    {Boris Veytsman},
  title =  {acmart---{Class} for typesetting publications of {ACM}},
  year = 2017,
  url =    {http://www.ctan.org/pkg/acmart},
  lastaccessed = {May 27, 2017}
  }

@online{doclicense,
  author =    {Robin Schneider},
  title =  {The \textsl{doclicense} package},
  year = 2022,
  url =    {http://www.ctan.org/pkg/doclicense},
  lastaccessed = {May 27, 2022}
  }

@ARTICLE{bowman:reasoning,
    author = {Bowman, Mic and Debray, Saumya K. and Peterson, Larry L.},
    title = {Reasoning About Naming Systems},
    journal = {ACM Trans. Program. Lang. Syst.},
    volume = {15},
    number = {5},
    pages = {795-825},
    month = {November},
    year = {1993},
    doi = {10.1145/161468.161471},
}

@ARTICLE{braams:babel,
    author = {Braams, Johannes},
    title = {Babel, a Multilingual Style-Option System for Use with LaTeX's Standard Document Styles},
    journal = {TUGboat},
    volume = {12},
    number = {2},
    pages = {291-301},
    month = {June},
    year = {1991},
}

@INPROCEEDINGS{clark:pct,
  AUTHOR = "Malcolm Clark",
  TITLE = "Post Congress Tristesse",
  BOOKTITLE = "TeX90 Conference Proceedings",
  PAGES = "84-89",
  ORGANIZATION = "TeX Users Group",
  MONTH = "March",
  YEAR = {1991}
}

@ARTICLE{herlihy:methodology,
    author = {Herlihy, Maurice},
    title = {A Methodology for Implementing Highly Concurrent Data Objects},
    journal = {ACM Trans. Program. Lang. Syst.},
    volume = {15},
    number = {5},
    pages = {745-770},
    month = {November},
    year = {1993},
    doi = {10.1145/161468.161469},
}

@BOOK{salas:calculus,
  AUTHOR = "S.L. Salas and Einar Hille",
  TITLE = "Calculus: One and Several Variable",
  PUBLISHER = "John Wiley and Sons",
  ADDRESS = "New York",
  YEAR = "1978"
}

@MANUAL{Fear05,
  title =        {Publication quality tables in {\LaTeX}},
  author =       {Simon Fear},
  month =        {April},
  year =         2005,
  note =         {\url{http://www.ctan.org/pkg/booktabs}}
}

@Manual{Amsthm15,
  title =        {Using the amsthm Package},
  organization = {American Mathematical Society},
  month =        {April},
  year =         2015,
  note =         {\url{http://www.ctan.org/pkg/amsthm}}
}

@ArtifactSoftware{R,
    title = {R: A Language and Environment for Statistical Computing},
    author = {{R Core Team}},
    organization = {R Foundation for Statistical Computing},
    address = {Vienna, Austria},
    year = {2019},
    url = {https://www.R-project.org/},
}

@ArtifactDataset{UMassCitations,
 author    =  {Sam Anzaroot and Andrew McCallum},
 title     =  {{UMass} Citation Field Extraction Dataset},
 year      = 2013,
 url       =
    {http://www.iesl.cs.umass.edu/data/data-umasscitationfield},
 lastaccessed = {May 27, 2019}
}

@Eprint{Bornmann2019,
       author = {Bornmann, Lutz and Wray, K. Brad and Haunschild,
                  Robin},
        title = {Citation concept analysis {(CCA)}---A new form of
                  citation analysis revealing the usefulness of
                  concepts for other researchers illustrated by two
                  exemplary case studies including classic books by
                  {Thomas S.~Kuhn} and {Karl R.~Popper}},
     keywords = {Computer Science - Digital Libraries},
         year = 2019,
        month = "May",
          eid = {arXiv:1905.12410},
archivePrefix = {arXiv},
       eprint = {1905.12410},
 primaryClass = {cs.DL},
}

@Eprint{AnzarootPBM14,
  author    = {Sam Anzaroot and
               Alexandre Passos and
               David Belanger and
               Andrew McCallum},
  title     = {Learning Soft Linear Constraints with Application to
                  Citation Field Extraction},
  year      = {2014},
  archivePrefix = {arXiv},
  eprint    = {1403.1349},
}

@inproceedings{Hagerup1993,
title        = {Maintaining Discrete Probability Distributions Optimally},
author       = {Hagerup, Torben and Mehlhorn, Kurt and Munro, J. Ian},
booktitle    = {Proceedings of the 20th International Colloquium on Automata, Languages and Programming},
series       = {Lecture Notes in Computer Science},
volume       = {700},
pages        = {253--264},
year         = {1993},
publisher    = {Springer-Verlag},
address      = {Berlin},
}



@inproceedings{brown2020language,
  title={Language models are few-shot learners},
  author={Brown, Tom and Mann, Benjamin and Ryder, Nick and Subbiah, Melanie and Kaplan, Jared D and Dhariwal, Prafulla and Neelakantan, Arvind and Shyam, Pranav and Sastry, Girish and Askell, Amanda and others},
  booktitle={Advances in Neural Information Processing Systems},
  volume={33},
  pages={1877--1901},
  year={2020}
}

@article{xiang2021fista,
	title={{FISTA}-net: Learning a fast iterative shrinkage thresholding network for inverse problems in imaging},
	author={Xiang, Jinxi and Dong, Yonggui and Yang, Yunjie},
	journal={IEEE Transactions on Medical Imaging},
	volume={40},
	number={5},
	pages={1329--1339},
	year={2021},
	publisher={IEEE}
}


@article{yu2023dataset,
  title={Dataset distillation: A comprehensive review},
  author={Yu, Ruonan and Liu, Songhua and Wang, Xinchao},
  journal={IEEE Transactions on Pattern Analysis and Machine Intelligence},
  year={2023},
  publisher={IEEE}
}

@article{zhou2022dataset,
  title={Dataset distillation using neural feature regression},
  author={Zhou, Yongchao and Nezhadarya, Ehsan and Ba, Jimmy},
  journal={Advances in Neural Information Processing Systems},
  volume={35},
  pages={9813--9827},
  year={2022}
}

@inproceedings{liumeta,
  title={Meta Knowledge Condensation for Federated Learning},
  author={Liu, Ping and Yu, Xin and Zhou, Joey Tianyi},
  booktitle={International Conference on Learning Representations},
  year={2023}
}

@inproceedings{such2020generative,
  title={Generative teaching networks: Accelerating neural architecture search by learning to generate synthetic training data},
  author={Such, Felipe Petroski and Rawal, Aditya and Lehman, Joel and Stanley, Kenneth and Clune, Jeffrey},
  booktitle={International Conference on Machine Learning},
  pages={9206--9216},
  year={2020},
  organization={PMLR}
}

@article{li2024dataset,
  title={Dataset Distillation in Medical Imaging: A Feasibility Study},
  author={Li, Muyang and Cui, Can and Liu, Quan and Deng, Ruining and Yao, Tianyuan and Lionts, Marilyn and Huo, Yuankai},
  journal={arXiv preprint arXiv:2407.14429},
  year={2024}
}


@inproceedings{wang2024dancing,
  title={Dancing with Still Images: Video Distillation via Static-Dynamic Disentanglement},
  author={Wang, Ziyu and Xu, Yue and Lu, Cewu and Li, Yong-Lu},
  booktitle={Proceedings of the IEEE/CVF Conference on Computer Vision and Pattern Recognition},
  pages={6296--6304},
  year={2024}
}

@article{vahidian2024group,
  title={Group Distributionally Robust Dataset Distillation with Risk Minimization},
  author={Vahidian, Saeed and Wang, Mingyu and Gu, Jianyang and Kungurtsev, Vyacheslav and Jiang, Wei and Chen, Yiran},
  journal={arXiv preprint arXiv:2402.04676},
  year={2024}
}


@article{li2024latest,
  title={Latest Technologies on Dataset Distillation: A Survey},
  author={Li, Muyang and Qu, Yi and Shi, Yong},
  journal={Procedia Computer Science},
  volume={242},
  pages={1112--1117},
  year={2024},
  publisher={Elsevier}
}

@article{li2024importance,
  title={Importance-aware adaptive dataset distillation},
  author={Li, Guang and Togo, Ren and Ogawa, Takahiro and Haseyama, Miki},
  journal={Neural Networks},
  volume={172},
  pages={106154},
  year={2024},
  publisher={Elsevier}
}

@inproceedings{lorraine2020optimizing,
  title={Optimizing millions of hyperparameters by implicit differentiation},
  author={Lorraine, Jonathan and Vicol, Paul and Duvenaud, David},
  booktitle={International conference on artificial intelligence and statistics},
  pages={1540--1552},
  year={2020},
  organization={PMLR}
}

@article{wang2018dataset,
  title={Dataset distillation},
  author={Wang, Tongzhou and Zhu, Jun-Yan and Torralba, Antonio and Efros, Alexei A},
  journal={arXiv preprint arXiv:1811.10959},
  year={2018}
}

@inproceedings{feng2023embarrassingly,
  title={Embarrassingly simple dataset distillation},
  author={Feng, Yunzhen and Vedantam, Shanmukha and Kempe, Julia},
  year={2023},
  booktitle={Workshop on Advancing Neural Network Training}
}

@inproceedings{lee2024coreset,
  title={Coreset Selection for Object Detection},
  author={Lee, Hojun and Kim, Suyoung and Lee, Junhoo and Yoo, Jaeyoung and Kwak, Nojun},
  booktitle={Proceedings of the IEEE/CVF Conference on Computer Vision and Pattern Recognition},
  pages={7682--7691},
  year={2024}
}

@article{du2024sequential,
  title={Sequential subset matching for dataset distillation},
  author={Du, Jiawei and Shi, Qin and Zhou, Joey Tianyi},
  journal={Advances in Neural Information Processing Systems},
  volume={36},
  year={2024}
}

@article{loo2022efficient,
  title={Efficient dataset distillation using random feature approximation},
  author={Loo, Noel and Hasani, Ramin and Amini, Alexander and Rus, Daniela},
  journal={Advances in Neural Information Processing Systems},
  volume={35},
  pages={13877--13891},
  year={2022}
}

@inproceedings{chenprovable,
  title={Provable and Efficient Dataset Distillation for Kernel Ridge Regression},
  author={Chen, Yilan and Huang, Wei and Weng, Tsui-Wei},
  booktitle={The Annual Conference on Neural Information Processing Systems},
  year = {2024}
}

@inproceedings{xu2023kernel,
  title={Kernel ridge regression-based graph dataset distillation},
  author={Xu, Zhe and Chen, Yuzhong and Pan, Menghai and Chen, Huiyuan and Das, Mahashweta and Yang, Hao and Tong, Hanghang},
  booktitle={Proceedings of the ACM SIGKDD Conference on Knowledge Discovery and Data Mining},
  pages={2850--2861},
  year={2023}
}

@inproceedings{zhao2021dataset,
  title={Dataset Condensation with Gradient Matching},
  author={Zhao, Bo and Mopuri, Konda Reddy and Bilen, Hakan},
  booktitle={International Conference on Learning Representations},
  year={2021}
}

@inproceedings{zhao2021datasetdsa,
  title={Dataset condensation with differentiable siamese augmentation},
  author={Zhao, Bo and Bilen, Hakan},
  booktitle={International Conference on Machine Learning},
  pages={12674--12685},
  year={2021},
  organization={PMLR}
}

@inproceedings{cazenavette2022dataset,
  title={Dataset distillation by matching training trajectories},
  author={Cazenavette, George and Wang, Tongzhou and Torralba, Antonio and Efros, Alexei A and Zhu, Jun-Yan},
  booktitle={Proceedings of the IEEE/CVF Conference on Computer Vision and Pattern Recognition},
  pages={4750--4759},
  year={2022}
}

@inproceedings{wang2022cafe,
  title={Cafe: Learning to condense dataset by aligning features},
  author={Wang, Kai and Zhao, Bo and Peng, Xiangyu and Zhu, Zheng and Yang, Shuo and Wang, Shuo and Huang, Guan and Bilen, Hakan and Wang, Xinchao and You, Yang},
  booktitle={Proceedings of the IEEE/CVF Conference on Computer Vision and Pattern Recognition},
  pages={12196--12205},
  year={2022}
}

@inproceedings{cui2023scaling,
  title={Scaling up dataset distillation to imagenet-1k with constant memory},
  author={Cui, Justin and Wang, Ruochen and Si, Si and Hsieh, Cho-Jui},
  booktitle={International Conference on Machine Learning},
  pages={6565--6590},
  year={2023},
  organization={PMLR}
}

@article{martins2017survey,
  title={A survey on fully homomorphic encryption: An engineering perspective},
  author={Martins, Paulo and Sousa, Leonel and Mariano, Artur},
  journal={ACM Computing Surveys (CSUR)},
  volume={50},
  number={6},
  pages={1--33},
  year={2017},
  publisher={ACM New York, NY, USA}
}


@article{deng2020identity,
  title={Identity-based encryption transformation for flexible sharing of encrypted data in public cloud},
  author={Deng, Hua and Qin, Zheng and Wu, Qianhong and Guan, Zhenyu and Deng, Robert H and Wang, Yujue and Zhou, Yunya},
  journal={IEEE Transactions on Information Forensics and Security},
  volume={15},
  pages={3168--3180},
  year={2020},
  publisher={IEEE}
}

@inproceedings{cheng2021mid,
  title={$\{$mID$\}$: Tracing screen photos via $\{$Moir{\'e}$\}$ patterns},
  author={Cheng, Yushi and Ji, Xiaoyu and Wang, Lixu and Pang, Qi and Chen, Yi-Chao and Xu, Wenyuan},
  booktitle={30th USENIX Security Symposium (USENIX Security 21)},
  pages={2969--2986},
  year={2021}
}

@inproceedings{shokri2017membership,
  title={Membership inference attacks against machine learning models},
  author={Shokri, Reza and Stronati, Marco and Song, Congzheng and Shmatikov, Vitaly},
  booktitle={2017 IEEE symposium on security and privacy (SP)},
  pages={3--18},
  year={2017},
  organization={IEEE}
}

@article{guo2024domain,
  title={Domain watermark: Effective and harmless dataset copyright protection is closed at hand},
  author={Guo, Junfeng and Li, Yiming and Wang, Lixu and Xia, Shu-Tao and Huang, Heng and Liu, Cong and Li, Bo},
  journal={Advances in Neural Information Processing Systems},
  volume={36},
  year={2024}
}


@inproceedings{guo2024zeromark,
  title={ZeroMark: Towards Dataset Ownership Verification without Disclosing Watermark},
  author={Guo, Junfeng and Li, Yiming and Chen, Ruibo and Wu, Yihan and Liu, Chenxi and Huang, Heng},
  booktitle={The Thirty-eighth Annual Conference on Neural Information Processing Systems},
  year={2024}
}

@article{li2023black,
  title={Black-box dataset ownership verification via backdoor watermarking},
  author={Li, Yiming and Zhu, Mingyan and Yang, Xue and Jiang, Yong and Wei, Tao and Xia, Shu-Tao},
  journal={IEEE Transactions on Information Forensics and Security},
  volume={18},
  pages={2318--2332},
  year={2023},
  publisher={IEEE}
}

@article{li2022untargeted,
  title={Untargeted backdoor watermark: Towards harmless and stealthy dataset copyright protection},
  author={Li, Yiming and Bai, Yang and Jiang, Yong and Yang, Yong and Xia, Shu-Tao and Li, Bo},
  journal={Advances in Neural Information Processing Systems},
  volume={35},
  pages={13238--13250},
  year={2022}
}


@article{tang2023did,
  title={Did you train on my dataset? towards public dataset protection with cleanlabel backdoor watermarking},
  author={Tang, Ruixiang and Feng, Qizhang and Liu, Ninghao and Yang, Fan and Hu, Xia},
  journal={ACM SIGKDD Explorations Newsletter},
  volume={25},
  number={1},
  pages={43--53},
  year={2023},
  publisher={ACM New York, NY, USA}
}


@article{wang2024stronger,
  title={The stronger the diffusion model, the easier the backdoor: Data poisoning to induce copyright breaches without adjusting finetuning pipeline},
  author={Wang, Haonan and Shen, Qianli and Tong, Yao and Zhang, Yang and Kawaguchi, Kenji},
  journal={arXiv preprint arXiv:2401.04136},
  year={2024}
}


@article{lei2024tpami,
  author={Lei, Shiye and Tao, Dacheng},
  journal={IEEE Transactions on Pattern Analysis and Machine Intelligence}, 
  title={A Comprehensive Survey of Dataset Distillation}, 
  year={2024},
  volume={46},
  number={1},
  pages={17-32}
}

@inproceedings{dong2022privacy,
  title={Privacy for free: How does dataset condensation help privacy?},
  author={Dong, Tian and Zhao, Bo and Lyu, Lingjuan},
  booktitle={International Conference on Machine Learning},
  pages={5378--5396},
  year={2022},
  organization={PMLR}
}

@inproceedings{sablayrolles2019white,
  title={White-box vs black-box: Bayes optimal strategies for membership inference},
  author={Sablayrolles, Alexandre and Douze, Matthijs and Schmid, Cordelia and Ollivier, Yann and J{\'e}gou, Herv{\'e}},
  booktitle={International Conference on Machine Learning},
  pages={5558--5567},
  year={2019},
  organization={PMLR}
}

@article{kingma2014adam,
  title={Adam: A method for stochastic optimization},
  author={Kingma, Diederik P and Ba, Jimmy},
  journal={arXiv preprint arXiv:1412.6980},
  year={2014}
}


@article{krizhevsky2012imagenet,
  title={Imagenet classification with deep convolutional neural networks},
  author={Krizhevsky, Alex and Sutskever, Ilya and Hinton, Geoffrey E},
  journal={Advances in neural information processing systems},
  volume={25},
  year={2012}
}

@article{lecun1998gradient,
  title={Gradient-based learning applied to document recognition},
  author={LeCun, Yann and Bottou, L{\'e}on and Bengio, Yoshua and Haffner, Patrick},
  journal={Proceedings of the IEEE},
  volume={86},
  number={11},
  pages={2278--2324},
  year={1998},
  publisher={Ieee}
}

@article{krizhevsky2009learning,
  title={Learning multiple layers of features from tiny images},
  author={Krizhevsky, Alex and Hinton, Geoffrey and others},
  year={2009},
  publisher={Toronto, ON, Canada}
}

@article{xiao2017fashion,
  title={Fashion-mnist: a novel image dataset for benchmarking machine learning algorithms},
  author={Xiao, Han and Rasul, Kashif and Vollgraf, Roland},
  journal={arXiv preprint arXiv:1708.07747},
  year={2017}
}

@inproceedings{netzer2011reading,
  title={Reading digits in natural images with unsupervised feature learning},
  author={Netzer, Yuval and Wang, Tao and Coates, Adam and Bissacco, Alessandro and Wu, Baolin and Ng, Andrew Y and others},
  booktitle={NIPS workshop on deep learning and unsupervised feature learning},
  volume={2011},
  number={2},
  pages={4},
  year={2011},
  organization={Granada}
}

@inproceedings{liu2023backdoor,
  title={Backdoor attacks against dataset distillation},
  author={Liu, Yugeng and Li, Zheng and Backes, Michael and Shen, Yun and Zhang, Yang},
  booktitle={Network and Distributed
System Security (NDSS) Symposium},
  year={2023}
}

@inproceedings{chung2024rethinking,
  title={Rethinking Backdoor Attacks on Dataset Distillation: A Kernel Method Perspective},
  author={Chung, Ming-yu and Chou, Sheng-yen and Yu, Chia-Mu and Chen, Pin-Yu and Kuo, Sy-yen and Ho, Tsung-yi},
  booktitle={International Conference on Learning Representations},
  year={2024}
}

@article{Multi-ConDoS,
  title={Multi-ConDoS: Multimodal contrastive domain sharing generative adversarial networks for self-supervised medical image segmentation},
  author={Zhang, Jiaojiao and Zhang, Shuo and Shen, Xiaoqian and Lukasiewicz, Thomas and Xu, Zhenghua},
  journal={IEEE Transactions on Medical Imaging},
  year={2023},
  publisher={IEEE}
}

@inproceedings{CycleGAN,
  title={Unpaired image-to-image translation using cycle-consistent adversarial networks},
  author={Zhu, Jun-Yan and Park, Taesung and Isola, Phillip and Efros, Alexei A},
  booktitle={Proceedings of the IEEE international conference on computer vision},
  pages={2223--2232},
  year={2017}
}

@article{regis1,
  title={Multi-modal contrastive mutual learning and pseudo-label re-learning for semi-supervised medical image segmentation},
  author={Zhang, Shuo and Zhang, Jiaojiao and Tian, Biao and Lukasiewicz, Thomas and Xu, Zhenghua},
  journal={Medical Image Analysis},
  volume={83},
  pages={102656},
  year={2023},
  publisher={Elsevier}
}

@inproceedings{MeanTeacher,
  title={Mean Teachers are Better Role Models: Weight-averaged Consistency Targets Improve Semi-supervised Deep Learning results},
  author={Tarvainen, Antti and Valpola, Harri},
  booktitle={Proceedings of the Advances in Neural Information Processing Systems (NIPS)},
  volume={30},
  year={2017}
}


@article{MASS,
  title={MASS: Modality-collaborative semi-supervised segmentation by exploiting cross-modal consistency from unpaired CT and MRI images},
  author={Chen, Xiaoyu and Zhou, Hong-Yu and Liu, Feng and Guo, Jiansen and Wang, Liansheng and Yu, Yizhou},
  journal={Medical Image Analysis},
  volume={80},
  pages={102506},
  year={2022},
  publisher={Elsevier}
}

@article{warp,
  title={Spatial transformer networks},
  author={Jaderberg, Max and Simonyan, Karen and Zisserman, Andrew and others},
  journal={Advances in neural information processing systems},
  volume={28},
  year={2015}
}

@inproceedings{CPS,
  title={Semi-supervised Semantic Segmentation With Cross Pseudo Supervision},
  author={Chen, Xiaokang and Yuan, Yuhui and Zeng, Gang and Wang, Jingdong},
  booktitle={Proceedings of the IEEE/CVF Conference on Computer Vision and Pattern Recognition (CVPR)},
  pages={2613--2622},
  year={2021},
}

@inproceedings{BN,
  title={Batch normalization: Accelerating deep network training by reducing internal covariate shift},
  author={Ioffe, Sergey and Szegedy, Christian},
  booktitle={International conference on machine learning},
  pages={448--456},
  year={2015},
  organization={pmlr}
}

@article{BN2,
  title={Revisiting batch normalization for practical domain adaptation},
  author={Li, Yanghao and Wang, Naiyan and Shi, Jianping and Liu, Jiaying and Hou, Xiaodi},
  journal={arXiv preprint arXiv:1603.04779},
  year={2016}
}

@article{CHAOS,
title = {CHAOS Challenge - combined (CT-MR) healthy abdominal organ segmentation},
journal = {Medical Image Analysis},
volume = {69},
pages = {101950},
year = {2021},
author = {A. Emre Kavur and N. Sinem Gezer and Mustafa Barış and Sinem Aslan and Pierre-Henri Conze and Vladimir Groza and Duc Duy Pham and Soumick Chatterjee and Philipp Ernst and Savaş Özkan and Bora Baydar and Dmitry Lachinov and Shuo Han and Josef Pauli and Fabian Isensee and Matthias Perkonigg and Rachana Sathish and Ronnie Rajan and Debdoot Sheet and Gurbandurdy Dovletov and Oliver Speck and Andreas Nürnberger and Klaus H. Maier-Hein and Gözde {Bozdağı Akar} and Gözde Ünal and Oğuz Dicle and M. Alper Selver},
}

@misc{BTCV,
    title = {Multi-Atlas Labeling Beyond the Cranial Vault - Workshop and Challenge},
    year = {2015},
    howpublished = {\url{https://www.synapse.org/#!Synapse:syn3193805/wiki/89480}}
}

@inproceedings{unet,
  title={U-net: Convolutional networks for biomedical image segmentation},
  author={Ronneberger, Olaf and Fischer, Philipp and Brox, Thomas},
  booktitle={International Conference on Medical Image Computing and Computer-Assisted Intervention (MICCAI)},
  pages={234--241},
  year={2015},
  organization={Springer}
}

@inproceedings{yang2023acute,
  title={Acute Ischemic Stroke Onset Time Classification with Dynamic Convolution and Perfusion Maps Fusion},
  author={Yang, Peng and Zhang, Yuchen and Lei, Haijun and Bian, Yueyan and Yang, Qi and Lei, Baiying},
  booktitle={International Conference on Medical Image Computing and Computer-Assisted Intervention},
  pages={558--568},
  year={2023},
  organization={Springer}
}

@ARTICLE{dhar2023challenge,
  author={Dhar, Tribikram and Dey, Nilanjan and Borra, Surekha and Sherratt, R. Simon},
  journal={IEEE Transactions on Technology and Society}, 
  title={Challenges of Deep Learning in Medical Image Analysis—Improving Explainability and Trust}, 
  year={2023},
  volume={4},
  number={1},
  pages={68-75}}

@article{yang2023two,
  title={Two novel style-transfer palmprint reconstruction attacks},
  author={Yang, Ziyuan and Leng, Lu and Zhang, Bob and Li, Ming and Chu, Jun},
  journal={Applied Intelligence},
  volume={53},
  number={6},
  pages={6354--6371},
  year={2023},
  publisher={Springer}
}

@article{yang2023cross,
  title={Cross-database attack of different coding-based palmprint templates},
  author={Yang, Ziyuan and Leng, Lu and Teoh, Andrew Beng Jin and Zhang, Bob and Zhang, Yi},
  journal={Knowledge-Based Systems},
  volume={264},
  pages={110310},
  year={2023},
  publisher={Elsevier}
}

@article{finlayson2019adversarial,
  title={Adversarial attacks on medical machine learning},
  author={Finlayson, Samuel G and Bowers, John D and Ito, Joichi and Zittrain, Jonathan L and Beam, Andrew L and Kohane, Isaac S},
  journal={Science},
  volume={363},
  number={6433},
  pages={1287--1289},
  year={2019},
  publisher={American Association for the Advancement of Science}
}

@article{xia2023physics,
  title={Physics-/model-based and data-driven methods for low-dose computed tomography: A survey},
  author={Xia, Wenjun and Shan, Hongming and Wang, Ge and Zhang, Yi},
  journal={IEEE Signal Processing Magazine},
  volume={40},
  number={2},
  pages={89--100},
  year={2023},
  publisher={IEEE}
}

@article{gu2019badnets,
  title={Badnets: Evaluating backdooring attacks on deep neural networks},
  author={Gu, Tianyu and Liu, Kang and Dolan-Gavitt, Brendan and Garg, Siddharth},
  journal={IEEE Access},
  volume={7},
  pages={47230--47244},
  year={2019},
  publisher={IEEE}
}

@article{li2022backdoor,
  title={Backdoor learning: A survey},
  author={Li, Yiming and Jiang, Yong and Li, Zhifeng and Xia, Shu-Tao},
  journal={IEEE Transactions on Neural Networks and Learning Systems},
  year={2022},
  publisher={IEEE}
}



@ARTICLE{ding2024back,
  author={Ding, Yi and Wang, Zi and Qin, Zhen and Zhou, Erqiang and Zhu, Guobin and Qin, Zhiguang and Choo, Kim-Kwang Raymond},
  journal={IEEE Transactions on Information Forensics and Security}, 
  title={Backdoor Attack on Deep Learning-Based Medical Image Encryption and Decryption Network}, 
  year={2024},
  volume={19},
  number={},
  pages={280-292},
  doi={10.1109/TIFS.2023.3322315}}

@article{jin2023backdoor,
  title={Backdoor attack and defense in federated generative adversarial network-based medical image synthesis},
  author={Jin, Ruinan and Li, Xiaoxiao},
  journal={Medical Image Analysis},
  volume={90},
  pages={102965},
  year={2023},
  publisher={Elsevier}
}

@inproceedings{feng2022fiba,
  title={Fiba: Frequency-injection based backdoor attack in medical image analysis},
  author={Feng, Yu and Ma, Benteng and Zhang, Jing and Zhao, Shanshan and Xia, Yong and Tao, Dacheng},
  booktitle={Proceedings of the IEEE/CVF Conference on Computer Vision and Pattern Recognition},
  pages={20876--20885},
  year={2022}
}

@article{xia2021magic,
  title={MAGIC: Manifold and graph integrative convolutional network for low-dose CT reconstruction},
  author={Xia, Wenjun and Lu, Zexin and Huang, Yongqiang and Shi, Zuoqiang and Liu, Yan and Chen, Hu and Chen, Yang and Zhou, Jiliu and Zhang, Yi},
  journal={IEEE Transactions on Medical Imaging},
  volume={40},
  number={12},
  pages={3459--3472},
  year={2021},
  publisher={IEEE}
}

@article{afshar2022human,
  title={Human-level COVID-19 diagnosis from low-dose CT scans using a two-stage time-distributed capsule network},
  author={Afshar, Parnian and Rafiee, Moezedin Javad and Naderkhani, Farnoosh and Heidarian, Shahin and Enshaei, Nastaran and Oikonomou, Anastasia and Babaki Fard, Faranak and Anconina, Reut and Farahani, Keyvan and Plataniotis, Konstantinos N and others},
  journal={Scientific Reports},
  volume={12},
  number={1},
  pages={4827},
  year={2022},
  publisher={Nature Publishing Group UK London}
}

@article{simonyan2014very,
  title={Very deep convolutional networks for large-scale image recognition},
  author={Simonyan, Karen and Zisserman, Andrew},
  journal={arXiv preprint arXiv:1409.1556},
  year={2014}
}

@article{yang2023hypernetwork,
  title={Hypernetwork-based physics-driven personalized federated learning for CT imaging},
  author={Yang, Ziyuan and Xia, Wenjun and Lu, Zexin and Chen, Yingyu and Li, Xiaoxiao and Zhang, Yi},
  journal={IEEE Transactions on Neural Networks and Learning Systems},
  year={2023},
  publisher={IEEE}
}

@article{shan2019competitive,
  title={Competitive performance of a modularized deep neural network compared to commercial algorithms for low-dose CT image reconstruction},
  author={Shan, Hongming and Padole, Atul and Homayounieh, Fatemeh and Kruger, Uwe and Khera, Ruhani Doda and Nitiwarangkul, Chayanin and Kalra, Mannudeep K and Wang, Ge},
  journal={Nature Machine Intelligence},
  volume={1},
  number={6},
  pages={269--276},
  year={2019},
  publisher={Nature Publishing Group UK London}
}

@article{wen2023dosetransformer,
  title={DoseTransformer: A Transformer Embedded Model With Transfer Learning for Radiotherapy Dose Prediction of Cervical Cancer},
  author={Wen, Lu and Xiao, Jianghong and Zu, Chen and Wu, Xi and Zhou, Jiliu and Peng, Xingchen and Wang, Yan},
  journal={IEEE Transactions on Radiation and Plasma Medical Sciences},
  year={2023},
  publisher={IEEE}
}

@inproceedings{yang2024inject,
  title={Inject Backdoor in Measured Data to Jeopardize Full-Stack Medical Image Analysis System},
  author={Yang, Ziyuan and Chen, Yingyu and Sun, Mengyu and Zhang, Yi},
  booktitle={International Conference on Medical Image Computing and Computer-Assisted Intervention},
  pages={393--402},
  year={2024},
  organization={Springer}
}

@article{chen2017targeted,
  title={Targeted backdoor attacks on deep learning systems using data poisoning},
  author={Chen, Xinyun and Liu, Chang and Li, Bo and Lu, Kimberly and Song, Dawn},
  journal={arXiv preprint arXiv:1712.05526},
  year={2017}
}

@inproceedings{nguyen2020wanet,
  title={WaNet-Imperceptible Warping-based Backdoor Attack},
  author={Nguyen, Tuan Anh and Tran, Anh Tuan},
  booktitle={International Conference on Learning Representations},
  year={2020}
}

@inproceedings{wang2022invisible,
  title={An invisible black-box backdoor attack through frequency domain},
  author={Wang, Tong and Yao, Yuan and Xu, Feng and An, Shengwei and Tong, Hanghang and Wang, Ting},
  booktitle={European Conference on Computer Vision},
  pages={396--413},
  year={2022},
  organization={Springer}
}

@inproceedings{jiang2023color,
  title={Color backdoor: A robust poisoning attack in color space},
  author={Jiang, Wenbo and Li, Hongwei and Xu, Guowen and Zhang, Tianwei},
  booktitle={Proceedings of the IEEE/CVF Conference on Computer Vision and Pattern Recognition},
  pages={8133--8142},
  year={2023}
}

@article{zhang2022poison,
  title={Poison ink: Robust and invisible backdoor attack},
  author={Zhang, Jie and Dongdong, Chen and Huang, Qidong and Liao, Jing and Zhang, Weiming and Feng, Huamin and Hua, Gang and Yu, Nenghai},
  journal={IEEE Transactions on Image Processing},
  volume={31},
  pages={5691--5705},
  year={2022},
  publisher={IEEE}
}


@inproceedings{li2021invisible,
  title={Invisible backdoor attack with sample-specific triggers},
  author={Li, Yuezun and Li, Yiming and Wu, Baoyuan and Li, Longkang and He, Ran and Lyu, Siwei},
  booktitle={Proceedings of the IEEE/CVF international conference on computer vision},
  pages={16463--16472},
  year={2021}
}

@article{van2008visualizing,
  title={Visualizing data using t-SNE.},
  author={Van der Maaten, Laurens and Hinton, Geoffrey},
  journal={Journal of machine learning research},
  volume={9},
  number={11},
  year={2008}
}

@inproceedings{zhao2023DM,
  title={Dataset Condensation with Distribution Matching},
  author={Zhao, Bo and Bilen, Hakan},
  booktitle={Proceedings of the IEEE/CVF Winter Conference on Applications of Computer Vision},
  year={2023}
}

@inproceedings{he2016deep,
  title={Deep residual learning for image recognition},
  author={He, Kaiming and Zhang, Xiangyu and Ren, Shaoqing and Sun, Jian},
  booktitle={Proceedings of the IEEE conference on computer vision and pattern recognition},
  pages={770--778},
  year={2016}
}

@article{krizhevsky2017imagenet,
  title={ImageNet classification with deep convolutional neural networks},
  author={Krizhevsky, Alex and Sutskever, Ilya and Hinton, Geoffrey E},
  journal={Communications of the ACM},
  volume={60},
  number={6},
  pages={84--90},
  year={2017},
  publisher={AcM New York, NY, USA}
}

@article{lei2023comprehensive,
  title={A comprehensive survey of dataset distillation},
  author={Lei, Shiye and Tao, Dacheng},
  journal={IEEE Transactions on Pattern Analysis and Machine Intelligence},
  year={2023},
  publisher={IEEE}
}

@article{lecun2015deep,
  title={Deep learning},
  author={LeCun, Yann and Bengio, Yoshua and Hinton, Geoffrey},
  journal={nature},
  volume={521},
  number={7553},
  pages={436--444},
  year={2015},
  publisher={Nature Publishing Group UK London}
}

@inproceedings{dudiversity,
  title={Diversity-Driven Synthesis: Enhancing Dataset Distillation through Directed Weight Adjustment},
  author={Du, Jiawei and Zhang, Xin and Hu, Juncheng and Huang, Wenxin and Zhou, Joey Tianyi},
  booktitle={The Thirty-eighth Annual Conference on Neural Information Processing Systems}
}

@inproceedings{sun2024diversity,
  title={On the diversity and realism of distilled dataset: An efficient dataset distillation paradigm},
  author={Sun, Peng and Shi, Bei and Yu, Daiwei and Lin, Tao},
  booktitle={Proceedings of the IEEE/CVF Conference on Computer Vision and Pattern Recognition},
  pages={9390--9399},
  year={2024}
}

@inproceedings{yu2024teddy,
  title={Teddy: Efficient large-scale dataset distillation via taylor-approximated matching},
  author={Yu, Ruonan and Liu, Songhua and Ye, Jingwen and Wang, Xinchao},
  booktitle={European Conference on Computer Vision},
  pages={1--17},
  year={2024},
  organization={Springer}
}

@inproceedings{zhu2021data,
  title={Data-free knowledge distillation for heterogeneous federated learning},
  author={Zhu, Zhuangdi and Hong, Junyuan and Zhou, Jiayu},
  booktitle={International conference on machine learning},
  pages={12878--12889},
  year={2021},
  organization={PMLR}
}

@article{xu2024privacy,
  title={Privacy-Preserving Federated Learning via Dataset Distillation},
  author={Xu, ShiMao and Ke, Xiaopeng and Su, Xing and Li, Shucheng and Wu, Hao and Zhong, Sheng and Xu, Fengyuan},
  journal={arXiv preprint arXiv:2410.19548},
  year={2024}
}