@article{strohmer2009randomized,
  title={A randomized {Kaczmarz} algorithm with exponential convergence},
  author={Strohmer, Thomas and Vershynin, Roman},
  journal={Journal of Fourier Analysis and Applications},
  volume={15},
  number={2},
  pages={262--278},
  year={2009},
  publisher={Springer}
}

@article{rebrova2021block,
  title={On block {Gaussian} sketching for the {Kaczmarz} method},
  author={Rebrova, Elizaveta and Needell, Deanna},
  journal={Numerical Algorithms},
  volume={86},
  pages={443--473},
  year={2021},
  publisher={Springer}
}

@article{johnstone2001distribution,
  title={On the distribution of the largest eigenvalue in principal components analysis},
  author={Johnstone, Iain M},
  journal={The Annals of statistics},
  volume={29},
  number={2},
  pages={295--327},
  year={2001},
  publisher={Institute of Mathematical Statistics}
}

@book{tao2012topics,
  title={Topics in random matrix theory},
  author={Tao, Terence},
  volume={132},
  year={2012},
  publisher={American Mathematical Soc.}
}

@article{derezinski2024sharp,
  title={Sharp analysis of sketch-and-project methods via a connection to randomized singular value decomposition},
  author={Derezi{\'n}ski, Micha{\l} and Rebrova, Elizaveta},
  journal={SIAM Journal on Mathematics of Data Science},
  volume={6},
  number={1},
  pages={127--153},
  year={2024},
  publisher={SIAM}
}

@article{bertsekas2011incremental,
  title={Incremental proximal methods for large scale convex optimization},
  author={Bertsekas, Dimitri P},
  journal={Mathematical programming},
  volume={129},
  number={2},
  pages={163--195},
  year={2011},
  publisher={Springer}
}

@article{asi2019stochastic,
  title={Stochastic (approximate) proximal point methods: Convergence, optimality, and adaptivity},
  author={Asi, Hilal and Duchi, John C},
  journal={SIAM Journal on Optimization},
  volume={29},
  number={3},
  pages={2257--2290},
  year={2019},
  publisher={SIAM}
}

@article{davis2019stochastic,
  title={Stochastic model-based minimization of weakly convex functions},
  author={Davis, Damek and Drusvyatskiy, Dmitriy},
  journal={SIAM Journal on Optimization},
  volume={29},
  number={1},
  pages={207--239},
  year={2019},
  publisher={SIAM}
}

@article{puatracscu2021new,
  title={New nonasymptotic convergence rates of stochastic proximal point algorithm for stochastic convex optimization},
  author={P{\u{a}}tra{\c{s}}cu, Andrei},
  journal={Optimization},
  volume={70},
  number={9},
  pages={1891--1919},
  year={2021},
  publisher={Taylor \& Francis}
}

@article{de2011modified,
  title={MODIFIED ITERATED {Tikhonov} METHODS FOR SOLVING SYSTEMS OF NONLINEAR ILL-POSED EQUATIONS},
  author={De Cezaro, Adriano and Baumeister, Johann and Leitao, Antonio},
  journal={Inverse Problems and Imaging},
  volume={5},
  number={1},
  pages={1--17},
  year={2011}
}

@article{amari1996neural,
  title={Neural learning in structured parameter spaces-natural Riemannian gradient},
  author={Amari, Shun-ichi},
  journal={Advances in neural information processing systems},
  volume={9},
  year={1996}
}

@article{needell2014stochastic,
  title={Stochastic gradient descent, weighted sampling, and the randomized {Kaczmarz} algorithm},
  author={Needell, Deanna and Ward, Rachel and Srebro, Nati},
  journal={Advances in neural information processing systems},
  volume={27},
  year={2014}
}

@article{zhang2019fast,
  title={Fast convergence of natural gradient descent for over-parameterized neural networks},
  author={Zhang, Guodong and Martens, James and Grosse, Roger B},
  journal={Advances in Neural Information Processing Systems},
  volume={32},
  year={2019}
}

@article{yang2022efficient,
  title={An efficient Fisher matrix approximation method for large-scale neural network optimization},
  author={Yang, Minghan and Xu, Dong and Cui, Qiwen and Wen, Zaiwen and Xu, Pengxiang},
  journal={IEEE Transactions on Pattern Analysis and Machine Intelligence},
  volume={45},
  number={5},
  pages={5391--5403},
  year={2022},
  publisher={IEEE}
}

@article{robbins1951stochastic,
  title={A stochastic approximation method},
  author={Robbins, Herbert and Monro, Sutton},
  journal={The annals of mathematical statistics},
  pages={400--407},
  year={1951},
  publisher={JSTOR}
}

@article{martens2020new,
  title={New insights and perspectives on the natural gradient method},
  author={Martens, James},
  journal={Journal of Machine Learning Research},
  volume={21},
  number={146},
  pages={1--76},
  year={2020}
}

@book{nocedal1999numerical,
  title={Numerical optimization},
  author={Nocedal, Jorge and Wright, Stephen J},
  year={1999},
  publisher={Springer}
}

@article{schraudolph2002fast,
  title={Fast curvature matrix-vector products for second-order gradient descent},
  author={Schraudolph, Nicol N},
  journal={Neural computation},
  volume={14},
  number={7},
  pages={1723--1738},
  year={2002},
  publisher={MIT Press}
}

@article{amari1996neural,
  title={Neural learning in structured parameter spaces-natural Riemannian gradient},
  author={Amari, Shun-ichi},
  journal={Advances in neural information processing systems},
  volume={9},
  year={1996}
}

@inproceedings{kingma2014adam,
  title={Adam: a method for stochastic optimization},
  author={Kingma, Diederik P. and Ba, Jimmy},
  booktitle={International Conference on Learning Representations},
  year={2014}
}
@article{garrigos2023handbook,
  title={Handbook of convergence theorems for (stochastic) gradient methods},
  author={Garrigos, Guillaume and Gower, Robert M},
  journal={arXiv preprint arXiv:2301.11235},
  year={2023}
}
@article{needell2010randomized,
  title={Randomized {Kaczmarz} solver for noisy linear systems},
  author={Needell, Deanna},
  journal={BIT Numerical Mathematics},
  volume={50},
  pages={395--403},
  year={2010},
  publisher={Springer}
}
@article{goldshlager2024kaczmarz,
  title={A {Kaczmarz}-inspired approach to accelerate the optimization of neural network wavefunctions},
  author={Goldshlager, Gil and Abrahamsen, Nilin and Lin, Lin},
  journal={arXiv preprint arXiv:2401.10190},
  year={2024}
}

@article{karczmarz1937angenaherte,
  title={Angenaherte auflosung von systemen linearer glei-chungen},
  author={Karczmarz, Stefan},
  journal={Bull. Int. Acad. Pol. Sic. Let., Cl. Sci. Math. Nat.},
  pages={355--357},
  year={1937}
}

@article{needell2014paved,
  title={Paved with good intentions: analysis of a randomized block {Kaczmarz} method},
  author={Needell, Deanna and Tropp, Joel A},
  journal={Linear Algebra and its Applications},
  volume={441},
  pages={199--221},
  year={2014},
  publisher={Elsevier}
}

@article{elfving1980block,
  title={Block-iterative methods for consistent and inconsistent linear equations},
  author={Elfving, Tommy},
  journal={Numerische Mathematik},
  volume={35},
  pages={1--12},
  year={1980},
  publisher={Springer}
}

@article{rodomanov2020randomized,
  title={A randomized coordinate descent method with volume sampling},
  author={Rodomanov, Anton and Kropotov, Dmitry},
  journal={SIAM Journal on Optimization},
  volume={30},
  number={3},
  pages={1878--1904},
  year={2020},
  publisher={SIAM}
}

@article{raissi2019physics,
  title={Physics-informed neural networks: A deep learning framework for solving forward and inverse problems involving nonlinear partial differential equations},
  author={Raissi, Maziar and Perdikaris, Paris and Karniadakis, George E},
  journal={Journal of Computational physics},
  volume={378},
  pages={686--707},
  year={2019},
  publisher={Elsevier}
}
@article{yu2018deep,
  title={The deep Ritz method: a deep learning-based numerical algorithm for solving variational problems},
  author={Yu, Bing and others},
  journal={Communications in Mathematics and Statistics},
  volume={6},
  number={1},
  pages={1--12},
  year={2018},
  publisher={Springer}
}
@article{carleo2017solving,
  title={Solving the quantum many-body problem with artificial neural networks},
  author={Carleo, Giuseppe and Troyer, Matthias},
  journal={Science},
  volume={355},
  number={6325},
  pages={602--606},
  year={2017},
  publisher={American Association for the Advancement of Science}
}


@article{pfau2020ab,
  title={Ab initio solution of the many-electron {Schr{\"o}dinger} equation with deep neural networks},
  author={Pfau, David and Spencer, James S and Matthews, Alexander GDG and Foulkes, W Matthew C},
  journal={Physical review research},
  volume={2},
  number={3},
  pages={033429},
  year={2020},
  publisher={APS}
}
@article{hermann2020deep,
  title={Deep-neural-network solution of the electronic Schr{\"o}dinger equation},
  author={Hermann, Jan and Sch{\"a}tzle, Zeno and No{\'e}, Frank},
  journal={Nature Chemistry},
  volume={12},
  number={10},
  pages={891--897},
  year={2020},
  publisher={Nature Publishing Group UK London}
}

@article{entwistle2023electronic,
  title={Electronic excited states in deep variational {Monte Carlo}},
  author={Entwistle, Michael T and Sch{\"a}tzle, Zeno and Erdman, Paolo A and Hermann, Jan and No{\'e}, Frank},
  journal={Nature Communications},
  volume={14},
  number={1},
  pages={274},
  year={2023},
  publisher={Nature Publishing Group UK London}
}
@article{pfau2024accurate,
  title={Accurate computation of quantum excited states with neural networks},
  author={Pfau, David and Axelrod, Simon and Sutterud, Halvard and von Glehn, Ingrid and Spencer, James S},
  journal={Science},
  volume={385},
  number={6711},
  pages={eadn0137},
  year={2024},
  publisher={American Association for the Advancement of Science}
}

@article{li2020fourier,
  title={Fourier neural operator for parametric partial differential equations},
  author={Li, Zongyi and Kovachki, Nikola and Azizzadenesheli, Kamyar and Liu, Burigede and Bhattacharya, Kaushik and Stuart, Andrew and Anandkumar, Anima},
  journal={arXiv preprint arXiv:2010.08895},
  year={2020}
}
@article{kovachki2023neural,
  title={Neural operator: Learning maps between function spaces with applications to pdes},
  author={Kovachki, Nikola and Li, Zongyi and Liu, Burigede and Azizzadenesheli, Kamyar and Bhattacharya, Kaushik and Stuart, Andrew and Anandkumar, Anima},
  journal={Journal of Machine Learning Research},
  volume={24},
  number={89},
  pages={1--97},
  year={2023}
}
@article{wang2018deepmd,
  title={DeePMD-kit: A deep learning package for many-body potential energy representation and molecular dynamics},
  author={Wang, Han and Zhang, Linfeng and Han, Jiequn and Weinan, E},
  journal={Computer Physics Communications},
  volume={228},
  pages={178--184},
  year={2018},
  publisher={Elsevier}
}
@article{batatia2022mace,
  title={MACE: Higher order equivariant message passing neural networks for fast and accurate force fields},
  author={Batatia, Ilyes and Kovacs, David P and Simm, Gregor and Ortner, Christoph and Cs{\'a}nyi, G{\'a}bor},
  journal={Advances in Neural Information Processing Systems},
  volume={35},
  pages={11423--11436},
  year={2022}
}
@article{musaelian2023learning,
  title={Learning local equivariant representations for large-scale atomistic dynamics},
  author={Musaelian, Albert and Batzner, Simon and Johansson, Anders and Sun, Lixin and Owen, Cameron J and Kornbluth, Mordechai and Kozinsky, Boris},
  journal={Nature Communications},
  volume={14},
  number={1},
  pages={579},
  year={2023},
  publisher={Nature Publishing Group UK London}
}
@inproceedings{muller2023achieving,
  title={Achieving high accuracy with {PINNs} via energy natural gradient descent},
  author={M{\"u}ller, Johannes and Zeinhofer, Marius},
  booktitle={International Conference on Machine Learning},
  pages={25471--25485},
  year={2023},
  organization={PMLR}
}
@inproceedings{mullerposition,
  title={Position: Optimization in {SciML} Should Employ the Function Space Geometry},
  author={M{\"u}ller, Johannes and Zeinhofer, Marius},
  booktitle={Forty-first International Conference on Machine Learning}
}
@article{schatzle2023deepqmc,
  title={DeepQMC: An open-source software suite for variational optimization of deep-learning molecular wave functions},
  author={Sch{\"a}tzle, Zeno and Szab{\'o}, Peter Bernat and Mezera, Matej and Hermann, Jan and No{\'e}, Frank},
  journal={The Journal of Chemical Physics},
  volume={159},
  number={9},
  year={2023},
  publisher={AIP Publishing}
}
@article{lin2023explicitly,
  title={Explicitly antisymmetrized neural network layers for variational {Monte Carlo} simulation},
  author={Lin, Jeffmin and Goldshlager, Gil and Lin, Lin},
  journal={Journal of Computational Physics},
  volume={474},
  pages={111765},
  year={2023},
  publisher={Elsevier}
}
@article{dangel2024kronecker,
  title={{Kronecker-Factored Approximate Curvature} for {Physics-Informed Neural Networks}},
  author={Dangel, Felix and M{\"u}ller, Johannes and Zeinhofer, Marius},
  journal={arXiv preprint arXiv:2405.15603},
  year={2024}
}
@article{amari1998natural,
  title={Natural gradient works efficiently in learning},
  author={Amari, Shun-Ichi},
  journal={Neural computation},
  volume={10},
  number={2},
  pages={251--276},
  year={1998},
  publisher={MIT Press}
}
@inproceedings{martens2015optimizing,
  title={Optimizing neural networks with {Kronecker-Factored Approximate Curvature}},
  author={Martens, James and Grosse, Roger},
  booktitle={International conference on machine learning},
  pages={2408--2417},
  year={2015},
  organization={PMLR}
}
@article{yang2021ng,
  title={NG+: A multi-step matrix-product natural gradient method for deep learning},
  author={Yang, Minghan and Xu, Dong and Cui, Qiwen and Wen, Zaiwen and Xu, Pengxiang},
  journal={arXiv preprint arXiv:2106.07454},
  year={2021}
}
@inproceedings{gupta2018shampoo,
  title={Shampoo: Preconditioned stochastic tensor optimization},
  author={Gupta, Vineet and Koren, Tomer and Singer, Yoram},
  booktitle={International Conference on Machine Learning},
  pages={1842--1850},
  year={2018},
  organization={PMLR}
}
@article{hwang2024fadam,
  title={FAdam: Adam is a natural gradient optimizer using diagonal empirical Fisher information},
  author={Hwang, Dongseong},
  journal={arXiv preprint arXiv:2405.12807},
  year={2024}
}
@article{ren2019efficient,
  title={Efficient subsampled {Gauss-Newton} and natural gradient methods for training neural networks},
  author={Ren, Yi and Goldfarb, Donald},
  journal={arXiv preprint arXiv:1906.02353},
  year={2019}
}
@article{moorman2021randomized,
  title={Randomized {Kaczmarz} with averaging},
  author={Moorman, Jacob D and Tu, Thomas K and Molitor, Denali and Needell, Deanna},
  journal={BIT Numerical Mathematics},
  volume={61},
  pages={337--359},
  year={2021},
  publisher={Springer}
}

@inproceedings{derezinski2024solving,
  title={Solving dense linear systems faster than via preconditioning},
  author={Derezi{\'n}ski, Micha{\l} and Yang, Jiaming},
  booktitle={Proceedings of the 56th Annual ACM Symposium on Theory of Computing},
  pages={1118--1129},
  year={2024}
}

@article{umrigar2007,
  title = {Alleviation of the Fermion-Sign Problem by Optimization of Many-Body Wave Functions},
  author = {Umrigar, C. J. and Toulouse, Julien and Filippi, Claudia and Sorella, S. and Hennig, R. G.},
  journal = {Phys. Rev. Lett.},
  volume = {98},
  issue = {11},
  pages = {110201},
  numpages = {4},
  year = {2007},
  month = {Mar},
  publisher = {American Physical Society},
  doi = {10.1103/PhysRevLett.98.110201},
  url = {https://link.aps.org/doi/10.1103/PhysRevLett.98.110201}
}
@article{sorella_sr,
  title = {Generalized Lanczos algorithm for variational quantum {Monte Carlo}},
  author = {Sorella, Sandro},
  journal = {Phys. Rev. B},
  volume = {64},
  issue = {2},
  pages = {024512},
  numpages = {16},
  year = {2001},
  month = {Jun},
  publisher = {American Physical Society},
  doi = {10.1103/PhysRevB.64.024512},
  url = {https://link.aps.org/doi/10.1103/PhysRevB.64.024512}
}
@article{gao2024neural,
  title={Neural Pfaffians: Solving Many Many-Electron {Schr}$\backslash$" odinger Equations},
  author={Gao, Nicholas and G{\"u}nnemann, Stephan},
  journal={arXiv preprint arXiv:2405.14762},
  year={2024}
}
@article{smith2024ground,
  title={Ground state phases of the two-dimension electron gas with a unified variational approach},
  author={Smith, Conor and Chen, Yixiao and Levy, Ryan and Yang, Yubo and Morales, Miguel A and Zhang, Shiwei},
  journal={arXiv preprint arXiv:2405.19397},
  year={2024}
}
@article{chen2024empowering,
  title={Empowering deep neural quantum states through efficient optimization},
  author={Chen, Ao and Heyl, Markus},
  journal={Nature Physics},
  volume={20},
  number={9},
  pages={1476--1481},
  year={2024},
  publisher={Nature Publishing Group UK London}
}
@article{rende2024simple,
  title={A simple linear algebra identity to optimize large-scale neural network quantum states},
  author={Rende, Riccardo and Viteritti, Luciano Loris and Bardone, Lorenzo and Becca, Federico and Goldt, Sebastian},
  journal={Communications Physics},
  volume={7},
  number={1},
  pages={260},
  year={2024},
  publisher={Nature Publishing Group UK London}
}
@article{jain2018parallelizing,
  title={Parallelizing stochastic gradient descent for least squares regression: mini-batching, averaging, and model misspecification},
  author={Jain, Prateek and Kakade, Sham M and Kidambi, Rahul and Netrapalli, Praneeth and Sidford, Aaron},
  journal={Journal of machine learning research},
  volume={18},
  number={223},
  pages={1--42},
  year={2018}
}
@article{derezinski2024fine,
  title={Fine-grained Analysis and Faster Algorithms for Iteratively Solving Linear Systems},
  author={Derezi{\'n}ski, Micha{\l} and LeJeune, Daniel and Needell, Deanna and Rebrova, Elizaveta},
  journal={arXiv preprint arXiv:2405.05818},
  year={2024}
}
@article{necoara2019faster,
  title={Faster randomized block {Kaczmarz} algorithms},
  author={Necoara, Ion},
  journal={SIAM Journal on Matrix Analysis and Applications},
  volume={40},
  number={4},
  pages={1425--1452},
  year={2019},
  publisher={SIAM}
}
@article{zouzias2013randomized,
  title={Randomized extended {Kaczmarz} for solving least squares},
  author={Zouzias, Anastasios and Freris, Nikolaos M},
  journal={SIAM Journal on Matrix Analysis and Applications},
  volume={34},
  number={2},
  pages={773--793},
  year={2013},
  publisher={SIAM}
}
@article{needell2015randomized,
  title={Randomized block {Kaczmarz} method with projection for solving least squares},
  author={Needell, Deanna and Zhao, Ran and Zouzias, Anastasios},
  journal={Linear Algebra and its Applications},
  volume={484},
  pages={322--343},
  year={2015},
  publisher={Elsevier}
}
@article{jiang2022randomized,
  title={Randomized block {Kaczmarz} methods with k-means clustering for solving large linear systems},
  author={Jiang, Xiang-Long and Zhang, Ke and Yin, Jun-Feng},
  journal={Journal of Computational and Applied Mathematics},
  volume={403},
  pages={113828},
  year={2022},
  publisher={Elsevier}
}
@article{liu2021greedy,
  title={On greedy randomized block {Kaczmarz} method for consistent linear systems},
  author={Liu, Yong and Gu, Chuan-Qing},
  journal={Linear Algebra and Its Applications},
  volume={616},
  pages={178--200},
  year={2021},
  publisher={Elsevier}
}

@inproceedings{defossez2015averaged,
    title={Averaged least-mean-squares: Bias-variance trade-offs and optimal sampling distributions},
    author={D{\'e}fossez, Alexandre and Bach, Francis},
    booktitle={Artificial Intelligence and Statistics},
    pages={205--213},
    year={2015},
    organization={PMLR},
}

@article{gower2015randomized,
  title={Randomized iterative methods for linear systems},
  author={Gower, Robert M and Richt{\'a}rik, Peter},
  journal={SIAM Journal on Matrix Analysis and Applications},
  volume={36},
  number={4},
  pages={1660--1690},
  year={2015},
  publisher={SIAM}
}
@misc{epperly2024randomizedkaczmarztailaveraging,
      title={Randomized {Kaczmarz} with tail averaging}, 
      author={Ethan N. Epperly and Gil Goldshlager and Robert J. Webber},
      year={2024},
      eprint={2411.19877},
      archivePrefix={arXiv},
      primaryClass={math.NA},
      url={https://arxiv.org/abs/2411.19877}, 
}
@article{derezinski2021determinantal,
  title={Determinantal point processes in randomized numerical linear algebra},
  author={Derezinski, Micha{\l} and Mahoney, Michael W},
  journal={Notices of the American Mathematical Society},
  volume={68},
  number={1},
  pages={34--45},
  year={2021}
}
@inproceedings{he2016deep,
  title={Deep residual learning for image recognition},
  author={He, Kaiming and Zhang, Xiangyu and Ren, Shaoqing and Sun, Jian},
  booktitle={Proceedings of the IEEE conference on computer vision and pattern recognition},
  pages={770--778},
  year={2016}
}
@article{rakhlin2011making,
  title={Making gradient descent optimal for strongly convex stochastic optimization},
  author={Rakhlin, Alexander and Shamir, Ohad and Sridharan, Karthik},
  journal={arXiv preprint arXiv:1109.5647},
  year={2011}
}
@inproceedings{frostig2015regularizing,
  title={Un-regularizing: approximate proximal point and faster stochastic algorithms for empirical risk minimization},
  author={Frostig, Roy and Ge, Rong and Kakade, Sham and Sidford, Aaron},
  booktitle={International Conference on Machine Learning},
  pages={2540--2548},
  year={2015},
  organization={PMLR}
}
@inproceedings{allen2016even,
  title={Even faster accelerated coordinate descent using non-uniform sampling},
  author={Allen-Zhu, Zeyuan and Qu, Zheng and Richt{\'a}rik, Peter and Yuan, Yang},
  booktitle={International Conference on Machine Learning},
  pages={1110--1119},
  year={2016},
  organization={PMLR}
}
@inproceedings{agarwal2020leverage,
  title={Leverage score sampling for faster accelerated regression and {ERM}},
  author={Agarwal, Naman and Kakade, Sham and Kidambi, Rahul and Lee, Yin-Tat and Netrapalli, Praneeth and Sidford, Aaron},
  booktitle={Algorithmic Learning Theory},
  pages={22--47},
  year={2020},
  organization={PMLR}
}
@inproceedings{cohen2015uniform,
  title={Uniform sampling for matrix approximation},
  author={Cohen, Michael B and Lee, Yin Tat and Musco, Cameron and Musco, Christopher and Peng, Richard and Sidford, Aaron},
  booktitle={Proceedings of the 2015 conference on innovations in theoretical computer science},
  pages={181--190},
  year={2015}
}
@inproceedings{nesterov1983method,
  title={A method for unconstrained convex minimization problem with the rate of convergence {O (1/k2)}},
  author={Nesterov, Yurii},
  booktitle={Dokl. Akad. Nauk. SSSR},
  volume={269},
  pages={543},
  year={1983}
}
@inproceedings{jain2018accelerating,
  title={Accelerating stochastic gradient descent for least squares regression},
  author={Jain, Prateek and Kakade, Sham M and Kidambi, Rahul and Netrapalli, Praneeth and Sidford, Aaron},
  booktitle={Conference On Learning Theory},
  pages={545--604},
  year={2018},
  organization={PMLR}
}
@inproceedings{lee2013efficient,
  title={Efficient accelerated coordinate descent methods and faster algorithms for solving linear systems},
  author={Lee, Yin Tat and Sidford, Aaron},
  booktitle={2013 ieee 54th annual symposium on foundations of computer science},
  pages={147--156},
  year={2013},
  organization={IEEE}
}
@article{shalev2013accelerated,
  title={Accelerated mini-batch stochastic dual coordinate ascent},
  author={Shalev-Shwartz, Shai and Zhang, Tong},
  journal={Advances in Neural Information Processing Systems},
  volume={26},
  year={2013}
}
@article{censor1981row,
  title={Row-action methods for huge and sparse systems and their applications},
  author={Censor, Yair},
  journal={SIAM review},
  volume={23},
  number={4},
  pages={444--466},
  year={1981},
  publisher={SIAM}
}
@book{lehmann2006theory,
  title={Theory of point estimation},
  author={Lehmann, Erich L and Casella, George},
  year={2006},
  publisher={Springer Science \& Business Media}
}
@book{van2000asymptotic,
  title={Asymptotic statistics},
  author={Van der Vaart, Aad W},
  volume={3},
  year={2000},
  publisher={Cambridge university press}
}
@article{eggermont1981iterative,
  title={Iterative algorithms for large partitioned linear systems, with applications to image reconstruction},
  author={Eggermont, Paulus Petrus Bernardus and Herman, Gabor T and Lent, Arnold},
  journal={Linear algebra and its applications},
  volume={40},
  pages={37--67},
  year={1981},
  publisher={Elsevier}
}
@misc{derezinski2025,
      title={Randomized {Kaczmarz} Methods with Beyond-{Krylov} Convergence}, 
      author={Michał Dereziński and Deanna Needell and Elizaveta Rebrova and Jiaming Yang},
      year={2025},
      eprint={2501.11673},
      archivePrefix={arXiv},
      primaryClass={math.NA},
      url={https://arxiv.org/abs/2501.11673}, 
}
@article{hermann2023ab,
  title={Ab initio quantum chemistry with neural-network wavefunctions},
  author={Hermann, Jan and Spencer, James and Choo, Kenny and Mezzacapo, Antonio and Foulkes, W Matthew C and Pfau, David and Carleo, Giuseppe and No{\'e}, Frank},
  journal={Nature Reviews Chemistry},
  volume={7},
  number={10},
  pages={692--709},
  year={2023},
  publisher={Nature Publishing Group UK London}
}
@article{wang2022and,
  title={When and why {PINN}s fail to train: A neural tangent kernel perspective},
  author={Wang, Sifan and Yu, Xinling and Perdikaris, Paris},
  journal={Journal of Computational Physics},
  volume={449},
  pages={110768},
  year={2022},
  publisher={Elsevier}
}
@article{park2020geometry,
  title={Geometry of learning neural quantum states},
  author={Park, Chae-Yeun and Kastoryano, Michael J},
  journal={Physical Review Research},
  volume={2},
  number={2},
  pages={023232},
  year={2020},
  publisher={APS}
}
@article{bietti2019inductive,
  title={On the inductive bias of neural tangent kernels},
  author={Bietti, Alberto and Mairal, Julien},
  journal={Advances in Neural Information Processing Systems},
  volume={32},
  year={2019}
}
@article{ronen2019convergence,
  title={The convergence rate of neural networks for learned functions of different frequencies},
  author={Ronen, Basri and Jacobs, David and Kasten, Yoni and Kritchman, Shira},
  journal={Advances in Neural Information Processing Systems},
  volume={32},
  year={2019}
}
@article{cao2019towards,
  title={Towards understanding the spectral bias of deep learning},
  author={Cao, Yuan and Fang, Zhiying and Wu, Yue and Zhou, Ding-Xuan and Gu, Quanquan},
  journal={arXiv preprint arXiv:1912.01198},
  year={2019}
}
@article{shustin2022semi,
  title={Semi-infinite linear regression and its applications},
  author={Shustin, Paz Fink and Avron, Haim},
  journal={SIAM Journal on Matrix Analysis and Applications},
  volume={43},
  number={1},
  pages={479--511},
  year={2022},
  publisher={SIAM}
}