@inproceedings{agarwal2020leverage,
  title={Leverage score sampling for faster accelerated regression and {ERM}},
  author={Agarwal, Naman and Kakade, Sham and Kidambi, Rahul and Lee, Yin-Tat and Netrapalli, Praneeth and Sidford, Aaron},
  booktitle={Algorithmic Learning Theory},
  pages={22--47},
  year={2020},
  organization={PMLR}
}

@inproceedings{allen2016even,
  title={Even faster accelerated coordinate descent using non-uniform sampling},
  author={Allen-Zhu, Zeyuan and Qu, Zheng and Richt{\'a}rik, Peter and Yuan, Yang},
  booktitle={International Conference on Machine Learning},
  pages={1110--1119},
  year={2016},
  organization={PMLR}
}

@article{asi2019stochastic,
  title={Stochastic (approximate) proximal point methods: Convergence, optimality, and adaptivity},
  author={Asi, Hilal and Duchi, John C},
  journal={SIAM Journal on Optimization},
  volume={29},
  number={3},
  pages={2257--2290},
  year={2019},
  publisher={SIAM}
}

@article{bertsekas2011incremental,
  title={Incremental proximal methods for large scale convex optimization},
  author={Bertsekas, Dimitri P},
  journal={Mathematical programming},
  volume={129},
  number={2},
  pages={163--195},
  year={2011},
  publisher={Springer}
}

@article{davis2019stochastic,
  title={Stochastic model-based minimization of weakly convex functions},
  author={Davis, Damek and Drusvyatskiy, Dmitriy},
  journal={SIAM Journal on Optimization},
  volume={29},
  number={1},
  pages={207--239},
  year={2019},
  publisher={SIAM}
}

@article{de2011modified,
  title={MODIFIED ITERATED {Tikhonov} METHODS FOR SOLVING SYSTEMS OF NONLINEAR ILL-POSED EQUATIONS},
  author={De Cezaro, Adriano and Baumeister, Johann and Leitao, Antonio},
  journal={Inverse Problems and Imaging},
  volume={5},
  number={1},
  pages={1--17},
  year={2011}
}

@misc{derezinski2025,
      title={Randomized {Kaczmarz} Methods with Beyond-{Krylov} Convergence}, 
      author={Michał Dereziński and Deanna Needell and Elizaveta Rebrova and Jiaming Yang},
      year={2025},
      eprint={2501.11673},
      archivePrefix={arXiv},
      primaryClass={math.NA},
      url={https://arxiv.org/abs/2501.11673}, 
}

@inproceedings{jain2018accelerating,
  title={Accelerating stochastic gradient descent for least squares regression},
  author={Jain, Prateek and Kakade, Sham M and Kidambi, Rahul and Netrapalli, Praneeth and Sidford, Aaron},
  booktitle={Conference On Learning Theory},
  pages={545--604},
  year={2018},
  organization={PMLR}
}

@inproceedings{nesterov1983method,
  title={A method for unconstrained convex minimization problem with the rate of convergence {O (1/k2)}},
  author={Nesterov, Yurii},
  booktitle={Dokl. Akad. Nauk. SSSR},
  volume={269},
  pages={543},
  year={1983}
}

@article{puatracscu2021new,
  title={New nonasymptotic convergence rates of stochastic proximal point algorithm for stochastic convex optimization},
  author={P{\u{a}}tra{\c{s}}cu, Andrei},
  journal={Optimization},
  volume={70},
  number={9},
  pages={1891--1919},
  year={2021},
  publisher={Taylor \& Francis}
}

@article{shalev2013accelerated,
  title={Accelerated mini-batch stochastic dual coordinate ascent},
  author={Shalev-Shwartz, Shai and Zhang, Tong},
  journal={Advances in Neural Information Processing Systems},
  volume={26},
  year={2013}
}

