%%%%%%%% Preamble to add "et al" for long list of authors
% (from IEEEtran_bst_HOWTO.pdf)

% According to IEEE style guide - for more than 6 authors we
% should have first author then "et al".
% https://ieeeauthorcenter.ieee.org/wp-content/uploads/IEEE-Reference-Guide.pdf

% journals
@string{ar    = "Autonomous Robots"}
@string{fr    = "Field Robotics"}
@string{fsr   = "Field and Service Robotics"}
@string{jfr   = "Journal of Field Robotics"}
@string{ijrr  = "International Journal of Robotics Research"}
@string{ral = "{IEEE} Robotics and Automation Letters"}
@string{ras   = "Journal of Robotics and Autonomous Systems"}
@string{scirob = "Science Robotics"}
@string{tro   = "{IEEE} Transactions on Robotics"}
@string{tra   = "{IEEE} Transactions on Robotics and Automation"} 


@string{ieee  = "Proc. of the IEEE"}
@string{tac   = "{IEEE} Transactions on Automatic Control"}
@string{joe   = "Journal of Oceanic Engineering"}
@string{ijcv  = "International Journal of Computer Vision"}
@string{jbe   = "{ASME} Journal of Basic Engineering"}
@string{cviu  = "Computer Vision and Image Understanding"}
@string{ram   = "{IEEE} Robotics \& Automation Magazine"}
@string{pami  = "{IEEE} Transactions on Pattern Analysis and Machine Intelligence"}
@string{tac   = "{IEEE} Transactions on Automatic Control"}
@string{mtsj  = "Marine Technology Society Journal"}
@string{ijhr  = "International Journal of Humanoid Robotics"}
@string{cacm  = "{Communications of the ACM}"}
@string{jmlr  = "{Journal of Machine Learning Research}"}
@string{tog   = "ACM Transactions on Graphics (TOG)"}
@string{ivc   = "Image and Vision Computing"}
@string{tgrs  = "{IEEE} Transactions on Geoscience and Remote Sensing"}
@string{advr = "{Advanced Robotics}"}

% conferences
@string{aaai  = "AAAI Conference on Artificial Intelligence"}
@string{accv  = "Asian Conference on Computer Vision (ACCV)"}
@string{bmvc  = "British Machine Vision Conference (BMVC)"}
@string{cdc   = "{IEEE} Conference on Decision and Control (CDC)"}
@string{chi   = "ACM Conference on Human Factors in Computing Systems (CHI)"}
@string{corl  = "Conference on Robot Learning (CoRL)"}
@string{cvpr  = "{IEEE} Conference on Computer Vision and Pattern Recognition (CVPR)"}
@string{eccv  = "European Conference on Computer Vision (ECCV)"}
@string{ecmr  = "European Conference on Mobile Robotics (ECMR)"}
@string{emav  = "European Micro Aerial Vehicle Conference"}
@string{fusion = "International Conference on Information Fusion (FUSION)"}
@string{icar  = "IEEE International Conference on Advanced Robotics (ICAR)"}
@string{iccv  = "International Conference on Computer Vision (ICCV)"}
@string{ichr  = "IEEE/RSJ International Conference on Humanoid Robots"}
@string{iclr  = "International Conference on Learning Representations (ICLR)"}
@string{icml  = "International Conference on Machine Learning (ICML)"}
@string{icpr  = "International Conference on Pattern Recognition (ICPR)"}
@string{icra  = "IEEE International Conference on Robotics and Automation (ICRA)"}
@string{ictdv  = "IEEE International Conference on 3D Vision"}
@string{ijcai = "International Joint Conference on Artificial Intelligence"}
@string{iros  = "IEEE/RSJ International Conference on Intelligent Robots and Systems (IROS)"}
@string{isrr  = "International Symposium of Robotics Research (ISRR)"}
@string{neurips= "Advances in Neural Information Processing Systems (NeurIPS)"}
@string{rss   = "Robotics: Science and Systems (RSS)"}
@string{siggraph = "SIGGRAPH"}

@string{oceans= "Proceedings of the IEEE/MTS OCEANS Conference and Exhibition"}
@string{icias = "International Conference on Intelligent Autonomous Systems (ICIAS)"}
@string{dim   = "International Conference on 3-D Digital Imaging and Modeling (3DIM)"}
@string{icarcv = "International Conference on Control, Automation, Robotics and Vision (ICARCV)"}
@string{cviu  = "Computer Vision and Image Understanding"}
@string{uust  = "International Symposium on Unmanned Untethered Submersible Technology"}
@string{tim = "{IEEE Transactions on Instrumentation and Measurement}"}
@string{robio = "IEEE International Conference on Robotics and Biomimetics (ROBIO)"}
@string{ipress   = "IEEE Press, Piscataway, NJ"}
@string{mit   = "The MIT Press, Cambridge, MA"}

% workshops
@string{iser  = "International Symposium on Experimental Robotics (ISER)"}
@string{ismar = "IEEE/ACM International Symposium on Mixed and Augmented Reality (ISMAR)"}

@IEEEtranBSTCTL{library:BSTcontrol,
	CTLuse_forced_etal	= "yes",
	CTLmax_names_forced_etal = "6",
}

%%%%%%%% Past papers

@inproceedings{tao2024silvr,
  title={{SiLVR}: Scalable Lidar-Visual Reconstruction with Neural Radiance Fields for Robotic Inspection},
  author={Tao, Yifu and Bhalgat, Yash and Fu, Lanke Frank Tarimo and Mattamala, Matias and Chebrolu, Nived and Fallon, Maurice},
  booktitle=icra, 
  year={2024},
}

@article{mildenhall2021nerf,
	title={{NeRF}: Representing scenes as neural radiance fields for view synthesis},
	author={Mildenhall, Ben and Srinivasan, Pratul P and Tancik, Matthew and Barron, Jonathan T and Ramamoorthi, Ravi and Ng, Ren},
	journal=cacm,
	volume={65},
	number={1},
	pages={99--106},
	year={2021},
	publisher={ACM New York, NY, USA}
}

@inproceedings{tancik2022block,
  title={{Block-NeRF}: Scalable large scene neural view synthesis},
  author={Tancik, Matthew and Casser, Vincent and Yan, Xinchen and Pradhan, Sabeek and Mildenhall, Ben and Srinivasan, Pratul P and Barron, Jonathan T and Kretzschmar, Henrik},
  booktitle=cvpr,
  pages={8248--8258},
  year={2022}
}

@inproceedings{meganerf,
  title={{Mega-NeRF}: Scalable construction of large-scale {NeRF} for virtual fly-throughs},
  author={Turki, Haithem and Ramanan, Deva and Satyanarayanan, Mahadev},
  booktitle=cvpr,
  pages={12922--12931},
  year={2022}
}

@inproceedings{kilonerf,
  title={{KiloNeRF}: Speeding up neural radiance fields with thousands of tiny mlps},
  author={Reiser, Christian and Peng, Songyou and Liao, Yiyi and Geiger, Andreas},
  booktitle=iccv,
  pages={14335--14345},
  year={2021}
}

@article{hfneus,
  title={Hf-neus: Improved surface reconstruction using high-frequency details},
  author={Wang, Yiqun and Skorokhodov, Ivan and Wonka, Peter},
  journal={Advances in Neural Information Processing Systems},
  volume={35},
  pages={1966--1978},
  year={2022}
}

@inproceedings{guo2022neural,
  title={Neural {3D} scene reconstruction with the manhattan-world assumption},
  author={Guo, Haoyu and Peng, Sida and Lin, Haotong and Wang, Qianqian and Zhang, Guofeng and Bao, Hujun and Zhou, Xiaowei},
  booktitle=cvpr,
  pages={5511--5520},
  year={2022}
}

@inproceedings{neuralangelo,
  title={Neuralangelo: High-Fidelity Neural Surface Reconstruction},
  author={Li, Zhaoshuo and M\"uller, Thomas and Evans, Alex and Taylor, Russell H and Unberath, Mathias and Liu, Ming-Yu and Lin, Chen-Hsuan},
  booktitle=cvpr,
  year={2023}
}

 % title={AsyncNeRF: Learning Large-scale Radiance Fields from Asynchronous RGB-D Sequences with Time-Pose Function},
  author={Wu, Zirui and Chen, Yuantao and Yang, Runyi and Zhu, Zhenxin and Hou, Chao and Shi, Yongliang and Zhao, Hao and Zhou, Guyue},
  journal={arXiv},
  year={2022}
}

@inproceedings{deng2022depth,
	title={Depth-supervised {NeRF}: Fewer views and faster training for free},
	author={Deng, Kangle and Liu, Andrew and Zhu, Jun-Yan and Ramanan, Deva},
	booktitle=cvpr,
	pages={12882--12891},
	year={2022}
}

@inproceedings{unisurf,
  title={Unisurf: Unifying neural implicit surfaces and radiance fields for multi-view reconstruction},
  author={Oechsle, Michael and Peng, Songyou and Geiger, Andreas},
  booktitle=iccv,
  pages={5589--5599},
  year={2021}
}



@INPROCEEDINGS{sdf,
  author={Chan, T. and Wei Zhu},
  booktitle=cvpr, 
  title={Level set based shape prior segmentation}, 
  year={2005},
  volume={2},
  number={},
  pages={1164-1170 vol. 2},
  doi={10.1109/CVPR.2005.212}}


@INPROCEEDINGS{occupancy,
  author={Moravec, H. and Elfes, A.},
  booktitle=icra, 
  title={High resolution maps from wide angle sonar}, 
  year={1985},
  volume={2},
  number={},
  pages={116-121},
  doi={10.1109/ROBOT.1985.1087316}}

@inproceedings{tancik2023nerfstudio,
  title={Nerfstudio: A modular framework for neural radiance field development},
  author={Tancik, Matthew and Weber, Ethan and Ng, Evonne and Li, Ruilong and Yi, Brent and Wang, Terrance and Kristoffersen, Alexander and Austin, Jake and Salahi, Kamyar and Ahuja, Abhik and others},
  booktitle=siggraph,
  pages={1--12},
  year={2023}
}


@inproceedings{sucar2021imap,
	title={{iMAP}: Implicit mapping and positioning in real-time},
	author={Sucar, Edgar and Liu, Shikun and Ortiz, Joseph and Davison, Andrew J},
	booktitle=cvpr,
	pages={6229--6238},
	year={2021}
}

@inproceedings{rematas2022urban,
	title={Urban radiance fields},
	author={Rematas, Konstantinos and Liu, Andrew and Srinivasan, Pratul P and Barron, Jonathan T and Tagliasacchi, Andrea and Funkhouser, Thomas and Ferrari, Vittorio},
	booktitle=cvpr,
	pages={12932--12942},
	year={2022}
}

@article{wang2021neus,
	title={{NeuS}: Learning Neural Implicit Surfaces by Volume Rendering for Multi-view Reconstruction},
	author={Wang, Peng and Liu, Lingjie and Liu, Yuan and Theobalt, Christian and Komura, Taku and Wang, Wenping},
	journal=neurips,
	year={2021}
}

@article{yariv2021volume,
	title={Volume rendering of neural implicit surfaces},
	author={Yariv, Lior and Gu, Jiatao and Kasten, Yoni and Lipman, Yaron},
	journal=neurips,
	volume={34},
	pages={4805--4815},
	year={2021}
}

@inproceedings{azinovic2022neural,
	title={Neural {RGB-D} surface reconstruction},
	author={Azinovi{\'c}, Dejan and Martin-Brualla, Ricardo and Goldman, Dan B and Nie{\ss}ner, Matthias and Thies, Justus},
	booktitle=cvpr,
	pages={6290--6301},
	year={2022}
}

@article{mueller2022instant,
	author = {Thomas M\"uller and Alex Evans and Christoph Schied and Alexander Keller},
	title = {Instant Neural Graphics Primitives with a Multiresolution Hash Encoding},
	journal = tog,
	issue_date = {July 2022},
	volume = {41},
	number = {4},
	month = jul,
	year = {2022},
	pages = {102:1--102:15},
	articleno = {102},
	numpages = {15},
	doi = {10.1145/3528223.3530127},
	publisher = {ACM},

}

@inproceedings{zhu2022nice,
	title={{NICE-SLAM}: Neural implicit scalable encoding for {SLAM}},
	author={Zhu, Zihan and Peng, Songyou and Larsson, Viktor and Xu, Weiwei and Bao, Hujun and Cui, Zhaopeng and Oswald, Martin R and Pollefeys, Marc},
	booktitle=cvpr,
	pages={12786--12796},
	year={2022}
}

@article{Yu2022MonoSDF,
	author    = {Yu, Zehao and Peng, Songyou and Niemeyer, Michael and Sattler, Torsten and Geiger, Andreas},
	title     = {{MonoSDF}: Exploring Monocular Geometric Cues for Neural Implicit Surface Reconstruction},
	journal   = neurips,
	year      = {2022},
}

@inproceedings{fridovich2022plenoxels,
  title={Plenoxels: Radiance Fields Without Neural Networks},
  author={Fridovich-Keil, Sara and Yu, Alex and Tancik, Matthew and Chen, Qinhong and Recht, Benjamin and Kanazawa, Angjoo},
  booktitle=cvpr,
  pages={5501--5510},
  year={2022}
}

@inproceedings{mipnerf,
  title={{Mip-nerf}: A multiscale representation for anti-aliasing neural radiance fields},
  author={Barron, Jonathan T and Mildenhall, Ben and Tancik, Matthew and Hedman, Peter and Martin-Brualla, Ricardo and Srinivasan, Pratul P},
  booktitle=iccv,
  pages={5855--5864},
  year={2021}
}

@article{knapitsch2017tanks,
	title={Tanks and temples: Benchmarking large-scale scene reconstruction},
	author={Knapitsch, Arno and Park, Jaesik and Zhou, Qian-Yi and Koltun, Vladlen},
	journal=tog,
	volume={36},
	number={4},
	pages={1--13},
	year={2017},
	publisher={ACM New York, NY, USA}
}

@article{sitzmann2019scene,
  title={Scene representation networks: Continuous {3D-structure-aware} neural scene representations},
  author={Sitzmann, Vincent and Zollh{\"o}fer, Michael and Wetzstein, Gordon},
  journal=neurips,
  volume={32},
  year={2019}
}

@inproceedings{sitzmann2019deepvoxels,
  title={{DeepVoxels}: Learning persistent {3D} feature embeddings},
  author={Sitzmann, Vincent and Thies, Justus and Heide, Felix and Nie{\ss}ner, Matthias and Wetzstein, Gordon and Zollhofer, Michael},
  booktitle=cvpr,
  pages={2437--2446},
  year={2019}
}

@article{lombardi2019neural,
  title={Neural volumes: learning dynamic renderable volumes from images},
  author={Lombardi, Stephen and Simon, Tomas and Saragih, Jason and Schwartz, Gabriel and Lehrmann, Andreas and Sheikh, Yaser},
  journal=tog,
  volume={38},
  number={4},
  pages={1--14},
  year={2019},
  publisher={ACM New York, NY, USA}
}

@article{kajiya1984ray,
  title={Ray tracing volume densities},
  author={Kajiya, James T and Von Herzen, Brian P},
  journal=siggraph,
  volume={18},
  number={3},
  pages={165--174},
  year={1984},
  publisher={ACM New York, NY, USA}
}

@article{max1995optical,
  title={Optical models for direct volume rendering},
  author={Max, Nelson},
  journal={IEEE Transactions on Visualization and Computer Graphics},
  volume={1},
  number={2},
  pages={99--108},
  year={1995},
  publisher={IEEE}
}

@inproceedings{sun2022direct,
  title={Direct voxel grid optimization: Super-fast convergence for radiance fields reconstruction},
  author={Sun, Cheng and Sun, Min and Chen, Hwann-Tzong},
  booktitle=cvpr,
  pages={5459--5469},
  year={2022}
}

@article{vaswani2017attention,
  title={Attention is all you need},
  author={Vaswani, Ashish and Shazeer, Noam and Parmar, Niki and Uszkoreit, Jakob and Jones, Llion and Gomez, Aidan N and Kaiser, {\L}ukasz and Polosukhin, Illia},
  journal = neurips,
  volume={30},
  year={2017}
}

@inproceedings{yu2021plenoctrees,
      title={{PlenOctrees} for Real-time Rendering of Neural Radiance Fields},
      author={Alex Yu and Ruilong Li and Matthew Tancik and Hao Li and Ren Ng and Angjoo Kanazawa},
      year={2021},
      booktitle=iccv,
}

@inproceedings{xu2022point,
  title={{Point-nerf}: Point-based neural radiance fields},
  author={Xu, Qiangeng and Xu, Zexiang and Philip, Julien and Bi, Sai and Shu, Zhixin and Sunkavalli, Kalyan and Neumann, Ulrich},
  booktitle=cvpr,
  pages={5438--5448},
  year={2022}
}

@inproceedings{nerfstudio,
	title        = {{Nerfstudio}: A Modular Framework for Neural Radiance Field Development},
	author       = {
		Tancik, Matthew and Weber, Ethan and Ng, Evonne and Li, Ruilong and Yi, Brent
		and Kerr, Justin and Wang, Terrance and Kristoffersen, Alexander and Austin,
		Jake and Salahi, Kamyar and Ahuja, Abhik and McAllister, David and Kanazawa,
		Angjoo
	},
	year         = 2023,
	booktitle    = siggraph,}

@inproceedings{martinbrualla2020nerfw,
                          author = {Martin-Brualla, Ricardo
                                    and Radwan, Noha
                                    and Sajjadi, Mehdi S. M.
                                    and Barron, Jonathan T.
                                    and Dosovitskiy, Alexey
                                    and Duckworth, Daniel},
                          title = {{NeRF in the Wild: Neural Radiance Fields for
                                   Unconstrained Photo Collections}},
                          booktitle = cvpr,
                          year={2021}
                      }

@INPROCEEDINGS{ho2018virtual,
  author={Ho, Bing-Jui and Sodhi, Paloma and Teixeira, Pedro and Hsiao, Ming and Kusnur, Tushar and Kaess, Michael},
  booktitle=iros, 
  title={Virtual Occupancy Grid Map for Submap-based Pose Graph {SLAM} and Planning in {3D} Environments}, 
  year={2018},
  volume={},
  number={},
  pages={2175-2182},
  doi={10.1109/IROS.2018.8594234}}

@article{wang2022strategies,
title = {Strategies for large scale elastic and semantic {LiDAR} reconstruction},
journal = ras,
volume = {155},
pages = {104185},
year = {2022},
issn = {0921-8890},
author = {Yiduo Wang and Milad Ramezani and Matias Mattamala and Sundara Tejaswi Digumarti and Maurice Fallon},
}

@ARTICLE{wisth2023vilens,
  author={Wisth, David and Camurri, Marco and Fallon, Maurice},
  journal=tro, 
  title={{VILENS}: Visual, Inertial, Lidar, and Leg Odometry for All-Terrain Legged Robots}, 
  year={2023},
  volume={39},
  number={1},
  pages={309-326},
  doi={10.1109/TRO.2022.3193788}}

@inproceedings{schoenberger2016colmap,
    author={Sch\"{o}nberger, Johannes Lutz and Frahm, Jan-Michael},
    title={Structure-from-Motion Revisited},
    booktitle=cvpr,
    year={2016},
}

@article{barron2022mipnerf360,
    title={{Mip-NeRF 360}: Unbounded Anti-Aliased Neural Radiance Fields},
    author={Jonathan T. Barron and Ben Mildenhall and 
            Dor Verbin and Pratul P. Srinivasan and Peter Hedman},
    journal=cvpr,
    year={2022}
}

@inproceedings{furgale2013unified,
  title={Unified temporal and spatial calibration for multi-sensor systems},
  author={Furgale, Paul and Rehder, Joern and Siegwart, Roland},
  booktitle=iros,
  pages={1280--1286},
  year={2013},
  organization={IEEE}
}

@article{von2007tutorial,
  title={A tutorial on spectral clustering},
  author={Von Luxburg, Ulrike},
  journal={{Statistics and Computing}},
  volume={17},
  pages={395--416},
  year={2007},
  publisher={Springer}
}

@inproceedings{zhang2014loam,
  title={{LOAM}: Lidar odometry and mapping in real-time.},
  author={Zhang, Ji and Singh, Sanjiv},
  booktitle=rss,
  volume={2},
  number={9},
  year={2014},
}

@INPROCEEDINGS{lin2022r3live,
  author={Lin, Jiarong and Zhang, Fu},
  booktitle=icra, 
  title={{R3LIVE}: A Robust, Real-time, {RGB-colored}, LiDAR-Inertial-Visual tightly-coupled state Estimation and mapping package}, 
  year={2022},
  volume={},
  number={},
  pages={10672-10678},
  doi={10.1109/ICRA46639.2022.9811935}
  }

@article{xu2022fast,
  title={{FAST-LIO2}: Fast direct lidar-inertial odometry},
  author={Xu, Wei and Cai, Yixi and He, Dongjiao and Lin, Jiarong and Zhang, Fu},
  journal=tro,
  volume={38},
  number={4},
  pages={2053--2073},
  year={2022},
  publisher={IEEE}
}

@inproceedings{behley2018rss, 
    author = {Jens Behley and Cyrill Stachniss},
    title  = {Efficient Surfel-Based {SLAM} using {3D} Laser Range Data in Urban Environments},
    booktitle = rss,
    year = {2018}  
}

@ARTICLE{furukawa2010dense,
  author={Furukawa, Yasutaka and Ponce, Jean},
  journal=pami, 
  title={Accurate, Dense, and Robust Multiview Stereopsis}, 
  year={2010},
  volume={32},
  number={8},
  pages={1362-1376},
  doi={10.1109/TPAMI.2009.161}
  }


@INPROCEEDINGS{bosse2003atlas,
  author={Bosse, M. and Newman, P. and Leonard, J. and Soika, M. and Feiten, W. and Teller, S.},
  booktitle=icra, 
  title={An \textit{Atlas} framework for scalable mapping}, 
  year={2003},
  volume={2},
  number={},
  pages={1899-1906 vol.2},
  doi={10.1109/ROBOT.2003.1241872}
  }

@ARTICLE{reijgwart2020voxgraph,
author={V. {Reijgwart} and A. {Millane} and H. {Oleynikova} and R. {Siegwart} and C. {Cadena} and J. {Nieto}},
journal=ral,
title={Voxgraph: Globally Consistent, Volumetric Mapping Using Signed Distance Function Submaps},
year={2020}
}

@inproceedings{zhao2021super,
  title={{Super Odometry}: {IMU-centric LiDAR-visual-inertial} estimator for challenging environments},
  author={Zhao, Shibo and Zhang, Hengrui and Wang, Peng and Nogueira, Lucas and Scherer, Sebastian},
  booktitle=iros,
  pages={8729--8736},
  year={2021},
  organization={IEEE}
}

@article{aanaes2016large_dtu,
  title={Large-Scale Data for Multiple-View Stereopsis},
  author={Aan{\ae}s, Henrik and Jensen, Rasmus Ramsb{\o}l and Vogiatzis, George and Tola, Engin and Dahl, Anders Bjorholm},
  journal={International Journal of Computer Vision},
  pages={1--16},
  year={2016},
  publisher={Springer}
}

@INPROCEEDINGS{fu2023extrinsics, 
title={Extrinsic Calibration of Camera to LIDAR using a Differentiable Checkerboard Model}, 
booktitle=iros,
author={Fu, Lanke&nbsp; Frank Tarimo and Chebrolu, Nived and Fallon, Maurice}, 
year={2023}} 

@ARTICLE{wang2004image,
  author={Zhou Wang and Bovik, A.C. and Sheikh, H.R. and Simoncelli, E.P.},
  journal={IEEE Transactions on Image Processing}, 
  title={Image quality assessment: from error visibility to structural similarity}, 
  year={2004},
  volume={13},
  number={4},
  pages={600-612},
  doi={10.1109/TIP.2003.819861}}

@inproceedings{zhong2023icra,
  title={{SHINE-Mapping}: Large-Scale {3D} Mapping Using Sparse Hierarchical Implicit NEural Representations},
  author={Zhong, Xingguang and Pan, Yue and Behley, Jens and Stachniss, Cyrill},
  booktitle = icra,
  year={2023}
}

@inproceedings{deng2023nerfloam,
      title={{NeRF-LOAM}: Neural Implicit Representation for Large-Scale Incremental LiDAR Odometry and Mapping}, 
      author={Junyuan Deng and Qi Wu and Xieyuanli Chen and Songpengcheng Xia and Zhen Sun and Guoqing Liu and Wenxian Yu and Ling Pei},
      booktitle=iccv,
      year={2023}
}


@inproceedings{tao2022pdc,
  title={{3D} Lidar Reconstruction with Probabilistic Depth Completion for Robotic Navigation},
  author={Tao, Yifu and Popovi{\'c}, Marija and Wang, Yiduo and Digumarti, Sundara Tejaswi and Chebrolu, Nived and Fallon, Maurice},
  booktitle=iros,
  pages={5339--5346},
  year={2022},
  organization={IEEE}
}

@Article{kerbl3Dgaussians,
      author       = {Kerbl, Bernhard and Kopanas, Georgios and Leimk{\"u}hler, Thomas and Drettakis, George},
      title        = {{3D Gaussian Splatting} for Real-Time Radiance Field Rendering},
      journal      = tog,
      number       = {4},
      volume       = {42},
      month        = {July},
      year         = {2023},
}

@article{wang2023digging,
    title={Digging into Depth Priors for Outdoor Neural Radiance Fields},
    author={Chen Wang and Jiadai Sun and Lina Liu and Chenming Wu 
            and Zhelun Shen and Dayan Wu and Yuchao Dai and Liangjun Zhang},
    journal={ACM International Conference on Multimedia},
    year={2023}
}

@article{agarwal2011building,
author = {Agarwal, Sameer and Furukawa, Yasutaka and Snavely, Noah and Simon, Ian and Curless, Brian and Seitz, Steven M. and Szeliski, Richard},
title = {Building {Rome} in a day},
year = {2011},
issue_date = {October 2011},
publisher = {Association for Computing Machinery},
address = {New York, NY, USA},
volume = {54},
number = {10},
issn = {0001-0782},
journal = cacm,
pages = {105–112},
numpages = {8}
}

@INPROCEEDINGS{furukawa2010towards,
  author={Furukawa, Yasutaka and Curless, Brian and Seitz, Steven M. and Szeliski, Richard},
  booktitle=cvpr, 
  title={Towards Internet-scale multi-view stereo}, 
  year={2010},
  pages={1434-1441},
  doi={10.1109/CVPR.2010.5539802}}


@inproceedings{goli2023bayesrays,
    title={{Bayes' Rays}: Uncertainty Quantification in Neural Radiance Fields},
    author={Goli, Lily and Reading, Cody and Sellán, Silvia and Jacobson, Alec and Tagliasacchi, Andrea},
    booktitle=cvpr,
    year={2024}
}

@inproceedings{lin2024vastgaussian,
  title={Vastgaussian: Vast {3D Gaussians} for large scene reconstruction},
  author={Lin, Jiaqi and Li, Zhihao and Tang, Xiao and Liu, Jianzhuang and Liu, Shiyong and Liu, Jiayue and Lu, Yangdi and Wu, Xiaofei and Xu, Songcen and Yan, Youliang and others},
  booktitle=cvpr,
  pages={5166--5175},
  year={2024}
}

@INPROCEEDINGS{zhu2018very,
  author={Zhu, Siyu and Zhang, Runze and Zhou, Lei and Shen, Tianwei and Fang, Tian and Tan, Ping and Quan, Long},
  booktitle=cvpr, 
  title={Very Large-Scale Global SfM by Distributed Motion Averaging}, 
  year={2018},
  pages={4568-4577},
  doi={10.1109/CVPR.2018.00480}
}

@ARTICLE{shi2000normalized,
  author={Jianbo Shi and Malik, J.},
  journal=pami, 
  title={Normalized cuts and image segmentation}, 
  year={2000},
  volume={22},
  number={8},
  pages={888-905},
  doi={10.1109/34.868688}
}

@INPROCEEDINGS{zhang2015joint,
  author={Zhang, Runze and Li, Shiwei and Fang, Tian and Zhu, Siyu and Quan, Long},
  booktitle=iccv, 
  title={Joint Camera Clustering and Surface Segmentation for Large-Scale Multi-view Stereo}, 
  year={2015},
  volume={},
  number={},
  pages={2084-2092},
  doi={10.1109/ICCV.2015.241}}

@InProceedings{Sabour2023robustnerf,
    author    = {Sabour, Sara and Vora, Suhani and Duckworth, Daniel 
                 and Krasin, Ivan and Fleet, David J. and Tagliasacchi, Andrea},
    title     = {{RobustNeRF}: Ignoring Distractors With Robust Losses},
    booktitle = cvpr,
    month     = {June},
    year      = {2023},
    pages     = {20626-20636}
}

@inproceedings{ren2024nerf-onthego,
  title={NeRF On-the-go: Exploiting Uncertainty for Distractor-free NeRFs in the Wild},
  author={Ren, Weining and Zhu, Zihan and Sun, Boyang and Chen, Jiaqi and Pollefeys, Marc and Peng, Songyou},
  booktitle=cvpr,
  pages={8931--8940},
  year={2024}
}

@inproceedings{pan2022activenerf,
  title={Activenerf: Learning where to see with uncertainty estimation},
  author={Pan, Xuran and Lai, Zihang and Song, Shiji and Huang, Gao},
  booktitle=eccv,
  pages={230--246},
  year={2022},
  organization={Springer}
}

@article{daxberger2021laplace,
  title={Laplace redux-effortless bayesian deep learning},
  author={Daxberger, Erik and Kristiadi, Agustinus and Immer, Alexander and Eschenhagen, Runa and Bauer, Matthias and Hennig, Philipp},
  journal=neurips,
  volume={34},
  pages={20089--20103},
  year={2021}
}

@article{schraudolph2002fast,
  title={Fast curvature matrix-vector products for second-order gradient descent},
  author={Schraudolph, Nicol N},
  journal={Neural Computation},
  volume={14},
  number={7},
  pages={1723--1738},
  year={2002},
  publisher={MIT Press}
}

@article{amari1998natural,
  title={Natural gradient works efficiently in learning},
  author={Amari, Shun-Ichi},
  journal={Neural Computation},
  volume={10},
  number={2},
  pages={251--276},
  year={1998},
  publisher={MIT Press}
}

@article{martens2020new,
  title={New insights and perspectives on the natural gradient method},
  author={Martens, James},
  journal=jmlr,
  volume={21},
  number={146},
  pages={1--76},
  year={2020}
}

@ARTICLE{hornung13octomap,
  author = {Armin Hornung and Kai M. Wurm and Maren Bennewitz and Cyrill
  Stachniss and Wolfram Burgard},
  title = {{OctoMap}: An Efficient Probabilistic {3D} Mapping Framework Based
  on Octrees},
  journal = ar,
  year = 2013,
  doi = {10.1007/s10514-012-9321-0},
}

@inproceedings{park2018elastic,
  title={{Elastic LiDAR Fusion}: Dense map-centric continuous-time {SLAM}},
  author={Park, Chanoh and Moghadam, Peyman and Kim, Soohwan and Elfes, Alberto and Fookes, Clinton and Sridharan, Sridha},
  booktitle=icra,
  pages={1206--1213},
  year={2018},
  organization={IEEE}
}

@INPROCEEDINGS{newcombe2011kinectfusion,
  author={Newcombe, Richard A. and Izadi, Shahram and Hilliges, Otmar and Molyneaux, David and Kim, David and Davison, Andrew J. and Kohi, Pushmeet and Shotton, Jamie and Hodges, Steve and Fitzgibbon, Andrew},
  booktitle={IEEE International Symposium on Mixed and Augmented Reality}, 
  title={{KinectFusion}: Real-time dense surface mapping and tracking}, 
  year={2011},
  volume={},
  number={},
  pages={127-136}
}

@article{whelan2016elasticfusion,
  title={{ElasticFusion}: Real-time dense {SLAM} and light source estimation},
  author={Whelan, Thomas and Salas-Moreno, Renato F and Glocker, Ben and Davison, Andrew J and Leutenegger, Stefan},
  journal=ijrr,
  volume={35},
  number={14},
  pages={1697--1716},
  year={2016},
  publisher={SAGE Publications Sage UK: London, England}
}

@article{campos2021orb,
  title={｛ORB-SLAM3｝: An accurate open-source library for visual, visual--inertial, and multimap {SLAM}},
  author={Campos, Carlos and Elvira, Richard and Rodr{\'\i}guez, Juan J G{\'o}mez and Montiel, Jos{\'e} MM and Tard{\'o}s, Juan D},
  journal=tro,
  volume={37},
  number={6},
  pages={1874--1890},
  year={2021},
}

@inproceedings{schoenberger2016mvs,
    author={Sch\"{o}nberger, Johannes Lutz and Zheng, Enliang and Pollefeys, Marc and Frahm, Jan-Michael},
    title={Pixelwise View Selection for Unstructured Multi-View Stereo},
    booktitle=eccv,
    year={2016},
}

@inproceedings{lakshminarayanan2017simple,
  title={Simple and scalable predictive uncertainty estimation using deep ensembles},
  author={Lakshminarayanan, Balaji and Pritzel, Alexander and Blundell, Charles},
  booktitle=neurips,
  volume={30},
  year={2017}
}

@misc{ye2023splatfacto,
      title={Mathematical Supplement for the $\texttt{gsplat}$ Library}, 
      author={Vickie Ye and Angjoo Kanazawa},
      year={2023},
      eprint={2312.02121},
      archivePrefix={arXiv},
      primaryClass={cs.MS},
}

@Unpublished{cernea2020openmvs,
    author = {Cernea, Dan},
    title = {{OpenMVS}: Multi-View Stereo Reconstruction Library},
    year = {2020},
    url = {https://cdcseacave.github.io/openMVS}
}

@inproceedings{ramezani2020slam,
  title =     {Online {LiDAR-SLAM} for Legged Robots with Robust Registration and Deep-Learned Loop Closure},
  author =    {Milad Ramezani and Georgi Tinchev and Egor Iuganov and Maurice Fallon},
  Booktitle = {IEEE Robotics and Automation Letters},
  year =      2020,
  month =     may,
  pages={4158--4164},
}

@article{thrun2006graph,
  title={The graph {SLAM} algorithm with applications to large-scale mapping of urban structures},
  author={Thrun, Sebastian and Montemerlo, Michael},
  journal=ijrr,
  volume={25},
  number={5-6},
  pages={403--429},
  year={2006},
  publisher={SAGE Publications}
}

@article{pan2024pinslam,
  title = {{PIN-SLAM: {LiDAR SLAM} Using a Point-Based Implicit Neural Representation for Achieving Global Map Consistency}},
  author = {Pan, Yue and Zhong, Xingguang and Wiesmann, Louis and Posewsky, Th{\"o}rbjorn and Behley, Jens and Stachniss, Cyrill},
  journal = tro,
  volume = {40},
  pages = {4045--4064},
  year = {2024},
}

@inproceedings{huang20242dgs,
author = {Huang, Binbin and Yu, Zehao and Chen, Anpei and Geiger, Andreas and Gao, Shenghua},
title = {{2D Gaussian Splatting} for Geometrically Accurate Radiance Fields},
year = {2024},
booktitle = siggraph,
articleno = {32},
numpages = {11},
location = {Denver, CO, USA},
}

@inproceedings{Dosovitskiy17carla,
  title = { {CARLA}: {An} Open Urban Driving Simulator},
  author = {Alexey Dosovitskiy and German Ros and Felipe Codevilla and Antonio Lopez and Vladlen Koltun},
  booktitle = corl,
  pages = {1--16},
  year = {2017}
}

@inproceedings{ilg2018uncertainty,
  title={Uncertainty estimates and multi-hypotheses networks for optical flow},
  author={Ilg, Eddy and Cicek, Ozgun and Galesso, Silvio and Klein, Aaron and Makansi, Osama and Hutter, Frank and Brox, Thomas},
  booktitle=eccv,
  pages={652--667},
  year={2018}
}

@article{tao2024spires,
  title={The {Oxford Spires} Dataset: Benchmarking Large-Scale {LiDAR}-Visual Localisation, Reconstruction and Radiance Field Methods},
  author={Tao, Yifu and Mu{\~n}oz-Ba{\~n}{\'o}n, Miguel {\'A}ngel and Zhang, Lintong and Wang, Jiahao and Fu, Lanke Frank Tarimo and Fallon, Maurice},
  journal={arXiv preprint arXiv:2411.10546},
  year={2024}
}

@article{kendall2017uncertainties,
  title={What uncertainties do we need in bayesian deep learning for computer vision?},
  author={Kendall, Alex and Gal, Yarin},
  journal=neurips,
  volume={30},
  year={2017}
}

@inproceedings{kazhdan2006poisson,
  title={Poisson surface reconstruction},
  author={Kazhdan, Michael and Bolitho, Matthew and Hoppe, Hugues},
  booktitle={Eurographics Symposium on Geometry Processing},
  volume={7},
  number={4},
  year={2006}
}

@INPROCEEDINGS{reijgwart2023wavemap,
    author = {Reijgwart, Victor and Cadena, Cesar and Siegwart, Roland and Ott, Lionel},
    journal = rss,
    title = {Efficient volumetric mapping of multi-scale environments using wavelet-based compression},
    year = {2023},
}

@inproceedings{oleynikova2017voxblox,
  title={Voxblox: Incremental {3D} Euclidean Signed Distance Fields for on-board {MAV} planning},
  author={Oleynikova, Helen and Taylor, Zachary and Fehr, Marius and Siegwart, Roland and Nieto, Juan},
  booktitle=iros,
  pages={1366--1373},
  year={2017},
  organization={IEEE}
}

@Article{Vespa2018supereight,
  author  = {Vespa, Emanuele and Nikolov, Nikolay and Grimm, Marius and Nardi, Luigi and Kelly, Paul H. J. and Leutenegger, Stefan},
  title   = {Efficient Octree-Based Volumetric {SLAM} Supporting Signed-Distance and Occupancy Mapping},
  journal = ral,
  year    = {2018},
  volume  = {3},
  number  = {2},
  pages   = {1144--1151},
  month   = apr,
  issn    = {2377-3766},
}

@INPROCEEDINGS{Zhang19fisherinfofield, 
  author    = {Zichao Zhang and Davide Scaramuzza}, 
  booktitle = icra,
  title     = {Beyond Point Clouds: Fisher Information Field for Active Visual Localization}, 
  year      = {2019}, 
  month     = {May}
}

@inproceedings{schonberger2017vote,
  title={A vote-and-verify strategy for fast spatial verification in image retrieval},
  author={Sch{\"o}nberger, Johannes L and Price, True and Sattler, Torsten and Frahm, Jan-Michael and Pollefeys, Marc},
  booktitle=accv,
  pages={321--337},
  year={2017}
}

@ARTICLE{border2024osprey,
  author={Border, Rowan and Chebrolu, Nived and Tao, Yifu and Gammell, Jonathan D. and Fallon, Maurice},
  journal={{IEEE} Transactions on Field Robotics}, 
  title={Osprey: Multisession Autonomous Aerial Mapping With {LiDAR-Based SLAM} and Next Best View Planning}, 
  year={2024},
  volume={1},
  number={},
  pages={113-130},
}

@article{bruhn2006confidence,
  title={A confidence measure for variational optic flow methods},
  author={Bruhn, Andr{\'e}s and Weickert, Joachim},
  journal={Computational Imaging and Vision},
  volume={31},
  pages={283},
  year={2006},
  publisher={Springer}
}

@InProceedings{Eldesokey2020pncnn,
author = {Eldesokey, Abdelrahman and Felsberg, Michael and Holmquist, Karl and Persson, Michael},
title = {Uncertainty-Aware {CNNs} for Depth Completion: Uncertainty from Beginning to End},
booktitle = cvpr,
month = {June},
year = {2020}
}