@article{ban2021personalized,
  title={Personalized dynamic pricing with machine learning: High-dimensional features and heterogeneous elasticity},
  author={Ban, Gah-Yi and Keskin, N Bora},
  journal={Management Science},
  volume={67},
  number={9},
  pages={5549--5568},
  year={2021},
  publisher={INFORMS}
}

@article{den2015dynamic,
  title={Dynamic pricing and learning: historical origins, current research, and new directions},
  author={Den Boer, Arnoud V},
  journal={Surveys in operations research and management science},
  volume={20},
  number={1},
  pages={1--18},
  year={2015},
  publisher={Elsevier}
}

@article{fan2021policy,
  title={Policy Optimization Using Semiparametric Models for Dynamic Pricing},
  author={Fan, Jianqing and Guo, Yongyi and Yu, Mengxin},
  journal={arXiv preprint arXiv:2109.06368},
  year={2021}
}

@article{golrezaei2019dynamic,
  title={Dynamic incentive-aware learning: Robust pricing in contextual auctions},
  author={Golrezaei, Negin and Javanmard, Adel and Mirrokni, Vahab},
  journal={Advances in Neural Information Processing Systems},
  volume={32},
  year={2019}
}

@article{javanmard2019dynamic,
  title={Dynamic pricing in high-dimensions},
  author={Javanmard, Adel and Nazerzadeh, Hamid},
  journal={Journal of Machine Learning Research},
  volume={20},
  number={9},
  pages={1--49},
  year={2019}
}

@article{kumar2018research,
  title={Research in operations management and information systems interface},
  author={Kumar, Subodha and Mookerjee, Vijay and Shubham, Abhinav},
  journal={Production and Operations Management},
  volume={27},
  number={11},
  pages={1893--1905},
  year={2018},
  publisher={Wiley Online Library}
}

@article{luo2022contextual,
  title={Contextual Dynamic Pricing with Unknown Noise: Explore-then-UCB Strategy and Improved Regrets},
  author={Luo, Yiyun and Sun, Will Wei and Liu, Yufeng},
  journal={Advances in Neural Information Processing Systems},
  volume={35},
  pages={37445--37457},
  year={2022}
}

@article{miao2019context,
  title={Context-based dynamic pricing with online clustering},
  author={Miao, Sentao and Chen, Xi and Chao, Xiuli and Liu, Jiaxi and Zhang, Yidong},
  journal={arXiv preprint arXiv:1902.06199},
  year={2019}
}

@article{robertson1988order,
  title={Order restricted statistical inference},
  author={Robertson, Tim and Dykstra, Richard and Wright, FT},
  journal={(No Title)},
  year={1988}
}

@article{tullii2024improved,
  title={Improved Algorithms for Contextual Dynamic Pricing},
  author={Tullii, Matilde and Gaucher, Solenne and Merlis, Nadav and Perchet, Vianney},
  journal={arXiv preprint arXiv:2406.11316},
  year={2024}
}

@inproceedings{xu2022towards,
  title={Towards agnostic feature-based dynamic pricing: Linear policies vs linear valuation with unknown noise},
  author={Xu, Jianyu and Wang, Yu-Xiang},
  booktitle={International Conference on Artificial Intelligence and Statistics},
  pages={9643--9662},
  year={2022},
  organization={PMLR}
}

