@article{vershynin2010introduction,
  title={Introduction to the non-asymptotic analysis of random matrices},
  author={Vershynin, Roman},
  journal={arXiv preprint arXiv:1011.3027},
  year={2010}
}

@article{bobkov2011concentration,
  title={Concentration of the information in data with log-concave distributions},
  author={Bobkov, Sergey and Madiman, Mokshay},
  journal={The Annals of Probability},
  volume={39},
  number={4},
  pages={1528--1543},
  year={2011},
  publisher={Institute of Mathematical Statistics}
}

@article{dumbgen2009maximum,
  title={Maximum likelihood estimation of a log-concave density and its distribution function: Basic properties and uniform consistency},
  author={D{\"u}mbgen, Lutz and Rufibach, Kaspar},
  journal={Bernoulli},
  volume={15},
  number={1},
  pages={40--68},
  year={2009},
  publisher={Bernoulli Society for Mathematical Statistics and Probability}
}

@article{dumbgen2004consistency,
  title={Consistency of concave regression with an application to current-status data},
  author={D{\"u}mbgen, Lutz and Freitag, Sandra and Jongbloed, Geurt},
  journal={Mathematical methods of statistics},
  volume={13},
  pages={69--81},
  year={2004},
  publisher={Allerton Press}
}

@article{cule2010theoretical,
  title={Theoretical properties of the log-concave maximum likelihood estimator of a multidimensional density},
  author={Cule, Madeleine and Samworth, Richard},
  journal={Electronic Journal of Statistics},
  volume={4},
  pages={254--270},
  year={2010},
  publisher={Institute of Mathematical Statistics and Bernoulli Society}
}

@techreport{barlow1975statistical,
  title={Statistical theory of reliability and life testing: probability models},
  author={Barlow, Richard E and Proschan, Frank},
  year={1975},
  institution={Florida State Univ Tallahassee}
}

@article{javanmard2019dynamic,
  title={Dynamic pricing in high-dimensions},
  author={Javanmard, Adel and Nazerzadeh, Hamid},
  journal={Journal of Machine Learning Research},
  volume={20},
  number={9},
  pages={1--49},
  year={2019}
}

@article{doss2020bracketing,
  title={Bracketing numbers of convex and m-monotone functions on polytopes},
  author={Doss, Charles R},
  journal={Journal of Approximation Theory},
  volume={256},
  pages={105425},
  year={2020},
  publisher={Elsevier}
}

@book{van2000applications,
  title={Applications of empirical process theory},
  author={Van de Geer, Sara A},
  volume={91},
  year={2000},
  publisher={Cambridge University Press Cambridge}
}

@article{kuchibhotla2021semiparametric,
  title={Semiparametric Efficiency in Convexity Constrained Single-Index Model},
  author={Kuchibhotla, Arun K and Patra, Rohit K and Sen, Bodhisattva},
  journal={Journal of the American Statistical Association},
  pages={1--15},
  year={2021},
  publisher={Taylor \& Francis}
}

@article{javanmard2017perishability,
  title={Perishability of data: dynamic pricing under varying-coefficient models},
  author={Javanmard, Adel},
  journal={The Journal of Machine Learning Research},
  volume={18},
  number={1},
  pages={1714--1744},
  year={2017},
  publisher={JMLR. org}
}

@book{wainwright2019high,
  title={High-dimensional statistics: A non-asymptotic viewpoint},
  author={Wainwright, Martin J},
  volume={48},
  year={2019},
  publisher={Cambridge University Press}
}

@article{groeneboom2018current,
  title={Current status linear regression},
  author={Groeneboom, Piet and Hendrickx, Kim},
  journal={The Annals of Statistics},
  volume={46},
  number={4},
  pages={1415--1444},
  year={2018},
  publisher={JSTOR}
}

@article{borzadaran2011log,
  title={Log-concavity property for some well-known distributions},
  author={Borzadaran, GR Mohtashami and Borzadaran, HA Mohtashami},
  journal={Surveys in Mathematics and its Applications},
  volume={6},
  pages={203--219},
  year={2011}
}

@article{pal2007estimating,
  title={Estimating a Polya Frequency Function},
  author={Pal, Jayanta Kumar and Woodroofe, Michael and Meyer, Mary},
  journal={Lecture Notes-Monograph Series},
  pages={239--249},
  year={2007},
  publisher={JSTOR}
}

@article{ghosal2017univariate,
  title={On univariate convex regression},
  author={Ghosal, Promit and Sen, Bodhisattva},
  journal={Sankhya A},
  volume={79},
  number={2},
  pages={215--253},
  year={2017},
  publisher={Springer}
}

@article{groeneboom1996lectures,
  title={Lectures on inverse problems},
  author={Groeneboom, Piet},
  journal={Lectures on probability theory and statistics},
  pages={67--164},
  year={1996},
  publisher={Springer}
}

@article{costantini1984monotone,
  title={Monotone and convex cubic spline interpolation},
  author={Costantini, Paolo and Morandi, Rossana},
  journal={Calcolo},
  volume={21},
  number={3},
  pages={281--294},
  year={1984},
  publisher={Springer}
}

@article{utreras1982convergence,
  title={Convergence rates for monotone cubic spline interpolation},
  author={Utreras, Florencio I},
  journal={Journal of Approximation Theory},
  volume={36},
  number={1},
  pages={86--90},
  year={1982},
  publisher={Elsevier}
}

@article{fan2021policy,
  title={Policy Optimization Using Semiparametric Models for Dynamic Pricing},
  author={Fan, Jianqing and Guo, Yongyi and Yu, Mengxin},
  journal={arXiv preprint arXiv:2109.06368},
  year={2021}
}

@article{den2015dynamic,
  title={Dynamic pricing and learning: historical origins, current research, and new directions},
  author={Den Boer, Arnoud V},
  journal={Surveys in operations research and management science},
  volume={20},
  number={1},
  pages={1--18},
  year={2015},
  publisher={Elsevier}
}

@article{wei2018recent,
  title={Recent research developments of strategic consumer behavior in operations management},
  author={Wei, Mike Mingcheng and Zhang, Fuqiang},
  journal={Computers \& Operations Research},
  volume={93},
  pages={166--176},
  year={2018},
  publisher={Elsevier}
}

@article{mivsic2020data,
  title={Data analytics in operations management: A review},
  author={Mi{\v{s}}i{\'c}, Velibor V and Perakis, Georgia},
  journal={Manufacturing \& Service Operations Management},
  volume={22},
  number={1},
  pages={158--169},
  year={2020},
  publisher={INFORMS}
}

@article{chen2022learning,
  title={Learning and Pricing with Inventory Constraints},
  author={Chen, Qi George and Wang, He and Wang, Zizhuo},
  journal={The Elements of Joint Learning and Optimization in Operations Management},
  pages={103--135},
  year={2022},
  publisher={Springer}
}

@article{ban2021personalized,
  title={Personalized dynamic pricing with machine learning: High-dimensional features and heterogeneous elasticity},
  author={Ban, Gah-Yi and Keskin, N Bora},
  journal={Management Science},
  volume={67},
  number={9},
  pages={5549--5568},
  year={2021},
  publisher={INFORMS}
}

@article{wang2020online,
  title={Online regularization for high-dimensional dynamic pricing algorithms},
  author={Wang, Chi-Hua and Wang, Zhanyu and Sun, Will Wei and Cheng, Guang},
  journal={arXiv preprint arXiv:2007.02470},
  year={2020}
}

@article{chen2022privacy,
  title={Privacy-preserving dynamic personalized pricing with demand learning},
  author={Chen, Xi and Simchi-Levi, David and Wang, Yining},
  journal={Management Science},
  volume={68},
  number={7},
  pages={4878--4898},
  year={2022},
  publisher={INFORMS}
}

@inproceedings{tang2020differentially,
  title={Differentially Private Contextual Dynamic Pricing.},
  author={Tang, Wei and Ho, Chien-Ju and Liu, Yang},
  booktitle={AAMAS},
  pages={1368--1376},
  year={2020}
}

@article{golrezaei2019dynamic,
  title={Dynamic incentive-aware learning: Robust pricing in contextual auctions},
  author={Golrezaei, Negin and Javanmard, Adel and Mirrokni, Vahab},
  journal={Advances in Neural Information Processing Systems},
  volume={32},
  year={2019}
}

@article{qiang2016dynamic,
  title={Dynamic pricing with demand covariates},
  author={Qiang, Sheng and Bayati, Mohsen},
  journal={arXiv preprint arXiv:1604.07463},
  year={2016}
}

@article{miao2019context,
  title={Context-based dynamic pricing with online clustering},
  author={Miao, Sentao and Chen, Xi and Chao, Xiuli and Liu, Jiaxi and Zhang, Yidong},
  journal={arXiv preprint arXiv:1902.06199},
  year={2019}
}

@inproceedings{javanmard2020multi,
  title={Multi-product dynamic pricing in high-dimensions with heterogeneous price sensitivity},
  author={Javanmard, Adel and Nazerzadeh, Hamid and Shao, Simeng},
  booktitle={2020 IEEE International Symposium on Information Theory (ISIT)},
  pages={2652--2657},
  year={2020},
  organization={IEEE}
}

@article{golrezaei2019incentive,
  title={Incentive-aware contextual pricing with non-parametric market noise},
  author={Golrezaei, Negin and Jaillet, Patrick and Liang, Jason Cheuk Nam},
  journal={arXiv preprint arXiv:1911.03508},
  year={2019}
}

@article{shah2019semi,
  title={Semi-parametric dynamic contextual pricing},
  author={Shah, Virag and Johari, Ramesh and Blanchet, Jose},
  journal={Advances in Neural Information Processing Systems},
  volume={32},
  year={2019}
}

@article{kumar2018research,
  title={Research in operations management and information systems interface},
  author={Kumar, Subodha and Mookerjee, Vijay and Shubham, Abhinav},
  journal={Production and Operations Management},
  volume={27},
  number={11},
  pages={1893--1905},
  year={2018},
  publisher={Wiley Online Library}
}

@book{horowitz2012semiparametric,
  title={Semiparametric methods in econometrics},
  author={Horowitz, Joel L},
  volume={131},
  year={2012},
  publisher={Springer Science \& Business Media}
}

@article{tsybakov2008introduction,
  title={Introduction to Nonparametric Estimation, Springer Publishing Company, Incorporated},
  author={Tsybakov, AB},
  year={2008}
}

@article{hardle2004single,
  title={Single Index Models},
  author={H{\"a}rdle, Wolfgang and Werwatz, Axel and M{\"u}ller, Marlene and Sperlich, Stefan and H{\"a}rdle, Wolfgang and Werwatz, Axel and M{\"u}ller, Marlene and Sperlich, Stefan},
  journal={Nonparametric and semiparametric models},
  pages={167--188},
  year={2004},
  publisher={Springer}
}

@article{finkelstein1986proportional,
  title={A proportional hazards model for interval-censored failure time data},
  author={Finkelstein, Dianne M},
  journal={Biometrics},
  pages={845--854},
  year={1986},
  publisher={JSTOR}
}

@article{seaman2001proportional,
  title={Proportional hazards model for interval-censored failure times and time-dependent covariates: application to hazard of HIV infection of injecting drug users in prison},
  author={Seaman, SR and Bird, SM},
  journal={Statistics in medicine},
  volume={20},
  number={12},
  pages={1855--1870},
  year={2001},
  publisher={Wiley Online Library}
}

@article{finkelstein1985semiparametric,
  title={A semiparametric model for regression analysis of interval-censored failure time data},
  author={Finkelstein, Dianne M and Wolfe, Robert A},
  journal={Biometrics},
  pages={933--945},
  year={1985},
  publisher={JSTOR}
}

@article{shiboski1992statistical,
  title={Statistical analysis of the time dependence of HIV infectivity based on partner study data},
  author={Shiboski, Stephen C and Jewell, Nicholas P},
  journal={Journal of the American Statistical Association},
  volume={87},
  number={418},
  pages={360--372},
  year={1992},
  publisher={Taylor \& Francis}
}

@article{huang1996efficient,
  title={Efficient estimation for the proportional hazards model with interval censoring},
  author={Huang, Jian},
  journal={The Annals of Statistics},
  volume={24},
  number={2},
  pages={540--568},
  year={1996},
  publisher={Institute of Mathematical Statistics}
}

@article{rabinowitz1995regression,
  title={Regression with interval-censored data},
  author={Rabinowitz, Daniel and Tsiatis, Anastasios and Aragon, Jorge},
  journal={Biometrika},
  volume={82},
  number={3},
  pages={501--513},
  year={1995},
  publisher={Oxford University Press}
}

@article{rossini1996semiparametric,
  title={A semiparametric proportional odds regression model for the analysis of current status data},
  author={Rossini, AJ and Tsiatis, AA},
  journal={Journal of the American Statistical Association},
  volume={91},
  number={434},
  pages={713--721},
  year={1996},
  publisher={Taylor \& Francis}
}

@article{cosslett1983distribution,
  title={Distribution-free maximum likelihood estimator of the binary choice model},
  author={Cosslett, Stephen R},
  journal={Econometrica: Journal of the Econometric Society},
  pages={765--782},
  year={1983},
  publisher={JSTOR}
}

@article{cosslett2007efficient,
  title={Efficient estimation of semiparametric models by smoothed maximum likelihood},
  author={Cosslett, Stephen R},
  journal={International Economic Review},
  volume={48},
  number={4},
  pages={1245--1272},
  year={2007},
  publisher={Wiley Online Library}
}

@article{klein1993efficient,
  title={An efficient semiparametric estimator for binary response models},
  author={Klein, Roger W and Spady, Richard H},
  journal={Econometrica: Journal of the Econometric Society},
  pages={387--421},
  year={1993},
  publisher={JSTOR}
}

@article{dominitz2005some,
  title={Some convergence theory for iterative estimation procedures with an application to semiparametric estimation},
  author={Dominitz, Jeff and Sherman, Robert P},
  journal={Econometric Theory},
  volume={21},
  number={4},
  pages={838--863},
  year={2005},
  publisher={Cambridge University Press}
}

@misc{nedicoptimization,
  author = {Nedic Angelia},
  title = {{Optimization I}},
  howpublished = "\url{http://www.ifp.illinois.edu/~angelia/optimization_one.pdf}",
  year = {2008}, 
  note = "[Online; accessed 4-August-2008]"
}

@inproceedings{choi2023semi,
  title={Semi-Parametric Contextual Pricing Algorithm using Cox Proportional Hazards Model},
  author={Choi, Young-Geun and Kim, Gi-Soo and Yunseo, Choi and Cho, Wooseong and Paik, Myunghee Cho and Oh, Min-hwan},
  booktitle={International Conference on Machine Learning},
  pages={5771--5786},
  year={2023},
  organization={PMLR}
}


@article{luo2022contextual,
  title={Contextual Dynamic Pricing with Unknown Noise: Explore-then-UCB Strategy and Improved Regrets},
  author={Luo, Yiyun and Sun, Will Wei and Liu, Yufeng},
  journal={Advances in Neural Information Processing Systems},
  volume={35},
  pages={37445--37457},
  year={2022}
}

@article{murphy1999current,
  title={Current status regression},
  author={Murphy, Susan A and Van der Vaart, AW and Wellner, JA},
  year={1999},
  publisher={Allerton Press, Inc.}
}

@article{groeneboom1995nonparametric,
  title={Nonparametric estimators for interval censoring problems},
  author={Groeneboom, Piet},
  journal={Lecture Notes-Monograph Series},
  pages={105--128},
  year={1995},
  publisher={JSTOR}
}

@article{li1998linear,
  title={Linear regression with interval censored data},
  author={Li, Gang and Zhang, Cun-Hui},
  journal={The Annals of Statistics},
  volume={26},
  number={4},
  pages={1306--1327},
  year={1998},
  publisher={Institute of Mathematical Statistics}
}

@article{keskin2018incomplete,
  title={On incomplete learning and certainty-equivalence control},
  author={Keskin, N Bora and Zeevi, Assaf},
  journal={Operations Research},
  volume={66},
  number={4},
  pages={1136--1167},
  year={2018},
  publisher={INFORMS}
}

@inproceedings{bagnoli2006log,
  title={Log-concave probability and its applications},
  author={Bagnoli, Mark and Bergstrom, Ted},
  booktitle={Rationality and Equilibrium: A Symposium in Honor of Marcel K. Richter},
  pages={217--241},
  year={2006},
  organization={Springer}
}

@article{gupta2003representing,
  title={Representing the mean residual life in terms of the failure rate},
  author={Gupta, Ramesh C and Bradley, David M},
  journal={Mathematical and Computer Modelling},
  volume={37},
  number={12-13},
  pages={1271--1280},
  year={2003},
  publisher={Elsevier}
}

@article{han2016approximation,
  title={Approximation and estimation of s-concave densities via R{\'e}nyi divergences},
  author={Han, Qiyang and Wellner, Jon A},
  journal={Annals of statistics},
  volume={44},
  number={3},
  pages={1332},
  year={2016},
  publisher={NIH Public Access}
}

@article{chen2018robust,
  title={Robust dynamic pricing with strategic customers},
  author={Chen, Yiwei and Farias, Vivek F},
  journal={Mathematics of Operations Research},
  volume={43},
  number={4},
  pages={1119--1142},
  year={2018},
  publisher={INFORMS}
}

@book{eubank1999nonparametric,
  title={Nonparametric regression and spline smoothing},
  author={Eubank, Randall L},
  year={1999},
  publisher={CRC press}
}

@misc{fan1996local,
  title={Local Polynomial Modelling and Its Applications. Monographs on Statistics and Applied Probability Series},
  author={Fan, J and Gijbels, I},
  year={1996},
  publisher={Chapman and Hall/CRC London}
}

@book{wahba1990spline,
  title={Spline models for observational data},
  author={Wahba, Grace},
  year={1990},
  publisher={SIAM}
}

@book{wand1994kernel,
  title={Kernel smoothing},
  author={Wand, Matt P and Jones, M Chris},
  year={1994},
  publisher={CRC press}
}

@book{chacon2018multivariate,
  title={Multivariate kernel smoothing and its applications},
  author={Chac{\'o}n, Jos{\'e} E and Duong, Tarn},
  year={2018},
  publisher={Chapman and Hall/CRC}
}

@article{robertson1988order,
  title={Order restricted statistical inference},
  author={Robertson, Tim and Dykstra, Richard and Wright, FT},
  journal={(No Title)},
  year={1988}
}

@book{groeneboom2014nonparametric,
  title={Nonparametric estimation under shape constraints},
  author={Groeneboom, Piet and Jongbloed, Geurt},
  number={38},
  year={2014},
  publisher={Cambridge University Press}
}

@article{doss2016global,
  title={Global rates of convergence of the MLEs of log-concave and s-concave densities},
  author={Doss, Charles R and Wellner, Jon A},
  journal={Annals of statistics},
  volume={44},
  number={3},
  pages={954},
  year={2016},
  publisher={NIH Public Access}
}

@article{mukherjee2024least,
  title={Least squares estimation of a quasiconvex regression function},
  author={Mukherjee, Somabha and Patra, Rohit K and Johnson, Andrew L and Morita, Hiroshi},
  journal={Journal of the Royal Statistical Society Series B: Statistical Methodology},
  volume={86},
  number={2},
  pages={512--534},
  year={2024},
  publisher={Oxford University Press US}
}

@article{rele2024existence,
  title={On existence of solutions to non-convex minimization problems},
  author={Rele, Rohan and Nedich, Angelia},
  journal={arXiv preprint arXiv:2405.04688},
  year={2024}
}

@inproceedings{chawla2007algorithmic,
  title={Algorithmic pricing via virtual valuations},
  author={Chawla, Shuchi and Hartline, Jason D and Kleinberg, Robert},
  booktitle={Proceedings of the 8th ACM Conference on Electronic Commerce},
  pages={243--251},
  year={2007}
}

@article{myerson1981optimal,
  title={Optimal auction design},
  author={Myerson, Roger B},
  journal={Mathematics of operations research},
  volume={6},
  number={1},
  pages={58--73},
  year={1981},
  publisher={INFORMS}
}

@inproceedings{cole2014sample,
  title={The sample complexity of revenue maximization},
  author={Cole, Richard and Roughgarden, Tim},
  booktitle={Proceedings of the forty-sixth annual ACM symposium on Theory of computing},
  pages={243--252},
  year={2014}
}

@article{koenker2010quasi,
  title={Quasi-concave density estimation},
  author={Koenker, Roger and Mizera, Ivan},
  year={2010}
}

@article{mukherjee2021optimal,
  title={Optimal linear discriminators for the discrete choice model in growing dimensions},
  author={Mukherjee, Debarghya and Banerjee, Moulinath and Ritov, Ya’acov},
  journal={The Annals of Statistics},
  volume={49},
  number={6},
  pages={3324--3357},
  year={2021},
  publisher={Institute of Mathematical Statistics}
}

@article{manski1985semiparametric,
  title={Semiparametric analysis of discrete response: Asymptotic properties of the maximum score estimator},
  author={Manski, Charles F},
  journal={Journal of econometrics},
  volume={27},
  number={3},
  pages={313--333},
  year={1985},
  publisher={Elsevier}
}

@article{manski1975maximum,
  title={Maximum score estimation of the stochastic utility model of choice},
  author={Manski, Charles F},
  journal={Journal of econometrics},
  volume={3},
  number={3},
  pages={205--228},
  year={1975},
  publisher={Elsevier}
}

@article{flinn1983unemployment,
  title={Are unemployment and out of the labor force behaviorally distinct labor force states?},
  author={Flinn, Christopher J and Heckman, James J},
  journal={Journal of labor economics},
  volume={1},
  number={1},
  pages={28--42},
  year={1983},
  publisher={University of Chicago Press}
}

@inproceedings{xu2022towards,
  title={Towards agnostic feature-based dynamic pricing: Linear policies vs linear valuation with unknown noise},
  author={Xu, Jianyu and Wang, Yu-Xiang},
  booktitle={International Conference on Artificial Intelligence and Statistics},
  pages={9643--9662},
  year={2022},
  organization={PMLR}
}

@inproceedings{kleinberg2003value,
  title={The value of knowing a demand curve: Bounds on regret for online posted-price auctions},
  author={Kleinberg, Robert and Leighton, Tom},
  booktitle={44th Annual IEEE Symposium on Foundations of Computer Science, 2003. Proceedings.},
  pages={594--605},
  year={2003},
  organization={IEEE}
}

@article{besbes2009dynamic,
  title={Dynamic pricing without knowing the demand function: Risk bounds and near-optimal algorithms},
  author={Besbes, Omar and Zeevi, Assaf},
  journal={Operations research},
  volume={57},
  number={6},
  pages={1407--1420},
  year={2009},
  publisher={INFORMS}
}

@article{keskin2014dynamic,
  title={Dynamic pricing with an unknown demand model: Asymptotically optimal semi-myopic policies},
  author={Keskin, N Bora and Zeevi, Assaf},
  journal={Operations research},
  volume={62},
  number={5},
  pages={1142--1167},
  year={2014},
  publisher={INFORMS}
}

@article{cheung2017dynamic,
  title={Dynamic pricing and demand learning with limited price experimentation},
  author={Cheung, Wang Chi and Simchi-Levi, David and Wang, He},
  journal={Operations Research},
  volume={65},
  number={6},
  pages={1722--1731},
  year={2017},
  publisher={INFORMS}
}

@inproceedings{cesa2019dynamic,
  title={Dynamic pricing with finitely many unknown valuations},
  author={Cesa-Bianchi, Nicolo and Cesari, Tommaso and Perchet, Vianney},
  booktitle={Algorithmic Learning Theory},
  pages={247--273},
  year={2019},
  organization={PMLR}
}

@article{den2020discontinuous,
  title={Discontinuous demand functions: Estimation and pricing},
  author={den Boer, Arnoud V and Keskin, N Bora},
  journal={Management Science},
  volume={66},
  number={10},
  pages={4516--4534},
  year={2020},
  publisher={INFORMS}
}

@article{balabdaoui2019least,
  title={Least squares estimation in the monotone single index model},
  author={Balabdaoui, Fadoua and Durot, C{\'e}cile and Jankowski, Hanna},
  journal={Bernoulli},
  volume={25},
  number={4B},
  pages={3276--3310},
  year={2019},
  publisher={Bernoulli Society for Mathematical Statistics and Probability}
}

@book{groeneboom2012information,
  title={Information bounds and nonparametric maximum likelihood estimation},
  author={Groeneboom, Piet and Wellner, Jon A},
  volume={19},
  year={2012},
  publisher={Birkh{\"a}user}
}

@article{mosching2020monotone,
  title={Monotone least squares and isotonic quantiles},
  author={M{\"o}sching, Alexandre and D{\"u}mbgen, Lutz},
  year={2020}
}

@article{luo2024distribution,
  title={Distribution-free contextual dynamic pricing},
  author={Luo, Yiyun and Sun, Will Wei and Liu, Yufeng},
  journal={Mathematics of Operations Research},
  volume={49},
  number={1},
  pages={599--618},
  year={2024},
  publisher={INFORMS}
}

@article{grotzinger1984projections,
  title={Projections onto order simplexes},
  author={Grotzinger, Stephen J and Witzgall, Christoph},
  journal={Applied mathematics and Optimization},
  volume={12},
  number={1},
  pages={247--270},
  year={1984},
  publisher={Springer}
}

@article{tibshirani2011nearly,
  title={Nearly-isotonic regression},
  author={Tibshirani, Ryan J and Hoefling, Holger and Tibshirani, Robert},
  journal={Technometrics},
  volume={53},
  number={1},
  pages={54--61},
  year={2011},
  publisher={Taylor \& Francis}
}

@article{brascamp1976extensions,
  title={On extensions of the Brunn-Minkowski and Pr{\'e}kopa-Leindler theorems, including inequalities for log concave functions, and with an application to the diffusion equation},
  author={Brascamp, Herm Jan and Lieb, Elliott H},
  journal={Journal of functional analysis},
  volume={22},
  number={4},
  pages={366--389},
  year={1976},
  publisher={Elsevier}
}

@book{niculescu2006convex,
  title={Convex functions and their applications},
  author={Niculescu, Constantin and Persson, Lars-Erik},
  volume={23},
  year={2006},
  publisher={Springer}
}

@inproceedings{chandrasekaran2009sampling,
  title={Sampling s-concave functions: The limit of convexity based isoperimetry},
  author={Chandrasekaran, Karthekeyan and Deshpande, Amit and Vempala, Santosh},
  booktitle={International Workshop on Approximation Algorithms for Combinatorial Optimization},
  pages={420--433},
  year={2009},
  organization={Springer}
}

@article{tullii2024improved,
  title={Improved Algorithms for Contextual Dynamic Pricing},
  author={Tullii, Matilde and Gaucher, Solenne and Merlis, Nadav and Perchet, Vianney},
  journal={arXiv preprint arXiv:2406.11316},
  year={2024}
}

@article{muller1984optimal,
  title={Optimal designs for nonparametric kernel regression},
  author={M{\"u}ller, Hans-Georg},
  journal={Statistics \& Probability Letters},
  volume={2},
  number={5},
  pages={285--290},
  year={1984},
  publisher={Elsevier}
}

@article{zhao2012sequential,
  title={Sequential design for nonparametric inference},
  author={Zhao, Zhibiao and Yao, Weixin},
  journal={Canadian Journal of Statistics},
  volume={40},
  number={2},
  pages={362--377},
  year={2012},
  publisher={Wiley Online Library}
}

@article{bracale2024learning,
  title={Learning the Distribution Map in Reverse Causal Performative Prediction},
  author={Bracale, Daniele and Maity, Subha and Banerjee, Moulinath and Sun, Yuekai},
  journal={arXiv preprint arXiv:2405.15172},
  year={2024}
}

@article{javanmard2024multi,
  title={Multi-Task Dynamic Pricing in Credit Market with Contextual Information},
  author={Javanmard, Adel and Ji, Jingwei and Xu, Renyuan},
  journal={arXiv preprint arXiv:2410.14839},
  year={2024}
}