@inproceedings{Hoskins2018Inferring,
  title={Inferring Networks from Random Walk-Based Node Similarities},
  author={Hoskins, Jeremy and Musco, Cameron and Musco, Christopher and Tsourakakis, Babis},
  booktitle={Advances in Neural Information Processing Systems},
  volume={31},
  year={2018},
  url={https://papers.nips.cc/paper/2018/hash/2f25f6e3.pdf}
}

@misc{Spielman2012TreesRecNotes,
  author       = {Daniel A. Spielman},
  title        = {Trees and Distances},
  year         = {2012},
  note         = {University Lecture},
}

@incollection{Uhlmann2012,
  author    = {Gunther Uhlmann},
  title     = {30 Years of Calderón’s Problem},
  booktitle = {Séminaire Laurent Schwartz — EDP et applications},
  year      = {2012},
  number    = {13},
  pages     = {25},
  doi       = {10.5802/slsedp.40},
  url       = {http://www.numdam.org/articles/10.5802/slsedp.40/}
}

@inproceedings{alt/ReyzinS07,
  author       = {Lev Reyzin and
                  Nikhil Srivastava},
  editor       = {Marcus Hutter and
                  Rocco A. Servedio and
                  Eiji Takimoto},
  title        = {Learning and Verifying Graphs Using Queries with a Focus on Edge Counting},
  booktitle    = {Algorithmic Learning Theory, 18th International Conference, {ALT}
                  2007, Sendai, Japan, October 1-4, 2007, Proceedings},
  series       = {Lecture Notes in Computer Science},
  volume       = {4754},
  pages        = {285--297},
  publisher    = {Springer},
  year         = {2007},
  url          = {https://doi.org/10.1007/978-3-540-75225-7\_24},
  doi          = {10.1007/978-3-540-75225-7\_24},
  timestamp    = {Tue, 14 May 2019 10:00:51 +0200},
  biburl       = {https://dblp.org/rec/conf/alt/ReyzinS07.bib},
  bibsource    = {dblp computer science bibliography, https://dblp.org}
}

@book{books/cu/Goldreich17,
  author       = {Oded Goldreich},
  title        = {Introduction to Property Testing},
  publisher    = {Cambridge University Press},
  year         = {2017},
}

@inproceedings{conf/icalp/Onak08,
  author       = {Krzysztof Onak},
  editor       = {Luca Aceto and
                  Ivan Damg{\aa}rd and
                  Leslie Ann Goldberg and
                  Magn{\'{u}}s M. Halld{\'{o}}rsson and
                  Anna Ing{\'{o}}lfsd{\'{o}}ttir and
                  Igor Walukiewicz},
  title        = {Testing Properties of Sets of Points in Metric Spaces},
  booktitle    = {Automata, Languages and Programming, 35th International Colloquium,
                  {ICALP} 2008, Reykjavik, Iceland, July 7-11, 2008, Proceedings, Part
                  {I:} Tack {A:} Algorithms, Automata, Complexity, and Games},
  series       = {Lecture Notes in Computer Science},
  volume       = {5125},
  pages        = {515--526},
  publisher    = {Springer},
  year         = {2008},
  url          = {https://doi.org/10.1007/978-3-540-70575-8\_42},
  doi          = {10.1007/978-3-540-70575-8\_42},
  timestamp    = {Fri, 27 Mar 2020 09:02:59 +0100},
  biburl       = {https://dblp.org/rec/conf/icalp/Onak08.bib},
  bibsource    = {dblp computer science bibliography, https://dblp.org}
}

@inproceedings{conf/iwpec/Bestide24,
  author       = {Paul Bastide and
                  Carla Groenland},
  editor       = {{\'{E}}douard Bonnet and
                  Pawel Rzazewski},
  title        = {Quasi-Linear Distance Query Reconstruction for Graphs of Bounded Treelength},
  booktitle    = {19th International Symposium on Parameterized and Exact Computation,
                  {IPEC} 2024, September 4-6, 2024, Royal Holloway, University of London,
                  Egham, United Kingdom},
  series       = {LIPIcs},
  volume       = {321},
  pages        = {20:1--20:11},
  publisher    = {Schloss Dagstuhl - Leibniz-Zentrum f{\"{u}}r Informatik},
  year         = {2024},
  url          = {https://doi.org/10.4230/LIPIcs.IPEC.2024.20},
  doi          = {10.4230/LIPICS.IPEC.2024.20},
  timestamp    = {Fri, 06 Dec 2024 16:01:53 +0100},
  biburl       = {https://dblp.org/rec/conf/iwpec/0002G24.bib},
  bibsource    = {dblp computer science bibliography, https://dblp.org}
}

@inproceedings{conf/stoc/Indyk99,
  author       = {Piotr Indyk},
  editor       = {Jeffrey Scott Vitter and
                  Lawrence L. Larmore and
                  Frank Thomson Leighton},
  title        = {Sublinear Time Algorithms for Metric Space Problems},
  booktitle    = {Proceedings of the Thirty-First Annual {ACM} Symposium on Theory of
                  Computing, May 1-4, 1999, Atlanta, Georgia, {USA}},
  pages        = {428--434},
  publisher    = {{ACM}},
  year         = {1999},
  url          = {https://doi.org/10.1145/301250.301366},
  doi          = {10.1145/301250.301366},
  timestamp    = {Tue, 06 Nov 2018 11:07:04 +0100},
  biburl       = {https://dblp.org/rec/conf/stoc/Indyk99.bib},
  bibsource    = {dblp computer science bibliography, https://dblp.org}
}

@inproceedings{conf/wg/BouvelGK05,
  author       = {Mathilde Bouvel and
                  Vladimir Grebinski and
                  Gregory Kucherov},
  editor       = {Dieter Kratsch},
  title        = {Combinatorial Search on Graphs Motivated by Bioinformatics Applications:
                  {A} Brief Survey},
  booktitle    = {Graph-Theoretic Concepts in Computer Science, 31st International Workshop,
                  {WG} 2005, Metz, France, June 23-25, 2005, Revised Selected Papers},
  series       = {Lecture Notes in Computer Science},
  volume       = {3787},
  pages        = {16--27},
  publisher    = {Springer},
  year         = {2005},
  url          = {https://doi.org/10.1007/11604686\_2},
  doi          = {10.1007/11604686\_2},
  timestamp    = {Tue, 14 May 2019 10:00:40 +0200},
  biburl       = {https://dblp.org/rec/conf/wg/BouvelGK05.bib},
  bibsource    = {dblp computer science bibliography, https://dblp.org}
}

@article{journals/iandc/ParnasR03,
  author       = {Michal Parnas and
                  Dana Ron},
  title        = {Testing metric properties},
  journal      = {Inf. Comput.},
  volume       = {187},
  number       = {2},
  pages        = {155--195},
  year         = {2003},
  url          = {https://doi.org/10.1016/S0890-5401(03)00160-3},
  doi          = {10.1016/S0890-5401(03)00160-3},
  timestamp    = {Fri, 12 Feb 2021 22:16:18 +0100},
  biburl       = {https://dblp.org/rec/journals/iandc/ParnasR03.bib},
  bibsource    = {dblp computer science bibliography, https://dblp.org}
}

@article{journals/jcss/AngluinC08,
  author       = {Dana Angluin and
                  Jiang Chen},
  title        = {Learning a hidden graph using O(logn) queries per edge},
  journal      = {J. Comput. Syst. Sci.},
  volume       = {74},
  number       = {4},
  pages        = {546--556},
  year         = {2008},
  url          = {https://doi.org/10.1016/j.jcss.2007.06.006},
  doi          = {10.1016/J.JCSS.2007.06.006},
  timestamp    = {Tue, 16 Feb 2021 14:03:50 +0100},
  biburl       = {https://dblp.org/rec/journals/jcss/AngluinC08.bib},
  bibsource    = {dblp computer science bibliography, https://dblp.org}
}

@article{journals/siamdm/AlonA05,
  author       = {Noga Alon and
                  Vera Asodi},
  title        = {Learning a Hidden Subgraph},
  journal      = {{SIAM} J. Discret. Math.},
  volume       = {18},
  number       = {4},
  pages        = {697--712},
  year         = {2005},
  url          = {https://doi.org/10.1137/S0895480103431071},
  doi          = {10.1137/S0895480103431071},
  timestamp    = {Sat, 25 Apr 2020 13:56:26 +0200},
  biburl       = {https://dblp.org/rec/journals/siamdm/AlonA05.bib},
  bibsource    = {dblp computer science bibliography, https://dblp.org}
}

@article{journals/talg/KannanMZ18,
  author       = {Sampath Kannan and
                  Claire Mathieu and
                  Hang Zhou},
  title        = {Graph Reconstruction and Verification},
  journal      = {{ACM} Trans. Algorithms},
  volume       = {14},
  number       = {4},
  pages        = {40:1--40:30},
  year         = {2018},
}

@article{journals/tcs/WittmannSBT09,
  author       = {Dominik M. Wittmann and
                  Daniel Schmidl and
                  Florian Bl{\"{o}}chl and
                  Fabian J. Theis},
  title        = {Reconstruction of graphs based on random walks},
  journal      = {Theor. Comput. Sci.},
  volume       = {410},
  number       = {38-40},
  pages        = {3826--3838},
  year         = {2009},    
  url          = {https://doi.org/10.1016/j.tcs.2009.05.026},
  doi          = {10.1016/J.TCS.2009.05.026},
  timestamp    = {Wed, 17 Feb 2021 21:59:48 +0100},
  biburl       = {https://dblp.org/rec/journals/tcs/WittmannSBT09.bib},
  bibsource    = {dblp computer science bibliography, https://dblp.org}
}

@article{sicomp/AlonBKRS04,
  author       = {Noga Alon and
                  Richard Beigel and
                  Simon Kasif and
                  Steven Rudich and
                  Benny Sudakov},
  title        = {Learning a Hidden Matching},
  journal      = {{SIAM} J. Comput.},
  volume       = {33},
  number       = {2},
  pages        = {487--501},
  year         = {2004},
  url          = {https://doi.org/10.1137/S0097539702420139},
  doi          = {10.1137/S0097539702420139},
  timestamp    = {Sat, 27 May 2017 14:22:58 +0200},
  biburl       = {https://dblp.org/rec/journals/siamcomp/AlonBKRS04.bib},
  bibsource    = {dblp computer science bibliography, https://dblp.org}
}

@article{uhlmann2009electrical,
  title={Electrical impedance tomography and Calder{\'o}n's problem},
  author={Uhlmann, Gunther},
  journal={Inverse problems},
  volume={25},
  number={12},
  pages={123011},
  year={2009},
  publisher={IOP Publishing}
}

@article{vaswani2017attention,
  title={Attention is all you need},
  author={Vaswani, A},
  journal={Advances in Neural Information Processing Systems},
  year={2017}
}

@article{velingker2024affinity,
  title={Affinity-aware graph networks},
  author={Velingker, Ameya and Sinop, Ali and Ktena, Ira and Veli{\v{c}}kovi{\'c}, Petar and Gollapudi, Sreenivas},
  journal={Advances in Neural Information Processing Systems},
  volume={36},
  year={2024}
}

@misc{wikipediaERT,
  author = "{Wikipedia contributors}",
  title = "{Electrical resistivity tomography --- Wikipedia, The Free Encyclopedia}",
  year = {2024},
  url = {https://en.wikipedia.org/wiki/Electrical_resistivity_tomography},
  note = {Accessed: 2024-01-24}
}

