@article{besler_2021_Bone,
  title = {Bone and Joint Enhancement Filtering: Application to Proximal Femur Segmentation from Uncalibrated Computed Tomography Datasets},
  shorttitle = {Bone and Joint Enhancement Filtering},
  author = {Besler, Bryce A. and Michalski, Andrew S. and Kuczynski, Michael T. and Abid, Aleena and Forkert, Nils D. and Boyd, Steven K.},
  year = {2021},
  journal = {Medical Image Analysis},
  volume = {67},
  pages = {101887},
  doi = {10.1016/j.media.2020.101887}
}

@article{burton_2020_Semisupervised,
  title = {Semi-Supervised Learning for Automatic Segmentation of the Knee from {MRI} with Convolutional Neural Networks},
  author = {Burton, William and Myers, Casey and Rullkoetter, Paul},
  year = {2020},
  journal = {Computer Methods and Programs in Biomedicine},
  volume = {189},
  pages = {105328}
}

@article{cai_2024_Automatic,
  title = {Automatic Segmentation of Knee {CT} Images of Tibial Plateau Fractures Based on Three-Dimensional U-Net: Assisting Junior Physicians with Schatzker Classification},
  shorttitle = {Automatic Segmentation of Knee CT Images of Tibial Plateau Fractures Based on Three-Dimensional U-Net},
  author = {Cai, Die and Zhou, Yu and He, Wenjie and Yuan, Jichun and Liu, Chenyuan and Li, Rui and Wang, Yi and Xia, Jun},
  year = {2024},
  journal = {European Journal of Radiology},
  volume = {178},
  pages = {111605}
}

@article{gao_2022_Deep,
  title = {Deep Learning-Based Framework for Segmentation of Multiclass Rib Fractures in {CT} Utilizing a Multi-Angle Projection Network},
  author = {Gao, Yuan and Chen, Han and Ge, Rongjun and Wu, Zhan and Tang, Hui and Gao, Dazhi and Mai, Xiaoli and Zhang, Libo and Yang, Benqiang and Chen, Yang and Coatrieux, Jean-Louis},
  year = {2022},
  journal = {International Journal of Computer Assisted Radiology and Surgery},
  volume = {17},
  number = {6},
  pages = {1115--1124}
}

@article{li_2023_Patchshufflebased,
  title = {Patch-Shuffle-Based Semi-Supervised Segmentation of Bone Computed Tomography via Consistent Learning},
  author = {Li, Xiaoxu and Peng, Yu and Xu, Min},
  year = {2023},
  journal = {Biomedical Signal Processing and Control},
  volume = {80},
  pages = {104239}
}

@inproceedings{li_2025_Semisupervised,
  title = {A Semi-Supervised Tooth Segmentation Method Based on Entropy-Guided Mean Teacher and Weakly Mutual Consistency Network},
  booktitle = {Semi-Supervised Tooth Segmentation},
  author = {Li, Mingqian and Yan, Zhiqian and Lu, Qinghang and Ma, Qiongxiong and Guo, Liang and Zhang, Qingmao},
  year = {2025},
  pages = {58--71},
  publisher = {Springer}
}

@inproceedings{liu_2020_Semisupervised,
  title = {Semi-Supervised Semantic Segmentation of Multiple Lumbosacral Structures on {CT}},
  booktitle = {Computational Methods and Clinical Applications for Spine Imaging},
  author = {Liu, Huaqing and Xiao, Haoping and Luo, Lishu and Feng, Chaobo and Yin, Bangde and Wang, Dongdong and Li, Yufeng and He, Shisheng and Fan, Guoxin},
  year = {2020},
  pages = {47--59},
  publisher = {Springer}
}

@inproceedings{liu_2023_Pelvic,
  title = {Pelvic Fracture Segmentation Using a Multi-Scale Distance-Weighted Neural Network},
  booktitle = {Medical Image Computing and Computer Assisted Intervention},
  author = {Liu, Yanzhen and Yibulayimu, Sutuke and Sang, Yudi and Zhu, Gang and Wang, Yu and Zhao, Chunpeng and Wu, Xinbao},
  year = {2023},
  pages = {312--321},
  publisher = {Springer}
}

@inproceedings{zhao_2019_SemiSupervised,
  title = {Semi-Supervised Self-Taught Deep Learning for Finger Bones Segmentation},
  booktitle = {2019 IEEE EMBS International Conference on Biomedical \& Health Informatics (BHI)},
  author = {Zhao, Ziyuan and Zhang, Xiaoman and Chen, Cen and Li, Wei and Peng, Songyou and Wang, Jie and Yang, Xulei and Zhang, Le and Zeng, Zeng},
  year = {2019},
  pages = {1--4}
}

@inproceedings{zhou_2024_CrossScale,
  title = {Towards Cross-Scale Attention and Surface Supervision for Fractured Bone Segmentation in {CT}},
  booktitle = {2024 46th Annual International Conference of the IEEE Engineering in Medicine and Biology Society (EMBC)},
  author = {Zhou, Yu and Zou, Xiahao and Wang, Yi},
  year = {2024},
  pages = {1--5},
  publisher={IEEE}
}

