###new

# semi
@article{anwar_2022_SemiSupervised,
  title = {Semi-Supervised Deep Learning for Multi-Tissue Segmentation from Multi-Contrast {MRI}},
  author = {Anwar, Syed Muhammad and Irmakci, Ismail and Torigian, Drew A. and Jambawalikar, Sachin and Papadakis, Georgios Z. and Akgun, Can and Ellermann, Jutta and Akcakaya, Mehmet and Bagci, Ulas},
  year = {2022},
  journal = {Journal of Signal Processing Systems},
  volume = {94},
  number = {5},
  pages = {497--510}
}

@article{burton_2020_Semisupervised,
  title = {Semi-Supervised Learning for Automatic Segmentation of the Knee from {MRI} with Convolutional Neural Networks},
  author = {Burton, William and Myers, Casey and Rullkoetter, Paul},
  year = {2020},
  journal = {Computer Methods and Programs in Biomedicine},
  volume = {189},
  pages = {105328}
}

@article{li_2023_Patchshufflebased,
  title = {Patch-Shuffle-Based Semi-Supervised Segmentation of Bone Computed Tomography via Consistent Learning},
  author = {Li, Xiaoxu and Peng, Yu and Xu, Min},
  year = {2023},
  journal = {Biomedical Signal Processing and Control},
  volume = {80},
  pages = {104239}
}

@inproceedings{li_2025_Semisupervised,
  title = {A Semi-Supervised Tooth Segmentation Method Based on Entropy-Guided Mean Teacher and Weakly Mutual Consistency Network},
  booktitle = {Semi-Supervised Tooth Segmentation},
  author = {Li, Mingqian and Yan, Zhiqian and Lu, Qinghang and Ma, Qiongxiong and Guo, Liang and Zhang, Qingmao},
  year = {2025},
  pages = {58--71},
  publisher = {Springer}
}

@inproceedings{liu_2020_Semisupervised,
  title = {Semi-Supervised Semantic Segmentation of Multiple Lumbosacral Structures on {CT}},
  booktitle = {Computational Methods and Clinical Applications for Spine Imaging},
  author = {Liu, Huaqing and Xiao, Haoping and Luo, Lishu and Feng, Chaobo and Yin, Bangde and Wang, Dongdong and Li, Yufeng and He, Shisheng and Fan, Guoxin},
  year = {2020},
  pages = {47--59},
  publisher = {Springer}
}

@article{lu_2024_Better,
  title = {Better Rough Than Scarce: Proximal Femur Fracture Segmentation With Rough Annotations},
  shorttitle = {Better Rough Than Scarce},
  author = {Lu, Xu and Cui, Zengzhen and Sun, Yihua and Guan Khor, Hee and Sun, Ao and Ma, Longfei and Chen, Fang and Gao, Shan and Tian, Yun and Zhou, Fang and Lv, Yang and Liao, Hongen},
  year = {2024},
  journal = {IEEE Transactions on Medical Imaging},
  volume = {43},
  number = {9},
  pages = {3240--3252}
}

@article{yang_2025_Coteacherguided,
  title = {Co-teacher-guided Pseudo Label Supervision: A Semi-supervised Learning Framework for Muscle and Adipose Tissue Segmentation on Chest {CT} Scans},
  shorttitle = {Co-teacher-guided Pseudo Label Supervision},
  author = {Yang, Jie and Liu, Yanli and Chen, Xiaoyan and Chen, Tianle and Liu, Qi},
  year = {2025},
  journal = {IET Image Processing},
  volume = {19},
  number = {1},
  pages = {e13316}
}

@inproceedings{zhao_2019_SemiSupervised,
  title = {Semi-Supervised Self-Taught Deep Learning for Finger Bones Segmentation},
  booktitle = {2019 IEEE EMBS International Conference on Biomedical \& Health Informatics (BHI)},
  author = {Zhao, Ziyuan and Zhang, Xiaoman and Chen, Cen and Li, Wei and Peng, Songyou and Wang, Jie and Yang, Xulei and Zhang, Le and Zeng, Zeng},
  year = {2019},
  pages = {1--4}
}

@article{su_2024_Mutual,
  title = {Mutual Learning with Reliable Pseudo Label for Semi-Supervised Medical Image Segmentation},
  author = {Su, Jiawei and Luo, Zhiming and Lian, Sheng and Lin, Dazhen and Li, Shaozi},
  year = {2024},
  journal = {Medical Image Analysis},
  volume = {94},
  pages = {103111}
}

@article{tang_2024_Semisupervised,
  title = {Semi-Supervised Medical Image Segmentation via Hard Positives Oriented Contrastive Learning},
  author = {Tang, Cheng and Zeng, Xinyi and Zhou, Luping and Zhou, Qizheng and Wang, Peng and Wu, Xi and Ren, Hongping and Zhou, Jiliu and Wang, Yan},
  year = {2024},
  journal = {Pattern Recognition},
  volume = {146},
  pages = {110020}
}

@article{yang_2024_3D,
  title = {3D Medical Image Segmentation Based on Semi-Supervised Learning Using Deep Co-Training},
  author = {Yang, Jingdong and Li, Haoqiu and Wang, Han and Han, Man},
  year = {2024},
  journal = {Applied Soft Computing},
  volume = {159},
  pages = {111641}
}

@article{luo_2021_Semisupervised,
  title = {Semi-Supervised Medical Image Segmentation through Dual-Task Consistency},
  author = {Luo, Xiangde and Chen, Jieneng and Song, Tao and Wang, Guotai},
  year = {2021},
  journal = {Proceedings of the AAAI Conference on Artificial Intelligence},
  volume = {35},
  number = {10},
  pages = {8801--8809}
}

@article{luo_2022_Semisupervised,
  title = {Semi-Supervised Medical Image Segmentation via Uncertainty Rectified Pyramid Consistency},
  author = {Luo, Xiangde and Wang, Guotai and Liao, Wenjun and Chen, Jieneng and Song, Tao and Chen, Yinan and Zhang, Shichuan and Metaxas, Dimitris N. and Zhang, Shaoting},
  year = {2022},
  journal = {Medical Image Analysis},
  volume = {80},
  pages = {102517}
}

@inproceedings{basak_2023_PseudoLabel,
  title = {Pseudo-Label Guided Contrastive Learning for Semi-Supervised Medical Image Segmentation},
  booktitle = {2023 IEEE/CVF Conference on Computer Vision and Pattern Recognition (CVPR)},
  author = {Basak, Hritam and Yin, Zhaozheng},
  year = {2023},
  pages = {19786--19797},
  publisher = {IEEE}
}

@inproceedings{he_2022_Masked,
  title = {Masked Autoencoders Are Scalable Vision Learners},
  booktitle = {Proceedings of the IEEE/CVF Conference on Computer Vision and Pattern Recognition},
  author = {He, Kaiming and Chen, Xinlei and Xie, Saining and Li, Yanghao and Doll{\'a}r, Piotr and Girshick, Ross},
  year = {2022},
  pages = {16000--16009}
}

@inproceedings{hatamizadeh_2022_UNETR,
  title = {{UNETR}: Transformers for 3{D} Medical Image Segmentation},
  shorttitle = {UNETR},
  booktitle = {2022 IEEE/CVF Winter Conference on Applications of Computer Vision (WACV)},
  author = {Hatamizadeh, Ali and Tang, Yucheng and Nath, Vishwesh and Yang, Dong and Myronenko, Andriy and Landman, Bennett and Roth, Holger R. and Xu, Daguang},
  year = {2022},
  pages = {1748--1758},
  publisher = {IEEE}
}

@misc{dosovitskiy_2021_Image,
  title = {An Image Is Worth 16x16 Words: Transformers for Image Recognition at Scale},
  shorttitle = {An Image Is Worth 16x16 Words},
  author = {Dosovitskiy, Alexey and Beyer, Lucas and Kolesnikov, Alexander and Weissenborn, Dirk and Zhai, Xiaohua and Unterthiner, Thomas and Dehghani, Mostafa and Minderer, Matthias and Heigold, Georg and Gelly, Sylvain and Uszkoreit, Jakob and Houlsby, Neil},
  year = {2021},
  number = {arXiv:2010.11929},
  eprint = {2010.11929},
  primaryclass = {cs},
  publisher = {arXiv},
  doi = {10.48550/arXiv.2010.11929},
  archiveprefix = {arXiv}
}

@inproceedings{ronneberger_2015_UNet,
  title = {U-Net: Convolutional Networks for Biomedical Image Segmentation},
  shorttitle = {U-Net},
  booktitle = {Medical Image Computing and Computer-Assisted Intervention},
  author = {Ronneberger, Olaf and Fischer, Philipp and Brox, Thomas},
  year = {2015},
  pages = {234--241},
  publisher = {Springer}
}

# mims
@misc{huang_2022_Green,
  title = {Green Hierarchical Vision Transformer for Masked Image Modeling},
  author = {Huang, Lang and You, Shan and Zheng, Mingkai and Wang, Fei and Qian, Chen and Yamasaki, Toshihiko},
  year = {2022},
  number = {arXiv:2205.13515},
  eprint = {2205.13515},
  publisher = {arXiv},
  archiveprefix = {arXiv}
}

@inproceedings{liu_2023_MixMAE,
  title = {Mix{MAE}: Mixed and Masked Autoencoder for Efficient Pretraining of Hierarchical Vision Transformers},
  shorttitle = {MixMAE},
  booktitle = {2023 IEEE/CVF Conference on Computer Vision and Pattern Recognition (CVPR)},
  author = {Liu, Jihao and Huang, Xin and Zheng, Jinliang and Liu, Yu and Li, Hongsheng},
  year = {2023},
  pages = {6252--6261},
  publisher = {IEEE}
}

@inproceedings{wei_2022_Masked,
  title = {Masked Feature Prediction for Self-Supervised Visual Pre-Training},
  booktitle = {2022 IEEE/CVF Conference on Computer Vision and Pattern Recognition (CVPR)},
  author = {Wei, Chen and Fan, Haoqi and Xie, Saining and Wu, Chao-Yuan and Yuille, Alan and Feichtenhofer, Christoph},
  year = {2022},
  pages = {14648--14658},
  publisher = {IEEE}
}

@inproceedings{xie_2022_SimMIM,
  title = {Sim{MIM}: A Simple Framework for Masked Image Modeling},
  shorttitle = {SimMIM},
  booktitle = {2022 IEEE/CVF Conference on Computer Vision and Pattern Recognition (CVPR)},
  author = {Xie, Zhenda and Zhang, Zheng and Cao, Yue and Lin, Yutong and Bao, Jianmin and Yao, Zhuliang and Dai, Qi and Hu, Han},
  year = {2022},
  pages = {9643--9653},
  publisher = {IEEE}
}

@misc{xu_2023_Swin,
  title = {Swin {MAE}: Masked Autoencoders for Small Datasets},
  shorttitle = {Swin MAE},
  author = {Xu, Zi'an and Dai, Yin and Liu, Fayu and Chen, Weibing and Liu, Yue and Shi, Lifu and Liu, Sheng and Zhou, Yuhang},
  year = {2023},
  number = {arXiv:2212.13805},
  eprint = {2212.13805},
  primaryclass = {cs},
  publisher = {arXiv},
  archiveprefix = {arXiv}
}

@misc{zhou_2022_IBOT,
  title = {i{BOT}: Image {BERT} Pre-Training with Online Tokenizer},
  shorttitle = {iBOT},
  author = {Zhou, Jinghao and Wei, Chen and Wang, Huiyu and Shen, Wei and Xie, Cihang and Yuille, Alan and Kong, Tao},
  year = {2022},
  number = {arXiv:2111.07832},
  eprint = {2111.07832},
  publisher = {arXiv},
  archiveprefix = {arXiv}
}

@Article{work8,
	title={Deep learning to segment pelvic bones: large-scale {CT} datasets and baseline models},
	author={Liu, Pengbo and Han, Hu and Du, Yuanqi and Zhu, Heqin and Li, Yinhao and Gu, Feng and Xiao, Honghu and Li, Jun and Zhao, Chunpeng and Xiao, Li and Wu, Xinbao and Zhou, S. Kevin},
	journal={International Journal of Computer Assisted Radiology and Surgery},
	volume={16},
	pages={749--756},
	year={2021},
	publisher={Springer}
}

# full_sup
@article{besler_2021_Bone,
  title = {Bone and Joint Enhancement Filtering: Application to Proximal Femur Segmentation from Uncalibrated Computed Tomography Datasets},
  shorttitle = {Bone and Joint Enhancement Filtering},
  author = {Besler, Bryce A. and Michalski, Andrew S. and Kuczynski, Michael T. and Abid, Aleena and Forkert, Nils D. and Boyd, Steven K.},
  year = {2021},
  journal = {Medical Image Analysis},
  volume = {67},
  pages = {101887},
  doi = {10.1016/j.media.2020.101887}
}

@article{cai_2024_Automatic,
  title = {Automatic Segmentation of Knee {CT} Images of Tibial Plateau Fractures Based on Three-Dimensional U-Net: Assisting Junior Physicians with Schatzker Classification},
  shorttitle = {Automatic Segmentation of Knee CT Images of Tibial Plateau Fractures Based on Three-Dimensional U-Net},
  author = {Cai, Die and Zhou, Yu and He, Wenjie and Yuan, Jichun and Liu, Chenyuan and Li, Rui and Wang, Yi and Xia, Jun},
  year = {2024},
  journal = {European Journal of Radiology},
  volume = {178},
  pages = {111605}
}

@article{gao_2022_Deep,
  title = {Deep Learning-Based Framework for Segmentation of Multiclass Rib Fractures in {CT} Utilizing a Multi-Angle Projection Network},
  author = {Gao, Yuan and Chen, Han and Ge, Rongjun and Wu, Zhan and Tang, Hui and Gao, Dazhi and Mai, Xiaoli and Zhang, Libo and Yang, Benqiang and Chen, Yang and Coatrieux, Jean-Louis},
  year = {2022},
  journal = {International Journal of Computer Assisted Radiology and Surgery},
  volume = {17},
  number = {6},
  pages = {1115--1124}
}

@article{lee_2024_Deeplearningbased,
  title = {Deep-Learning-Based Pelvic Automatic Segmentation in Pelvic Fractures},
  author = {Lee, Jung Min and Park, Jun Young and Kim, Young Jae and Kim, Kwang Gi},
  year = {2024},
  journal = {Scientific Reports},
  volume = {14},
  number = {1},
  pages = {12258}
}

@inproceedings{zhou_2024_CrossScale,
  title = {Towards Cross-Scale Attention and Surface Supervision for Fractured Bone Segmentation in {CT}},
  booktitle = {2024 46th Annual International Conference of the IEEE Engineering in Medicine and Biology Society (EMBC)},
  author = {Zhou, Yu and Zou, Xiahao and Wang, Yi},
  year = {2024},
  pages = {1--5},
  publisher={IEEE}
}

@inproceedings{liu_2023_Pelvic,
  title = {Pelvic Fracture Segmentation Using a Multi-Scale Distance-Weighted Neural Network},
  booktitle = {Medical Image Computing and Computer Assisted Intervention},
  author = {Liu, Yanzhen and Yibulayimu, Sutuke and Sang, Yudi and Zhu, Gang and Wang, Yu and Zhao, Chunpeng and Wu, Xinbao},
  year = {2023},
  pages = {312--321},
  publisher = {Springer}
}

# semi
@article{tarvainen_2018_Mean,
  title={Mean teachers are better role models: Weight-averaged consistency targets improve semi-supervised deep learning results},
author={Tarvainen, Antti and Valpola, Harri},
journal={Advances in Neural Information Processing Systems},
volume={30},
year={2017}
}

@inproceedings{berthelot_2019_MixMatch,
  title = {MixMatch: A Holistic Approach to Semi-Supervised Learning},
  shorttitle = {MixMatch},
  booktitle = {Advances in Neural Information Processing Systems},
  author = {Berthelot, David and Carlini, Nicholas and Goodfellow, Ian and Papernot, Nicolas and Oliver, Avital and Raffel, Colin A},
  year = {2019},
  volume = {32}
}

@article{bao_2024_Robust,
  title = {Robust Embedding Regression for Semi-Supervised Learning},
  author = {Bao, Jiaqi and Kudo, Mineichi and Kimura, Keigo and Sun, Lu},
  year = {2024},
  journal = {Pattern Recognition},
  volume = {145},
  pages = {109894}
}

@article{bi_2024_Sampleweighted,
  title = {Sample-Weighted Fused Graph-Based Semi-Supervised Learning on Multi-View Data},
  author = {Bi, Jingjun and Dornaika, Fadi},
  year = {2024},
  journal = {Information Fusion},
  volume = {104},
  pages = {102175}
}

@article{yang2024non,
	title={Non-iterative scribble-supervised learning with pacing pseudo-masks for medical image segmentation},
	author={Yang, Zefan and Lin, Di and Ni, Dong and Wang, Yi},
	journal={Expert Systems with Applications},
	volume={238},
	pages={122024},
	year={2024}
}

@article{chen_2024_Virtual,
  title = {Virtual Category Learning: A Semi-Supervised Learning Method for Dense Prediction With Extremely Limited Labels},
  shorttitle = {Virtual Category Learning},
  author = {Chen, Changrui and Han, Jungong and Debattista, Kurt},
  year = {2024},
  journal = {IEEE Transactions on Pattern Analysis and Machine Intelligence},
  volume = {46},
  number = {8},
  pages = {5595--5611}
}

@article{zhong2025bounding,
	title={Bounding boxes for weakly-supervised breast cancer segmentation in {DCE-MRI}},
	author={Zhong, Yuming and Xu, Zeyan and Han, Chu and Liu, Zaiyi and Wang, Yi},
	journal={Biomedical Signal Processing and Control},
	volume={105},
	pages={107656},
	year={2025}
}

@inproceedings{zeng2021reciprocal,
	title={Reciprocal learning for semi-supervised segmentation},
	author={Zeng, Xiangyun and Huang, Rian and Zhong, Yuming and Sun, Dong and Han, Chu and Lin, Di and Ni, Dong and Wang, Yi},
	booktitle={Medical Image Computing and Computer Assisted Intervention},
	pages={352--361},
	year={2021},
	organization={Springer}
}

@article{tscherne1993tibial,
	title={Tibial plateau fractures: management and expected results},
	author={Tscherne, HARALD and Lobenhoffer, PHILIPP},
	journal={Clinical Orthopaedics and Related Research{\textregistered}},
	volume={292},
	pages={87--100},
	year={1993}
}
