@inproceedings{adamson2022faster,
  title={Faster exploration of some temporal graphs},
  author={Adamson, D. and Gusev, V. V. and Malyshev, D. and Zamaraev, V.},
  booktitle={1st Symposium on Algorithmic Foundations of Dynamic Networks (SAND 2022)},
  year={2022},
  organization={Schloss Dagstuhl-Leibniz-Zentrum f{\"u}r Informatik}
}

@article{akrida2021temporal,
  title={The temporal explorer who returns to the base},
  author={Akrida, E. C. and Mertzios, G. B. and Spirakis, P. G. and Raptopoulos, C.},
  journal={Journal of Computer and System Sciences},
  volume={120},
  pages={179--193},
  year={2021},
  publisher={Elsevier}
}

@article{arrighi2023kernelizing,
  title={Kernelizing Temporal Exploration Problems},
  author={Arrighi, E. and Fomin, F. V. and Golovach, P. and Wolf, P.},
  journal={arXiv preprint arXiv:2302.10110},
  year={2023}
}

@article{bodlaender2019exploring,
  title={On exploring always-connected temporal graphs of small pathwidth},
  author={Bodlaender, H. L. and van der Zanden, T. C.},
  journal={Information Processing Letters},
  volume={142},
  pages={68--71},
  year={2019},
  publisher={Elsevier}
}

@article{bumpus2023edge,
  title={Edge exploration of temporal graphs},
  author={Bumpus, B. M. and Meeks, K.},
  journal={Algorithmica},
  volume={85},
  number={3},
  pages={688--716},
  year={2023},
  publisher={Springer}
}

@article{deligkas2022optimizing,
  title={Optimizing reachability sets in temporal graphs by delaying},
  author={Deligkas, A. and Potapov, I.},
  journal={Information and Computation},
  volume={285},
  pages={104890},
  year={2022},
  publisher={Elsevier}
}

@inproceedings{erlebach2018faster,
  title={Faster exploration of degree-bounded temporal graphs},
  author={Erlebach, T. and Spooner, J. T.},
  booktitle={43rd International Symposium on Mathematical Foundations of Computer Science (MFCS 2018)},
  year={2018},
  organization={Schloss Dagstuhl-Leibniz-Zentrum fuer Informatik}
}

@article{erlebach2021temporal,
  title={On temporal graph exploration},
  author={Erlebach, T. and Hoffmann, M. and Kammer, F.},
  journal={Journal of Computer and System Sciences},
  volume={119},
  pages={1--18},
  year={2021},
  publisher={Elsevier}
}

@article{erlebach2022exploration,
  title={Exploration of k-edge-deficient temporal graphs},
  author={Erlebach, T. and Spooner, J. T.},
  journal={Acta Informatica},
  volume={59},
  number={4},
  pages={387--407},
  year={2022},
  publisher={Springer}
}

@inproceedings{erlebach2022parameterized,
  title={Parameterized Temporal Exploration Problems},
  author={Erlebach, T. and Spooner, J. T.},
  booktitle={1st Symposium on Algorithmic Foundations of Dynamic Networks (SAND 2022)},
  year={2022},
  organization={Schloss Dagstuhl-Leibniz-Zentrum f{\"u}r Informatik}
}

@InProceedings{erlebach_et_al:LIPIcs.ICALP.2019.141,
  author =	{Erlebach, T. and Kammer, F. and Luo, K. and Sajenko, A. and Spooner, J. T.},
  title =	{{Two Moves per Time Step Make a Difference}},
  booktitle =	{46th International Colloquium on Automata, Languages, and Programming (ICALP 2019)},
  pages =	{141:1--141:14},
  series =	{Leibniz International Proceedings in Informatics (LIPIcs)},
  year =	{2019},
  volume =	{132},
  address =	{Dagstuhl, Germany},
}

@article{michail2016traveling,
  title={Traveling salesman problems in temporal graphs},
  author={Michail, O. and Spirakis, P. G.},
  journal={Theoretical Computer Science},
  volume={634},
  pages={1--23},
  year={2016},
  publisher={Elsevier}
}

@phdthesis{taghian2020exploring,
  title={Exploring temporal cycles and grids},
  author={Taghian Alamouti, S.},
  year={2020},
  school={Concordia University}
}

