@misc{data,
  title = {Data for Fast and Safe Robot Scheduling},
  howpublished = {\url{https://www.dropbox.com/scl/fo/h4gdwqtdboe9l19kht4xu/APcO3sVM707_buCWzer2Z3A?rlkey=f5s110tnsydahrgtzgedjloj0&st=1dj1rhyv&dl=0}},
}
@misc{code,
  title = {{Code for Fast and Safe Robot Scheduling}},
  howpublished = {\url{{https://www.dropbox.com/scl/fo/h4gdwqtdboe9l19kht4xu/APcO3sVM707_buCWzer2Z3A?rlkey=f5s110tnsydahrgtzgedjloj0&st=1dj1rhyv&dl=0}}},
}

@inbook{lochet2021,
author = {William Lochet},
title = {A Polynomial Time Algorithm for the <italic>k</italic>-Disjoint Shortest Paths Problem},
booktitle = {Proceedings of the 2021 ACM-SIAM Symposium on Discrete Algorithms (SODA)},
chapter = {},
pages = {169-178},
doi = {10.1137/1.9781611976465.12},
URL = {https://epubs.siam.org/doi/abs/10.1137/1.9781611976465.12},
eprint = {https://epubs.siam.org/doi/pdf/10.1137/1.9781611976465.12},
    abstract = { The disjoint paths problem is a fundamental problem in algorithmic graph theory and combinatorial optimization. For a given graph G and a set of k pairs of terminals in G, it asks for the existence of k vertex-disjoint paths connecting each pair of terminals. The proof of Robertson and Seymour [JCTB 1995] of the existence of an n3 algorithm for any fixed k is one of the highlights of their Graph Minors project. In this paper, we focus on the version of the problem where all the paths are required to be shortest paths. This problem, called the disjoint shortest paths problem, was introduced by Eilam-Tzoreff [DAM 1998] where she proved that the case k = 2 admits a polynomial time algorithm. This problem has received some attention lately, especially since the proof of the existence of a polynomial time algorithm in the directed case when k = 2 by Bérczi and Kobayashi [ESA 2017]. However, the existence of a polynomial algorithm when k = 3 in the undirected version remained open since 1998. In this paper we show that for any fixed k, the disjoint shortest paths problem admits a polynomial time algorithm. In fact for any fixed C, the algorithm can be extended to treat the case where each path connecting the pair (s, t) has length at most d(s, t) + C. }
}

@article{burger2020mobile,
  title={A mobile robotic chemist},
  author={Burger, B. and Maffettone, P. M. and Gusev, V. V. and Aitchison, C. M. and Bai, Y. and Wang, X. and Li, X. and Alston, B. M. and Li, B. and Clowes, R. and others},
  journal={Nature},
  volume={583},
  number={7815},
  pages={237--241},
  year={2020},
  publisher={Nature Publishing Group UK London}
}

@article{king2011rise,
  title={Rise of the robo scientists},
  author={King, R. D.},
  journal={Scientific American},
  volume={304},
  number={1},
  pages={72--77},
  year={2011},
  publisher={JSTOR}
}

@article{granda2018controlling,
  title={Controlling an organic synthesis robot with machine learning to search for new reactivity},
  author={Granda, J. M. and Donina, L. and Dragone, V. and Long, D. and Cronin, L.},
  journal={Nature},
  volume={559},
  number={7714},
  pages={377--381},
  year={2018},
  publisher={Nature Publishing Group UK London}
}


@misc{langner2019ternary,
      title={Beyond Ternary OPV: High-Throughput Experimentation and Self-Driving Laboratories Optimize Multi-Component Systems}, 
      author={S. Langner and F. Häse and J. D. Perea and T. Stubhan and J. Hauch and L. M. Roch and T. Heumueller and A. Aspuru-Guzik and C. J. Brabec},
      year={2019},
      eprint={1909.03511},
      archivePrefix={arXiv},
      primaryClass={physics.app-ph}
}

@misc{macleod2020selfdriving,
      title={Self-driving laboratory for accelerated discovery of thin-film materials}, 
      author={B. P. MacLeod and F. G. L. Parlane and T. D. Morrissey and F. Häse and L. M. Roch and K. E. Dettelbach and R. Moreira and L. P. E. Yunker and M. B. Rooney and J. R. Deeth and V. Lai and G. J. Ng and H. Situ and R. H. Zhang and M. S. Elliott and T. H. Haley and D. J. Dvorak and A. Aspuru-Guzik and J. E. Hein and C. P. Berlinguette},
      year={2020},
      eprint={1906.05398},
      archivePrefix={arXiv},
      primaryClass={physics.app-ph}
}

@article{li2015synthesis,
  title={Synthesis of many different types of organic small molecules using one automated process},
  author={Li, J. and Ballmer, S. G. and Gllis, E. P. and Fujii, S. and Schmidt, M. J. and Palazzolo, A. M. E. and Lehmann, J. W. and Morehouse, G. F. and Burke, M. D.},
  journal={Science},
  volume={347},
  number={6227},
  pages={1221--1226},
  year={2015},
  publisher={American Association for the Advancement of Science}
}


@article{planarTSPKlein,
  title={A linear-time approximation scheme for TSP in undirected planar graphs with edge-weights},
  author={Klein, P. N.},
  journal={SIAM Journal on Computing},
  volume={37},
  number={6},
  pages={1926--1952},
  year={2008},
  publisher={SIAM}
}
@book{GareyJohnson1979,
    author={Garey, M. R. and Johnson, D. S.},
    title={Computers and intractability},
    publisher = {W. H. Freeman and Company} ,
    year = {1979}
}

@misc{gupta2023collision,
      title={Collision Detection for Modular Robots -- it is easy to cause collisions and hard to avoid them}, 
      author={S. Gupta and M. van Kreveld and O. Michail and A. Padalkin},
      year={2023},
      eprint={2305.01015},
      archivePrefix={arXiv},
      primaryClass={cs.CG}
}

@article{qamar2023trmaxalloc,
  title={TRMaxAlloc: Maximum task allocation using reassignment algorithm in multi-UAV system},
  author={Qamar, R. A. and Sarfraz, M. and Ghauri, S. A. and Mahmood, A.},
  journal={Computer Communications},
  volume={206},
  pages={110--123},
  year={2023},
  publisher={Elsevier}
}

@article{zhang2024automated,
  title={Automated guided vehicle dispatching and routing integration via digital twin with deep reinforcement learning},
  author={Zhang, L. and Yang, C. and Yan, Y. and Cai, Z. and Hu, Y.},
  journal={Journal of Manufacturing Systems},
  volume={72},
  pages={492--503},
  year={2024},
  publisher={Elsevier}
}


@article{Liu2023,
title = {Balanced task allocation and collision-free scheduling of multi-robot systems in large spacecraft structure manufacturing},
journal = {Robotics and Autonomous Systems},
volume = {159},
pages = {104289},
year = {2023},
issn = {0921-8890},
author = {S. Liu and J. Shen and W. Tian and J. Lin and P. Li and B. Li},
}
@article{CZYZOWICZ201770,
title = {Collision-free network exploration},
journal = {Journal of Computer and System Sciences},
volume = {86},
pages = {70-81},
year = {2017},
issn = {0022-0000},
author = {J. Czyzowicz and D. Dereniowski and L. G{a}sieniec and R. Klasing and A. Kosowski and D. Pajak},
}

@article{das2019graph,
  title={Graph explorations with mobile agents},
  author={Das, S.},
  journal={Distributed Computing by Mobile Entities: Current Research in Moving and Computing},
  pages={403--422},
  year={2019},
  publisher={Springer}
}

@article{wei2024line,
  title={On-line Exploration of Rectangular Cellular Environments with a Rectangular Hole},
  author={Wei, Q. and Yao, X. and Zhang, W. and Zhang, R. and Ren, Y.},
  journal={Information Processing Letters},
  pages={106470},
  year={2024},
  publisher={Elsevier}
}

@inproceedings{erlebach2022parameterized,
  title={Parameterized Temporal Exploration Problems},
  author={Erlebach, T. and Spooner, J. T.},
  booktitle={1st Symposium on Algorithmic Foundations of Dynamic Networks (SAND 2022)},
  year={2022},
  organization={Schloss Dagstuhl-Leibniz-Zentrum f{\"u}r Informatik}
}

@article{michail2016traveling,
  title={Traveling salesman problems in temporal graphs},
  author={Michail, O. and Spirakis, P. G.},
  journal={Theoretical Computer Science},
  volume={634},
  pages={1--23},
  year={2016},
  publisher={Elsevier}
}

@InProceedings{erlebach_et_al:LIPIcs.ICALP.2019.141,
  author =	{Erlebach, T. and Kammer, F. and Luo, K. and Sajenko, A. and Spooner, J. T.},
  title =	{{Two Moves per Time Step Make a Difference}},
  booktitle =	{46th International Colloquium on Automata, Languages, and Programming (ICALP 2019)},
  pages =	{141:1--141:14},
  series =	{Leibniz International Proceedings in Informatics (LIPIcs)},
  year =	{2019},
  volume =	{132},
  address =	{Dagstuhl, Germany},
}

@article{erlebach2021temporal,
  title={On temporal graph exploration},
  author={Erlebach, T. and Hoffmann, M. and Kammer, F.},
  journal={Journal of Computer and System Sciences},
  volume={119},
  pages={1--18},
  year={2021},
  publisher={Elsevier}
}

@article{arrighi2023kernelizing,
  title={Kernelizing Temporal Exploration Problems},
  author={Arrighi, E. and Fomin, F. V. and Golovach, P. and Wolf, P.},
  journal={arXiv preprint arXiv:2302.10110},
  year={2023}
}

@inproceedings{adamson2022faster,
  title={Faster exploration of some temporal graphs},
  author={Adamson, D. and Gusev, V. V. and Malyshev, D. and Zamaraev, V.},
  booktitle={1st Symposium on Algorithmic Foundations of Dynamic Networks (SAND 2022)},
  year={2022},
  organization={Schloss Dagstuhl-Leibniz-Zentrum f{\"u}r Informatik}
}

@article{akrida2021temporal,
  title={The temporal explorer who returns to the base},
  author={Akrida, E. C. and Mertzios, G. B. and Spirakis, P. G. and Raptopoulos, C.},
  journal={Journal of Computer and System Sciences},
  volume={120},
  pages={179--193},
  year={2021},
  publisher={Elsevier}
}

@article{bumpus2023edge,
  title={Edge exploration of temporal graphs},
  author={Bumpus, B. M. and Meeks, K.},
  journal={Algorithmica},
  volume={85},
  number={3},
  pages={688--716},
  year={2023},
  publisher={Springer}
}

@article{deligkas2022optimizing,
  title={Optimizing reachability sets in temporal graphs by delaying},
  author={Deligkas, A. and Potapov, I.},
  journal={Information and Computation},
  volume={285},
  pages={104890},
  year={2022},
  publisher={Elsevier}
}

@inproceedings{erlebach2018faster,
  title={Faster exploration of degree-bounded temporal graphs},
  author={Erlebach, T. and Spooner, J. T.},
  booktitle={43rd International Symposium on Mathematical Foundations of Computer Science (MFCS 2018)},
  year={2018},
  organization={Schloss Dagstuhl-Leibniz-Zentrum fuer Informatik}
}

@article{bodlaender2019exploring,
  title={On exploring always-connected temporal graphs of small pathwidth},
  author={Bodlaender, H. L. and van der Zanden, T. C.},
  journal={Information Processing Letters},
  volume={142},
  pages={68--71},
  year={2019},
  publisher={Elsevier}
}
@misc{gurobi,
  author = {{Gurobi Optimization, LLC}},
  title = {{Gurobi Optimizer Reference Manual}},
  year = 2024,
  url = "https://www.gurobi.com"
}
@article{erlebach2022exploration,
  title={Exploration of k-edge-deficient temporal graphs},
  author={Erlebach, T. and Spooner, J. T.},
  journal={Acta Informatica},
  volume={59},
  number={4},
  pages={387--407},
  year={2022},
  publisher={Springer}
}

@phdthesis{taghian2020exploring,
  title={Exploring temporal cycles and grids},
  author={Taghian Alamouti, S.},
  year={2020},
  school={Concordia University}
}
@InProceedings{ourPreviousPaper,
author="Adamson, Duncan
and Flaherty, Nathan
and Potapov, Igor
and Spirakis, Paul G.",
editor="Bramas, Quentin
and Casteigts, Arnaud
and Meeks, Kitty",
title="Collision-Free Robot Scheduling",
booktitle="Algorithmics of Wireless Networks",
year="2025",
publisher="Springer Nature Switzerland",
address="Cham",
pages="1--15",
isbn="978-3-031-74580-5"
}


@misc{adamson2024collisionfreerobotscheduling,
      title={Collision-Free Robot Scheduling}, 
      author={D. Adamson and N. Flaherty and I. Potapov and P. G. Spirakis},
      year={2024},
      eprint={2402.12019},
      archivePrefix={arXiv},
      primaryClass={cs.DS},
      url={https://arxiv.org/abs/2402.12019}, 
}