@inproceedings{antol2015,
  title={VQA: Visual Question Answering},
  author={Antol, Stanislaw and Agrawal, Aishwarya and Lu, Jiasen and Mitchell, Margaret and Batra, Dhruv and Zitnick, C Lawrence and Parikh, Devi},
  booktitle={Proceedings of the IEEE International Conference on Computer Vision},
  pages={2425--2433},
  year={2015},
  doi={10.1109/ICCV.2015.279}
}

@inproceedings{goyal2017,
  title={Making the V in VQA Matter: Elevating the Role of Image Understanding in Visual Question Answering},
  author={Goyal, Yash and Khot, Tejas and Summers-Stay, Douglas and Batra, Dhruv and Parikh, Devi},
  booktitle={Proceedings of the IEEE Conference on Computer Vision and Pattern Recognition},
  pages={6904--6913},
  year={2017},
  doi = {10.1109/CVPR.2017.670}  
}

@inproceedings{johnson2017,
  title={CLEVR: A Diagnostic Dataset for Compositional Language and Elementary Visual Reasoning},
  author={Johnson, Justin and Hariharan, Bharath and Van Der Maaten, Laurens and Fei-Fei, Li and Lawrence Zitnick, C and Girshick, Ross},
  booktitle={Proceedings of the IEEE Conference on Computer Vision and Pattern Recognition},
  pages={2901--2910},
  year={2017},
  doi={10.1109/CVPR.2017.215}
}

@inproceedings{kafle2017,
  title={An Analysis of Visual Question Answering Algorithms},
  author={Kafle, Kushal and Kanan, Christopher},
  booktitle={Proceedings of the IEEE International Conference on Computer Vision},
  pages={1965--1973},
  year={2017},
  doi={10.1109/ICCV.2017.217}
}

@article{krishna2017,
  title={Visual Genome: Connecting Language and Vision Using Crowdsourced Dense Image Annotations},
  author={Krishna, Ranjay and Zhu, Yuke and Groth, Oliver and Johnson, Justin and Hata, Kenji and Kravitz, Joshua and Chen, Stephanie and Kalantidis, Yannis and Li, Li-Jia and Shamma, David A and others},
  journal={International Journal of Computer Vision},
  volume={123},
  pages={32--73},
  year={2017},
  publisher={Springer},
  doi={10.1007/s11263-016-0981-7}
}

@article{ren2015,
  title={Exploring Models and Data for Image Question Answering},
  author={Ren, Mengye and Kiros, Ryan and Zemel, Richard},
  journal={Advances in Neural Information Processing Systems},
  volume={28},
  year={2015},
  
}

@inproceedings{zhu2016,
  title={Visual7W: Grounded Question Answering in Images},
  author={Zhu, Yuke and Groth, Oliver and Bernstein, Michael and Fei-Fei, Li},
  booktitle={Proceedings of the IEEE Conference on Computer Vision and Pattern Recognition},
  pages={4995--5004},
  year={2016},
  doi={10.1109/CVPR.2016.540}
}

