@article{ahmed2023comparative,
  title={A Comparative Analysis on Recent Methods for Addressing Imbalance Classification},
  author={Ahmed, Zahid and Das, Sufal},
  journal={SN Computer Science},
  volume={5},
  number={1},
  pages={30},
  year={2023},
  publisher={Springer}
}

@inproceedings{ando2017deep,
  title={Deep over-sampling framework for classifying imbalanced data},
  author={Ando, Shin and Huang, Chun Yuan},
  booktitle={Machine Learning and Knowledge Discovery in Databases: European Conference, ECML PKDD 2017, Skopje, Macedonia, September 18--22, 2017, Proceedings, Part I 10},
  pages={770--785},
  year={2017},
  organization={Springer}
}

@article{chawla2002smote,
  title={SMOTE: synthetic minority over-sampling technique},
  author={Chawla, Nitesh V and Bowyer, Kevin W and Hall, Lawrence O and Kegelmeyer, W Philip},
  journal={Journal of artificial intelligence research},
  volume={16},
  pages={321--357},
  year={2002}
}

@article{dablain2022deepsmote,
  title={DeepSMOTE: Fusing deep learning and SMOTE for imbalanced data},
  author={Dablain, Damien and Krawczyk, Bartosz and Chawla, Nitesh V},
  journal={IEEE Transactions on Neural Networks and Learning Systems},
  year={2022},
  publisher={IEEE}
}

@inproceedings{devi2020review,
  title={A review on solution to class imbalance problem: Undersampling approaches},
  author={Devi, Debashree and Biswas, Saroj K and Purkayastha, Biswajit},
  booktitle={2020 international conference on computational performance evaluation (ComPE)},
  pages={626--631},
  year={2020},
  organization={IEEE}
}

@article{engelmann2021conditional,
  title={Conditional Wasserstein GAN-based oversampling of tabular data for imbalanced learning},
  author={Engelmann, Justin and Lessmann, Stefan},
  journal={Expert Systems with Applications},
  volume={174},
  pages={114582},
  year={2021},
  publisher={Elsevier}
}

@article{fernandez2018algorithm,
  title={Algorithm-level approaches},
  author={Fern{\'a}ndez, Alberto and Garc{\'\i}a, Salvador and Galar, Mikel and Prati, Ronaldo C and Krawczyk, Bartosz and Herrera, Francisco and Fern{\'a}ndez, Alberto and Garc{\'\i}a, Salvador and Galar, Mikel and Prati, Ronaldo C and others},
  journal={Learning from Imbalanced Data Sets},
  pages={123--146},
  year={2018},
  publisher={Springer}
}

@inproceedings{gosain2017handling,
  title={Handling class imbalance problem using oversampling techniques: A review},
  author={Gosain, Anjana and Sardana, Saanchi},
  booktitle={2017 international conference on advances in computing, communications and informatics (ICACCI)},
  pages={79--85},
  year={2017},
  organization={IEEE}
}

@inproceedings{han2005borderline,
  title={Borderline-SMOTE: a new over-sampling method in imbalanced data sets learning},
  author={Han, Hui and Wang, Wen-Yuan and Mao, Bing-Huan},
  booktitle={International conference on intelligent computing},
  pages={878--887},
  year={2005},
  organization={Springer}
}

@inproceedings{he2008adasyn,
  title={ADASYN: Adaptive synthetic sampling approach for imbalanced learning},
  author={He, Haibo and Bai, Yang and Garcia, Edwardo A and Li, Shutao},
  booktitle={2008 IEEE international joint conference on neural networks (IEEE world congress on computational intelligence)},
  pages={1322--1328},
  year={2008},
  organization={Ieee}
}

@inproceedings{karunasingha2023oc,
  title={Oc-smote-nn: A deep learning-based approach for imbalanced classification},
  author={Karunasingha, Navodika and Jayasekara, Buddhi G and Hevapathige, Asela},
  booktitle={2023 IEEE 13th Annual Computing and Communication Workshop and Conference (CCWC)},
  pages={0943--0948},
  year={2023},
  organization={IEEE}
}

@incollection{kruse2022multi,
  title={Multi-layer perceptrons},
  author={Kruse, Rudolf and Mostaghim, Sanaz and Borgelt, Christian and Braune, Christian and Steinbrecher, Matthias},
  booktitle={Computational intelligence: a methodological introduction},
  pages={53--124},
  year={2022},
  publisher={Springer}
}

@article{last2017kmeanssmote,
    title = {Oversampling for Imbalanced Learning Based on K-Means and SMOTE},
    author = {Last, Felix and Douzas, Georgios and Bacao, Fernando},
    year = {2017},
    archivePrefix = "arXiv",
    eprint = "1711.00837",
    primaryClass = "cs.LG"
}

@article{ling2008cost,
  title={Cost-sensitive learning and the class imbalance problem},
  author={Ling, Charles X and Sheng, Victor S},
  journal={Encyclopedia of machine learning},
  volume={2011},
  pages={231--235},
  year={2008},
  publisher={Springer Berlin, Germany}
}

@inproceedings{mullick2019generative,
  title={Generative adversarial minority oversampling},
  author={Mullick, Sankha Subhra and Datta, Shounak and Das, Swagatam},
  booktitle={Proceedings of the IEEE/CVF international conference on computer vision},
  pages={1695--1704},
  year={2019}
}

@article{murtagh1991multilayer,
  title={Multilayer perceptrons for classification and regression},
  author={Murtagh, Fionn},
  journal={Neurocomputing},
  volume={2},
  number={5-6},
  pages={183--197},
  year={1991},
  publisher={Elsevier}
}

@inproceedings{sharma2022review,
  title={A review of the oversampling techniques in class imbalance problem},
  author={Sharma, Shweta and Gosain, Anjana and Jain, Shreya},
  booktitle={International Conference on Innovative Computing and Communications: Proceedings of ICICC 2021, Volume 1},
  pages={459--472},
  year={2022},
  organization={Springer}
}

@article{sowah2021hcbst,
  title={HCBST: An efficient hybrid sampling technique for class imbalance problems},
  author={Sowah, Robert A and Kuditchar, Bernard and Mills, Godfrey A and Acakpovi, Amevi and Twum, Raphael A and Buah, Gifty and Agboyi, Robert},
  journal={ACM Transactions on Knowledge Discovery from Data (TKDD)},
  volume={16},
  number={3},
  pages={1--37},
  year={2021},
  publisher={ACM New York, NY}
}

@article{tang2008svms,
  title={SVMs modeling for highly imbalanced classification},
  author={Tang, Yuchun and Zhang, Yan-Qing and Chawla, Nitesh V and Krasser, Sven},
  journal={IEEE Transactions on Systems, Man, and Cybernetics, Part B (Cybernetics)},
  volume={39},
  number={1},
  pages={281--288},
  year={2008},
  publisher={IEEE}
}

@article{troullinou2023generative,
  title={A generative neighborhood-based deep autoencoder for robust imbalanced classification},
  author={Troullinou, Eirini and Tsagkatakis, Grigorios and Losonczy, Attila and Poirazi, Panayiota and Tsakalides, Panagiotis},
  journal={IEEE transactions on artificial intelligence},
  volume={5},
  number={1},
  pages={80--91},
  year={2023},
  publisher={IEEE}
}

@inproceedings{tyagi2020sampling,
  title={Sampling approaches for imbalanced data classification problem in machine learning},
  author={Tyagi, Shivani and Mittal, Sangeeta},
  booktitle={Proceedings of ICRIC 2019: Recent innovations in computing},
  pages={209--221},
  year={2020},
  organization={Springer}
}

