@inproceedings{velayuthan2023revisiting,
  title={Revisiting Class Imbalance: A Generalized Notion for Oversampling},
  author={Velayuthan, Purushoth and Karunasingha, Navodika and Nagahawaththa, Hasalanka and Jayasekara, Buddhi G and Hevapathige, Asela},
  booktitle={International Advanced Computing Conference},
  pages={476--489},
  year={2023},
  organization={Springer}
}

@incollection{kruse2022multi,
  title={Multi-layer perceptrons},
  author={Kruse, Rudolf and Mostaghim, Sanaz and Borgelt, Christian and Braune, Christian and Steinbrecher, Matthias},
  booktitle={Computational intelligence: a methodological introduction},
  pages={53--124},
  year={2022},
  publisher={Springer}
}

@article{pinkus1999approximation,
  title={Approximation theory of the MLP model in neural networks},
  author={Pinkus, Allan},
  journal={Acta numerica},
  volume={8},
  pages={143--195},
  year={1999},
  publisher={Cambridge University Press}
}

@article{jang2017categorical,
  title={CATEGORICAL REPARAMETERIZATION WITH GUMBEL-SOFTMAX},
  author={Jang, Eric and Gu, Shixiang and Poole, Ben},
  journal={stat},
  volume={1050},
  pages={5},
  year={2017}
}

@article{chahkoutahi2024influence,
  title={Influence of cost/loss functions on classification rate: A comparative study across diverse classifiers and domains},
  author={Chahkoutahi, Fatemeh and Khashei, Mehdi},
  journal={Engineering Applications of Artificial Intelligence},
  volume={128},
  pages={107415},
  year={2024},
  publisher={Elsevier}
}

@article{johnson2019survey,
  title={Survey on deep learning with class imbalance},
  author={Johnson, Justin M and Khoshgoftaar, Taghi M},
  journal={Journal of Big Data},
  volume={6},
  number={1},
  pages={1--54},
  year={2019},
  publisher={Springer}
}

@inproceedings{guo2008class,
  title={On the class imbalance problem},
  author={Guo, Xinjian and Yin, Yilong and Dong, Cailing and Yang, Gongping and Zhou, Guangtong},
  booktitle={2008 Fourth international conference on natural computation},
  volume={4},
  pages={192--201},
  year={2008},
  organization={IEEE}
}

@inproceedings{cieslak2006combating,
  title={Combating imbalance in network intrusion datasets.},
  author={Cieslak, David A and Chawla, Nitesh V and Striegel, Aaron},
  booktitle={GrC},
  pages={732--737},
  year={2006}
}

@article{japkowicz2002class,
  title={The class imbalance problem: A systematic study},
  author={Japkowicz, Nathalie and Stephen, Shaju},
  journal={Intelligent data analysis},
  volume={6},
  number={5},
  pages={429--449},
  year={2002},
  publisher={IOS Press}
}

@article{al2021financial,
  title={Financial fraud detection applying data mining techniques: A comprehensive review from 2009 to 2019},
  author={Al-Hashedi, Khaled Gubran and Magalingam, Pritheega},
  journal={Computer Science Review},
  volume={40},
  pages={100402},
  year={2021},
  publisher={Elsevier}
}

@article{khushi2021comparative,
  title={A comparative performance analysis of data resampling methods on imbalance medical data},
  author={Khushi, Matloob and Shaukat, Kamran and Alam, Talha Mahboob and Hameed, Ibrahim A and Uddin, Shahadat and Luo, Suhuai and Yang, Xiaoyan and Reyes, Maranatha Consuelo},
  journal={IEEE Access},
  volume={9},
  pages={109960--109975},
  year={2021},
  publisher={IEEE}
}

@article{chawla2002smote,
  title={SMOTE: synthetic minority over-sampling technique},
  author={Chawla, Nitesh V and Bowyer, Kevin W and Hall, Lawrence O and Kegelmeyer, W Philip},
  journal={Journal of artificial intelligence research},
  volume={16},
  pages={321--357},
  year={2002}
}

@article{tang2008svms,
  title={SVMs modeling for highly imbalanced classification},
  author={Tang, Yuchun and Zhang, Yan-Qing and Chawla, Nitesh V and Krasser, Sven},
  journal={IEEE Transactions on Systems, Man, and Cybernetics, Part B (Cybernetics)},
  volume={39},
  number={1},
  pages={281--288},
  year={2008},
  publisher={IEEE}
}

@inproceedings{han2005borderline,
  title={Borderline-SMOTE: a new over-sampling method in imbalanced data sets learning},
  author={Han, Hui and Wang, Wen-Yuan and Mao, Bing-Huan},
  booktitle={International conference on intelligent computing},
  pages={878--887},
  year={2005},
  organization={Springer}
}

@inproceedings{he2008adasyn,
  title={ADASYN: Adaptive synthetic sampling approach for imbalanced learning},
  author={He, Haibo and Bai, Yang and Garcia, Edwardo A and Li, Shutao},
  booktitle={2008 IEEE international joint conference on neural networks (IEEE world congress on computational intelligence)},
  pages={1322--1328},
  year={2008},
  organization={Ieee}
}

@article{douzas2018improving,
  title={Improving imbalanced learning through a heuristic oversampling method based on k-means and SMOTE},
  author={Douzas, Georgios and Bacao, Fernando and Last, Felix},
  journal={Information sciences},
  volume={465},
  pages={1--20},
  year={2018},
  publisher={Elsevier}
}

@article{dablain2022deepsmote,
  title={DeepSMOTE: Fusing deep learning and SMOTE for imbalanced data},
  author={Dablain, Damien and Krawczyk, Bartosz and Chawla, Nitesh V},
  journal={IEEE Transactions on Neural Networks and Learning Systems},
  year={2022},
  publisher={IEEE}
}

@inproceedings{karunasingha2023oc,
  title={Oc-smote-nn: A deep learning-based approach for imbalanced classification},
  author={Karunasingha, Navodika and Jayasekara, Buddhi G and Hevapathige, Asela},
  booktitle={2023 IEEE 13th Annual Computing and Communication Workshop and Conference (CCWC)},
  pages={0943--0948},
  year={2023},
  organization={IEEE}
}

@inproceedings{ando2017deep,
  title={Deep over-sampling framework for classifying imbalanced data},
  author={Ando, Shin and Huang, Chun Yuan},
  booktitle={Machine Learning and Knowledge Discovery in Databases: European Conference, ECML PKDD 2017, Skopje, Macedonia, September 18--22, 2017, Proceedings, Part I 10},
  pages={770--785},
  year={2017},
  organization={Springer}
}

@article{marques2013suitability,
  title={On the suitability of resampling techniques for the class imbalance problem in credit scoring},
  author={Marqu{\'e}s, Ana Isabel and Garc{\'\i}a, Vicente and S{\'a}nchez, Jos{\'e} Salvador},
  journal={Journal of the Operational Research Society},
  volume={64},
  pages={1060--1070},
  year={2013},
  publisher={Springer}
}

@inproceedings{sharma2022review,
  title={A review of the oversampling techniques in class imbalance problem},
  author={Sharma, Shweta and Gosain, Anjana and Jain, Shreya},
  booktitle={International Conference on Innovative Computing and Communications: Proceedings of ICICC 2021, Volume 1},
  pages={459--472},
  year={2022},
  organization={Springer}
}

@article{sowah2021hcbst,
  title={HCBST: An efficient hybrid sampling technique for class imbalance problems},
  author={Sowah, Robert A and Kuditchar, Bernard and Mills, Godfrey A and Acakpovi, Amevi and Twum, Raphael A and Buah, Gifty and Agboyi, Robert},
  journal={ACM Transactions on Knowledge Discovery from Data (TKDD)},
  volume={16},
  number={3},
  pages={1--37},
  year={2021},
  publisher={ACM New York, NY}
}

@inproceedings{tyagi2020sampling,
  title={Sampling approaches for imbalanced data classification problem in machine learning},
  author={Tyagi, Shivani and Mittal, Sangeeta},
  booktitle={Proceedings of ICRIC 2019: Recent innovations in computing},
  pages={209--221},
  year={2020},
  organization={Springer}
}

@article{fernandez2018algorithm,
  title={Algorithm-level approaches},
  author={Fern{\'a}ndez, Alberto and Garc{\'\i}a, Salvador and Galar, Mikel and Prati, Ronaldo C and Krawczyk, Bartosz and Herrera, Francisco and Fern{\'a}ndez, Alberto and Garc{\'\i}a, Salvador and Galar, Mikel and Prati, Ronaldo C and others},
  journal={Learning from Imbalanced Data Sets},
  pages={123--146},
  year={2018},
  publisher={Springer}
}

@article{ahmed2023comparative,
  title={A Comparative Analysis on Recent Methods for Addressing Imbalance Classification},
  author={Ahmed, Zahid and Das, Sufal},
  journal={SN Computer Science},
  volume={5},
  number={1},
  pages={30},
  year={2023},
  publisher={Springer}
}

@inproceedings{devi2020review,
  title={A review on solution to class imbalance problem: Undersampling approaches},
  author={Devi, Debashree and Biswas, Saroj K and Purkayastha, Biswajit},
  booktitle={2020 international conference on computational performance evaluation (ComPE)},
  pages={626--631},
  year={2020},
  organization={IEEE}
}

@inproceedings{gosain2017handling,
  title={Handling class imbalance problem using oversampling techniques: A review},
  author={Gosain, Anjana and Sardana, Saanchi},
  booktitle={2017 international conference on advances in computing, communications and informatics (ICACCI)},
  pages={79--85},
  year={2017},
  organization={IEEE}
}

@article{ling2008cost,
  title={Cost-sensitive learning and the class imbalance problem},
  author={Ling, Charles X and Sheng, Victor S},
  journal={Encyclopedia of machine learning},
  volume={2011},
  pages={231--235},
  year={2008},
  publisher={Springer Berlin, Germany}
}

@article{last2017kmeanssmote,
    title = {Oversampling for Imbalanced Learning Based on K-Means and SMOTE},
    author = {Last, Felix and Douzas, Georgios and Bacao, Fernando},
    year = {2017},
    archivePrefix = "arXiv",
    eprint = "1711.00837",
    primaryClass = "cs.LG"
}

@inproceedings{mullick2019generative,
  title={Generative adversarial minority oversampling},
  author={Mullick, Sankha Subhra and Datta, Shounak and Das, Swagatam},
  booktitle={Proceedings of the IEEE/CVF international conference on computer vision},
  pages={1695--1704},
  year={2019}
}

@article{engelmann2021conditional,
  title={Conditional Wasserstein GAN-based oversampling of tabular data for imbalanced learning},
  author={Engelmann, Justin and Lessmann, Stefan},
  journal={Expert Systems with Applications},
  volume={174},
  pages={114582},
  year={2021},
  publisher={Elsevier}
}

@article{troullinou2023generative,
  title={A generative neighborhood-based deep autoencoder for robust imbalanced classification},
  author={Troullinou, Eirini and Tsagkatakis, Grigorios and Losonczy, Attila and Poirazi, Panayiota and Tsakalides, Panagiotis},
  journal={IEEE transactions on artificial intelligence},
  volume={5},
  number={1},
  pages={80--91},
  year={2023},
  publisher={IEEE}
}

@article{hornik1989multilayer,
  title={Multilayer feedforward networks are universal approximators},
  author={Hornik, Kurt and Stinchcombe, Maxwell and White, Halbert},
  journal={Neural networks},
  volume={2},
  number={5},
  pages={359--366},
  year={1989},
  publisher={Elsevier}
}

@article{hornik1991approximation,
  title={Approximation capabilities of multilayer feedforward networks},
  author={Hornik, Kurt},
  journal={Neural networks},
  volume={4},
  number={2},
  pages={251--257},
  year={1991},
  publisher={Elsevier}
}

@article{abu1989vapnik,
  title={The Vapnik-Chervonenkis dimension: Information versus complexity in learning},
  author={Abu-Mostafa, Yaser S},
  journal={Neural Computation},
  volume={1},
  number={3},
  pages={312--317},
  year={1989},
  publisher={MIT Press One Rogers Street, Cambridge, MA 02142-1209, USA journals-info~…}
}

@inproceedings{wardhani2019cross,
  title={Cross-validation metrics for evaluating classification performance on imbalanced data},
  author={Wardhani, Ni Wayan Surya and Rochayani, Masithoh Yessi and Iriany, Atiek and Sulistyono, Agus Dwi and Lestantyo, Prayudi},
  booktitle={2019 international conference on computer, control, informatics and its applications (IC3INA)},
  pages={14--18},
  year={2019},
  organization={IEEE}
}

@article{bisong2019introduction,
  title={Introduction to Scikit-learn},
  author={Bisong, Ekaba and Bisong, Ekaba},
  journal={Building machine learning and deep learning models on google cloud platform: a comprehensive guide for beginners},
  pages={215--229},
  year={2019},
  publisher={Springer}
}

@article{imambi2021pytorch,
  title={PyTorch},
  author={Imambi, Sagar and Prakash, Kolla Bhanu and Kanagachidambaresan, GR},
  journal={Programming with TensorFlow: Solution for Edge Computing Applications},
  pages={87--104},
  year={2021},
  publisher={Springer}
}

@article{mckinney2015pandas,
  title={Pandas-Powerful python data analysis toolkit},
  author={McKinney, Wes and Team, PD},
  journal={Pandas—Powerful Python Data Analysis Toolkit},
  volume={1625},
  year={2015}
}

@article{bressert2012scipy,
  title={SciPy and NumPy: an overview for developers},
  author={Bressert, Eli},
  year={2012},
  publisher={" O'Reilly Media, Inc."}
}

@inproceedings{kingma2014adam,
  title={Adam: a method for stochastic optimization},
  author={Kingma, DP},
  booktitle={Int Conf Learn Represent},
  year={2014}
}

@inproceedings{smith1988using,
  title={Using the ADAP learning algorithm to forecast the onset of diabetes mellitus},
  author={Smith, Jack W and Everhart, James E and Dickson, WC and Knowler, William C and Johannes, Robert Scott},
  booktitle={Proceedings of the annual symposium on computer application in medical care},
  pages={261},
  year={1988},
  organization={American Medical Informatics Association}
}

@article{fernandez2008study,
  title={A study of the behaviour of linguistic fuzzy rule based classification systems in the framework of imbalanced data-sets},
  author={Fern{\'a}ndez, Alberto and Garc{\'\i}a, Salvador and del Jesus, Mar{\'\i}a Jos{\'e} and Herrera, Francisco},
  journal={Fuzzy Sets and Systems},
  volume={159},
  number={18},
  pages={2378--2398},
  year={2008},
  publisher={Elsevier}
}

@inproceedings{dong2011new,
  title={A new over-sampling approach: random-SMOTE for learning from imbalanced data sets},
  author={Dong, Yanjie and Wang, Xuehua},
  booktitle={Knowledge Science, Engineering and Management: 5th International Conference, KSEM 2011, Irvine, CA, USA, December 12-14, 2011. Proceedings 5},
  pages={343--352},
  year={2011},
  organization={Springer}
}

@inproceedings{street1993nuclear,
  title={Nuclear feature extraction for breast tumor diagnosis},
  author={Street, W Nick and Wolberg, William H and Mangasarian, Olvi L},
  booktitle={Biomedical image processing and biomedical visualization},
  volume={1905},
  pages={861--870},
  year={1993},
  organization={SPIE}
}

@inproceedings{pang2019deep,
  title={Deep anomaly detection with deviation networks},
  author={Pang, Guansong and Shen, Chunhua and Van Den Hengel, Anton},
  booktitle={Proceedings of the 25th ACM SIGKDD international conference on knowledge discovery \& data mining},
  pages={353--362},
  year={2019}
}

@inproceedings{menzies2004assessing,
  title={Assessing predictors of software defects},
  author={Menzies, Tim and DiStefano, Justin and Orrego, Andres and Chapman, Robert},
  booktitle={Proc. Workshop Predictive Software Models},
  pages={1--11},
  year={2004}
}

@article{read2011classifier,
  title={Classifier chains for multi-label classification},
  author={Read, Jesse and Pfahringer, Bernhard and Holmes, Geoff and Frank, Eibe},
  journal={Machine learning},
  volume={85},
  pages={333--359},
  year={2011},
  publisher={Springer}
}

@inproceedings{das2018sparse,
  title={Sparse kernel PCA for outlier detection},
  author={Das, Rudrajit and Golatkar, Aditya and Awate, Suyash P},
  booktitle={2018 17th IEEE International Conference on Machine Learning and Applications (ICMLA)},
  pages={152--157},
  year={2018},
  organization={IEEE}
}

@inproceedings{van2007python,
  title={Python programming language.},
  author={Van Rossum, Guido and others},
  booktitle={USENIX annual technical conference},
  volume={41},
  number={1},
  pages={1--36},
  year={2007},
  organization={Santa Clara, CA}
}

@article{murtagh1991multilayer,
  title={Multilayer perceptrons for classification and regression},
  author={Murtagh, Fionn},
  journal={Neurocomputing},
  volume={2},
  number={5-6},
  pages={183--197},
  year={1991},
  publisher={Elsevier}
}