@inproceedings{allamanis2018learning,
title={Learning to Represent Programs with Graphs},
author={Miltiadis Allamanis and Marc Brockschmidt and Mahmoud Khademi},
booktitle={International Conference on Learning Representations (ICLR)},
year={2018}
}

@article{bader2019getafix,
  title={Getafix: Learning to Fix Bugs Automatically},
  author={Bader, Johannes and Scott, Andrew and Pradel, Michael and Chandra, Satish},
  journal={Proceedings of the ACM on Programming Languages},
  volume={3},
  number={OOPSLA},
  pages={1--27},
  year={2019},
  publisher={ACM New York, NY, USA}
}

@inproceedings{caitlin2015tricorder,
title	= {Tricorder: Building a Program Analysis Ecosystem},
author	= {Caitlin Sadowski and Jeffrey van Gogh and Ciera Jaspan and Emma Soederberg and Collin Winter},
year	= {2015},
booktitle	= {International Conference on Software Engineering (ICSE)}
}

@inproceedings{chernis2018machine,
  title={Machine Learning Methods for Software Vulnerability Detection},
  author={Chernis, Boris and Verma, Rakesh},
  journal={Proceedings of the Fourth ACM International Workshop on Security and Privacy Analytics},
  pages={31--39},
  year={2018}
}

@article{chowdhury2011using,
  title={Using Complexity, Coupling, and Cohesion Metrics as Early Indicators of Vulnerabilities},
  author={Chowdhury, Istehad and Zulkernine, Mohammad},
  journal={Journal of Systems Architecture},
  volume={57},
  number={3},
  pages={294--313},
  year={2011},
  publisher={Elsevier}
}

@article{deepwukong,
  title={Deepwukong: Statically Detecting Software Vulnerabilities Using Deep Graph Neural Network},
  author={Cheng, Xiao and others},
  journal={ACM Transactions on Software Engineering and Methodology (TOSEM)},
  volume={30},
  number={3},
  pages={1--33},
  year={2021},
  publisher={ACM New York, NY, USA}
}

@article{devign,
  title={Devign: Effective Vulnerability Identification by Learning Comprehensive Program Semantics via Graph Neural Networks},
  author={Zhou, Yaqin and Liu, Shangqing and Siow, Jingkai and Du, Xiaoning and Liu, Yang},
  journal={Proceedings of the Advances in Neural Information Processing Systems},
  volume={32},
  year={2019}
}

@article{engler2001bugs,
  title={Bugs as Deviant Behavior: A General Approach to Inferring Errors in Systems Code},
  author={Engler, Dawson and Chen, David Yu and Hallem, Seth and Chou, Andy and Chelf, Benjamin},
  journal={ACM SIGOPS Operating Systems Review},
  volume={35},
  number={5},
  pages={57--72},
  year={2001},
  publisher={ACM New York, NY, USA}
}

@inproceedings{ferschke2012flawfinder,
  title={FlawFinder: A Modular System for Predicting Quality Flaws in Wikipedia},
  author={Ferschke, Oliver and Gurevych, Iryna and Rittberger, Marc},
  booktitle={CLEF (Online Working Notes/Labs/Workshop)},
  pages={1--10},
  year={2012}
}

@article{funded,
  title={Combining Graph-based Learning with Automated Data Collection for Code Vulnerability Detection},
  author={Wang, Huanting and Ye, Guixin and Tang, Zhanyong and Tan, Shin Hwei and Huang, Songfang and Fang, Dingyi and Feng, Yansong and Bian, Lizhong and Wang, Zheng},
  journal={IEEE Transactions on Information Forensics and Security},
  volume={16},
  pages={1943--1958},
  year={2020},
  publisher={IEEE}
}

@article{kipf2016semi,
  title={Semi-supervised classification with graph convolutional networks},
  author={Kipf, Thomas N and Welling, Max},
  journal={arXiv preprint arXiv:1609.02907},
  year={2016}
}

@article{kremenek2008finding,
  title={Finding Software Bugs with the Clang Static Analyzer},
  author={Kremenek, Ted},
  journal={Apple Inc},
  pages={2008--08},
  year={2008}
}

@article{li2015gated,
  title={Gated Graph Sequence Neural Networks},
  author={Li, Yujia and Tarlow, Daniel and Brockschmidt, Marc and Zemel, Richard},
  journal={arXiv preprint arXiv:1511.05493},
  year={2015}
}

@article{li2018vuldeepecker,
  title={Vuldeepecker: A Deep Learning-based System for Vulnerability Detection},
  author={Li, Zhen and Zou, Deqing and Xu, Shouhuai and Ou, Xinyu and Jin, Hai and Wang, Sujuan and Deng, Zhijun and Zhong, Yuyi},
  journal={arXiv preprint arXiv:1801.01681},
  year={2018}
}

@article{lin,
  title={Software Vulnerability Discovery via Learning Multi-domain Knowledge Bases},
  author={Lin, Guanjun and Zhang, Jun and Luo, Wei and Pan, Lei and De Vel, Olivier and Montague, Paul and Xiang, Yang},
  journal={IEEE Transactions on Dependable and Secure Computing},
  volume={18},
  number={5},
  pages={2469--2485},
  year={2019},
  publisher={IEEE}
}

@article{pradel2018deepbugs,
  title={Deepbugs: A Learning Approach to Name-based Bug Detection},
  author={Pradel, Michael and Sen, Koushik},
  journal={Proceedings of the ACM on Programming Languages},
  volume={2},
  number={OOPSLA},
  pages={1--25},
  year={2018},
  publisher={ACM New York, NY, USA}
}

@article{shin2010evaluating,
  title={Evaluating Complexity, Code Churn, and Developer Activity Metrics as Indicators of Software Vulnerabilities},
  author={Shin, Yonghee and Meneely, Andrew and Williams, Laurie and Osborne, Jason A},
  journal={IEEE Transactions on Software Engineering},
  volume={37},
  number={6},
  pages={772--787},
  year={2010},
  publisher={IEEE}
}

@inproceedings{viega2001static,
  title={A Static Vulnerability Scanner for C and C++ Code},
  author={Viega, John and Bloch, JT and Kohno, Yoshi and McGraw, Gary},
  booktitle={Proceedings of the 16th Annual Computer Security Applications Conference},
  pages={257--269},
  year={2001}
}

@article{wang2022survey,
  title={A Survey on Heterogeneous Graph Embedding: Methods, Techniques, Applications and Sources},
  author={Wang, Xiao and Bo, Deyu and Shi, Chuan and Fan, Shaohua and Ye, Yanfang and Philip, S Yu},
  journal={IEEE Transactions on Big Data},
  year={2022},
  publisher={IEEE}
}

@article{zhang2021gps,
  title={GPS: A Policy-driven Sampling Approach for Graph Representation Learning},
  author={Zhang, Tiehua and Liu, Yuze and Chen, Xin and Huang, Xiaowei and Zhu, Feng and Zheng, Xi},
  journal={arXiv preprint arXiv:2112.14482},
  year={2021}
}

@article{zou2019mu,
  title={$\mu$VulDeePecker: A Deep Learning-Based System for Multiclass Vulnerability Detection},
  author={Zou, Deqing and Wang, Sujuan and Xu, Shouhuai and Li, Zhen and Jin, Hai},
  journal={IEEE Transactions on Dependable and Secure Computing},
  volume={18},
  number={5},
  pages={2224--2236},
  year={2019},
  publisher={IEEE}
}

