@inproceedings{AcT,
  author       = {Tony Z. Zhao and
                  Vikash Kumar and
                  Sergey Levine and
                  Chelsea Finn},
  title        = {{Learning Fine-Grained Bimanual Manipulation with Low-Cost Hardware}},
  booktitle    = {{Robotics: Science and Systems}},
  year         = {2023},
}

@inproceedings{ArrudaDexterous2016,
  author       = {Ermano Arruda and
                  Jeremy L. Wyatt and
                  Marek Sewer Kopicki},
  title        = {{Active vision for dexterous grasping of novel objects}},
  booktitle    = {{Proceedings of the IEEE/RSJ International Conference on Intelligent Robots and Systems}},
  pages        = {2881--2888},
  year         = {2016},
}

@inproceedings{BreyerNBV2022,
  author       = {Michel Breyer and
                  Lionel Ott and
                  Roland Siegwart and
                  Jen Jen Chung},
  title        = {{Closed-Loop Next-Best-View Planning for Target-Driven Grasping}},
  booktitle    = {{Proceedings of the IEEE/RSJ International Conference on Intelligent Robots and Systems}},
  pages        = {1411--1416},
  year         = {2022},
}

@inproceedings{ChiDP2023,
  author       = {Cheng Chi and
                  Siyuan Feng and
                  Yilun Du and
                  Zhenjia Xu and
                  Eric Cousineau and
                  Benjamin Burchfiel and
                  Shuran Song},
  title        = {{Diffusion Policy: Visuomotor Policy Learning via Action Diffusion}},
  booktitle    = {{Robotics: Science and Systems}},
  year         = {2023},
}

@article{DBLP:journals/corr/abs-2409-17435,
  author       = {Ian T. Chuang and
                  Andrew Lee and
                  Dechen Gao and
                  Iman Soltani},
  title        = {Active Vision Might Be All You Need: Exploring Active Vision in Bimanual
                  Robotic Manipulation},
  journal      = {CoRR},
  volume       = {abs/2409.17435},
  year         = {2024},
  url          = {https://doi.org/10.48550/arXiv.2409.17435},
  doi          = {10.48550/ARXIV.2409.17435},
  eprinttype    = {arXiv},
  eprint       = {2409.17435},
  timestamp    = {Fri, 18 Oct 2024 09:28:58 +0200},
  biburl       = {https://dblp.org/rec/journals/corr/abs-2409-17435.bib},
  bibsource    = {dblp computer science bibliography, https://dblp.org}
}

@inproceedings{DBLP:journals/cvm/ZengWZL20,
  author       = {Rui Zeng and
                  Yu{-}Hui Wen and
                  Wang Zhao and
                  Yong{-}Jin Liu},
  title        = {View planning in robot active vision: {A} survey of systems, algorithms,
                  and applications},
  journal      = {Comput. Vis. Media},
  volume       = {6},
  number       = {3},
  pages        = {225--245},
  year         = {2020},
  url          = {https://doi.org/10.1007/s41095-020-0179-3},
  doi          = {10.1007/S41095-020-0179-3},
  timestamp    = {Sun, 19 Jan 2025 14:42:51 +0100},
  biburl       = {https://dblp.org/rec/journals/cvm/ZengWZL20.bib},
  bibsource    = {dblp computer science bibliography, https://dblp.org}
}

@inproceedings{KhorArm2020,
  author       = {Mahdi Khoramshahi and
                  Gustav Henriks and
                  Aileen C. Naef and
                  Seyed Sina Mirrazavi Salehian and
                  Joonyoung Kim and
                  Aude Billard},
  title        = {{Arm-hand motion-force coordination for physical interactions with
                  non-flat surfaces using dynamical systems: Toward compliant robotic
                  massage}},
  booktitle    = {{IEEE International Conference on Robotics and Automation}},
  pages        = {4724--4730},
  year         = {2020},
}

@inproceedings{KramPass2018,
  author       = {Aljaz Kramberger and
                  Erfan Shahriari and
                  Andrej Gams and
                  Bojan Nemec and
                  Ales Ude and
                  Sami Haddadin},
  title        = {{Passivity Based Iterative Learning of Admittance-Coupled Dynamic Movement Primitives for Interaction with Changing Environments}},
  booktitle    = {{Proceedings of the IEEE/RSJ International Conference on Intelligent Robots and Systems}},
  pages        = {6023--6028},
  year         = {2018},
}

@inproceedings{NemecVMA2018,
  author       = {Bojan Nemec and
                  Kenichi Yasuda and
                  Nathanael Mullennix and
                  Nejc Likar and
                  Ales Ude},
  title        = {{Learning by Demonstration and Adaptation of Finishing Operations Using Virtual Mechanism Approach}},
  booktitle    = {{IEEE International Conference on Robotics and Automation}},
  pages        = {7219--7225},
  year         = {2018},
}

@inproceedings{ShangR2023,
  author       = {{Jinghuan Shang and
                  Michael S. Ryoo}},
  title        = {{ Reinforcement Learning under Limited Visual Observability}},
  booktitle    = {{Advances in Neural Information Processing Systems}},
  year         = {2023},
}

@inproceedings{VaswaniAttention2017,
  author       = {Ashish Vaswani and
                  Noam Shazeer and
                  Niki Parmar and
                  Jakob Uszkoreit and
                  Llion Jones and
                  Aidan N. Gomez and
                  Lukasz Kaiser and
                  Illia Polosukhin},
  title        = {{Attention is All you Need}},
  booktitle    = {{Advances in Neural Information Processing Systems}},
  pages        = {5998--6008},
  year         = {2017},
}

@article{WangOTA2024,
  title={{Observe Then Act: Asynchronous Active Vision-Action Model for Robotic Manipulation}},
  author={Wang, Guokang and Li, Hang and Zhang, Shuyuan and Liu, Yanhong and Liu, Huaping},
  journal={arXiv preprint arXiv:2409.14891},
  year={2024}
}

@inproceedings{Ze2024DP3,
	title={{3D Diffusion Policy: Generalizable Visuomotor Policy Learning via Simple 3D Representations}},
	author={Yanjie Ze and Gu Zhang and Kangning Zhang and Chenyuan Hu and Muhan Wang and Huazhe Xu},
	booktitle={{Robotics: Science and Systems}},
	year={2024}
}

@inproceedings{bharadhwaj2024roboagent,
  title={Roboagent: Generalization and efficiency in robot manipulation via semantic augmentations and action chunking},
  author={Bharadhwaj, Homanga and Vakil, Jay and Sharma, Mohit and Gupta, Abhinav and Tulsiani, Shubham and Kumar, Vikash},
  booktitle={2024 IEEE International Conference on Robotics and Automation (ICRA)},
  pages={4788--4795},
  year={2024},
  organization={IEEE}
}

@inproceedings{chen2011active,
  title={Active vision in robotic systems: A survey of recent developments},
  author={Chen, Shengyong and Li, Youfu and Kwok, Ngai Ming},
  journal={The International Journal of Robotics Research},
  volume={30},
  number={11},
  pages={1343--1377},
  year={2011},
  publisher={SAGE Publications Sage UK: London, England}
}

@inproceedings{chen2020transferable,
  title={Transferable active grasping and real embodied dataset},
  author={Chen, Xiangyu and Ye, Zelin and Sun, Jiankai and Fan, Yuda and Hu, Fang and Wang, Chenxi and Lu, Cewu},
  booktitle={2020 IEEE International Conference on Robotics and Automation (ICRA)},
  pages={3611--3618},
  year={2020},
  organization={IEEE}
}

@inproceedings{cheng2018reinforcement,
  title={Reinforcement learning of active vision for manipulating objects under occlusions},
  author={Cheng, Ricson and Agarwal, Arpit and Fragkiadaki, Katerina},
  booktitle={Conference on Robot Learning},
  pages={422--431},
  year={2018},
  organization={PMLR}
}

@article{haldar2024baku,
  title={BAKU: An Efficient Transformer for Multi-Task Policy Learning},
  author={Haldar, Siddhant and Peng, Zhuoran and Pinto, Lerrel},
  journal={arXiv preprint arXiv:2406.07539},
  year={2024}
}

@inproceedings{lv2023samrlsensingawaremodelbasedreinforcement,
      title={SAM-RL: Sensing-Aware Model-Based Reinforcement Learning via Differentiable Physics-Based Simulation and Rendering}, 
      author={Jun Lv and Yunhai Feng and Cheng Zhang and Shuang Zhao and Lin Shao and Cewu Lu},
      year={2023},
      eprint={2210.15185},
      archivePrefix={arXiv},
      primaryClass={cs.RO},
      url={https://arxiv.org/abs/2210.15185}, 
}

@inproceedings{ma2024hierarchical,
  title={Hierarchical Diffusion Policy for Kinematics-Aware Multi-Task Robotic Manipulation},
  author={Ma, Xiao and Patidar, Sumit and Haughton, Iain and James, Stephen},
  booktitle={Proceedings of the IEEE/CVF Conference on Computer Vision and Pattern Recognition},
  pages={18081--18090},
  year={2024}
}

@inproceedings{morrison2019multi,
  title={Multi-view picking: Next-best-view reaching for improved grasping in clutter},
  author={Morrison, Douglas and Corke, Peter and Leitner, J{\"u}rgen},
  booktitle={2019 International Conference on Robotics and Automation (ICRA)},
  pages={8762--8768},
  year={2019},
  organization={IEEE}
}

@inproceedings{rvt,
  title={Rvt: Robotic view transformer for 3d object manipulation},
  author={Goyal, Ankit and Xu, Jie and Guo, Yijie and Blukis, Valts and Chao, Yu-Wei and Fox, Dieter},
  booktitle={Conference on Robot Learning},
  pages={694--710},
  year={2023},
  organization={PMLR}
}

@article{rvt-2,
  title={RVT-2: Learning Precise Manipulation from Few Demonstrations},
  author={Goyal, Ankit and Blukis, Valts and Xu, Jie and Guo, Yijie and Chao, Yu-Wei and Fox, Dieter},
  journal={arXiv preprint arXiv:2406.08545},
  year={2024}
}

@article{zaky2020active,
  title={Active perception and representation for robotic manipulation},
  author={Zaky, Youssef and Paruthi, Gaurav and Tripp, Bryan and Bergstra, James},
  journal={arXiv preprint arXiv:2003.06734},
  year={2020}
}

@article{zhao2024aloha,
  title={Aloha unleashed: A simple recipe for robot dexterity},
  author={Zhao, Tony Z and Tompson, Jonathan and Driess, Danny and Florence, Pete and Ghasemipour, Kamyar and Finn, Chelsea and Wahid, Ayzaan},
  journal={arXiv preprint arXiv:2410.13126},
  year={2024}
}

