@String(TPAMI  = {IEEE TPAMI})
@String(IJCV  = {IJCV})
@String(CVPR  = {CVPR})
@String(ICCV  = {ICCV})
@String(ECCV  = {ECCV})
@String(NIPS  = {NeurIPS})
@String(ICPR  = {ICPR})
@String(MICCAI = {MICCAI})
@String(BMVC  =	{BMVC})
@String(TOG   = {ACM TOG})
@String(TIP   = {IEEE TIP})
@String(TVCG  = {IEEE TVCG})
@String(TCSVT = {IEEE TCSVT})
@String(TMM   =	{IEEE TMM})
@String(ACMMM = {ACM MM})
@String(ICME  =	{ICME})
@String(ICASSP=	{ICASSP})
@String(ICIP  = {ICIP})
@String(WACV = {WACV})
@String(ACCV  = {ACCV})
@String(ICLR  = {ICLR})
@String(ICML  = {ICML})
@String(IJCAI = {IJCAI})
@String(AISTATS = {AISTATS})
@String(PR    = {PR})
@String(AAAI  = {AAAI})
@String(DV3   = {DV3})
@String(CVPRW = {CVPRW})
@String(CSVT  = {IEEE TCSVT})
@String(ICRA  = {ICRA})
@String(IROS  = {IROS})
@String(CoRL  = {CoRL})
@String(ISSCC = {ISSCC})
@String(KDD = {KDD})
@String(TKDE = {TKDE})
@String(JMLR = {JMLR})
@String(TMLR = {TMLR})
@String(COLT = {COLT})
@String(ECAI = {ECAI})
@String(EMNLP = {EMNLP})
@String(EMNLPW = {EMNLPW})
@String(NIPSW = {NIPSW})
@String(NeurIPSW = {NeurIPSW})

@String(ISSCC = {IEEE International Solid-State Circuits Conference (ISSCC)})
@String(TPAMI = {{IEEE} Trans. Pattern Anal. Mach. Intell. (TPAMI)})
@String(IJCV = {Int. J. Comput. Vis. (IJCV)})
@String(OSDI = {USENIX Symp. Oper. Syst. Des. Implement. (OSDI)})
@String(CVPR= {IEEE/CVF Conf. Comput. Vis. Pattern Recog. (CVPR)})
@String(ICCV= {Int. Conf. Comput. Vis. (ICCV)})
@String(ECCV= {Eur. Conf. Comput. Vis. (ECCV)})
@String(ECAI = {Eur. Conf. Artif. Intell. (ECAI)})
@String(NIPS= {Adv. Neural Inform. Process. Syst. (NIPS)})
@String(NeurIPS= {Adv. Neural Inform. Process. Syst. (NeurIPS)})
@String(ICPR = {Int. Conf. Pattern Recog. (ICPR)})
@String(MICCAI = {Int. Conf. Medical Image Comput. Comput. Assist. Interv. (MICCAI)})
@String(BMVC= {Brit. Mach. Vis. Conf. (BMVC)})
@String(TOG= {ACM Trans. Graph.})
@String(TIP  = {IEEE Trans. Image Process. (TIP)})
@String(TVCG  = {IEEE Trans. Vis. Comput. Graph. (TVCG)})
@String(TMM  = {IEEE Trans. Multimedia (TMM)})
@String(ACMMM= {ACM Int. Conf. Multimedia (ACM MM)})
@String(ICME = {Int. Conf. Multimedia and Expo. (ICME)})
@String(ICASSP=	{Proc. IEEE Int. Conf. Acoust. Speech Signal Process. (ICASSP)})
@String(ICIP = {IEEE Int. Conf. Image Process. (ICIP)})
@String(WACV = {IEEE Winter Conf. Appl. Comput. Vis. (WACV)})
@String(ACCV  = {Asian Conf. Comput. Vis. (ACCV)})
@String(ICLR = {Int. Conf. Learn. Represent. (ICLR)})
@String(ICML = {Proc. Int. Conf. Mach. Learn. (ICML)})
@String(AISTATS = {Int. Conf. Artif. Intell. Statistics (AISTATS)})
@String(MLSys = {Proc. Conf. Mach. Learn. Syst. (MLSys)})
@String(IJCAI = {Int. Joint Conf. Artif. Intell. (IJCAI)})
@String(PR   = {Pattern Recog. (PR)})
@String(AAAI = {AAAI Conf. Artif. Intell. (AAAI)})
@String(DV3 = {Int. Conf. 3D Vis. (3DV)})
@String(CVPRW= {IEEE Conf. Comput. Vis. Pattern Recog. Worksh. (CVPR Workshop)})
@String(ICCVW= {Int. Conf. Comput. Vis. Worksh. (ICCV Workshop)})
@String(ECCVW= {Eur. Conf. Comput. Vis. Worksh. (ECCV Workshop)})
@String(NIPSW= {Adv. Neural Inform. Process. Syst. Worksh. (NIPS Workshop)})
@String(NeurIPSW= {Adv. Neural Inform. Process. Syst. Worksh. (NeurIPS Workshop)})
@String(CSVT = {IEEE Trans. Circuit Syst. Video Technol.})
@String(ICRA  = {IEEE Int. Conf. Robot. Autom. (ICRA)})
@String(IROS  = {IEEE/RSJ Int. Conf. Intell. Robot. and Syst. (IROS)})
@String(CoRL  = {Annu. Conf. Robot. Learn. (CoRL)})
@String(ISCA  = {ACM/IEEE Annu. Int. Symp. Comput. Archit. (ISCA)})
@String(KDD = {ACM SIGKDD Int. Conf. Knowl. Discov. Data Min. (KDD)})
@String(TKDE = {IEEE Trans. Knowl. Data Eng. (TKDE)})
@String(COLT = {ACM Conf. Comput. Learn. Theory (COLT)})
@String(SPL	= {IEEE Sign. Process. Letters (SPL)})
@String(VR   = {Vis. Res. (VR)})
@String(JOV	 = {J. Vis.})
@String(TVC  = {The Vis. Comput.})
@String(JCST  = {J. Comput. Sci. Tech.})
@String(CGF  = {Comput. Graph. Forum})
@String(CVM = {Computational Visual Media (CVM)})
@String(JMLR = {J. Mach. Learn. Res. (JMLR)})
@String(TMLR = {Trans. Mach. Learn. Res. (TMLR)})
@String(EMNLP = {Empir. Method. Nat. Lang. Process. (EMNLP)})
@String(EMNLPW = {Empir. Method. Nat. Lang. Process. Worksh. (EMNLP Workshop)})

@article{gpt-4,
  title={Gpt-4 technical report},
  author={Achiam, Josh and Adler, Steven and Agarwal, Sandhini and Ahmad, Lama and Akkaya, Ilge and Aleman, Florencia Leoni and Almeida, Diogo and Altenschmidt, Janko and Altman, Sam and Anadkat, Shyamal and others},
  journal={arXiv preprint arXiv:2303.08774},
  year={2023}
}
@inproceedings{AcT,
  author       = {Tony Z. Zhao and
                  Vikash Kumar and
                  Sergey Levine and
                  Chelsea Finn},
  title        = {{Learning Fine-Grained Bimanual Manipulation with Low-Cost Hardware}},
  booktitle    = {{Robotics: Science and Systems}},
  year         = {2023},
}
@inproceedings{ma2024hierarchical,
  title={Hierarchical Diffusion Policy for Kinematics-Aware Multi-Task Robotic Manipulation},
  author={Ma, Xiao and Patidar, Sumit and Haughton, Iain and James, Stephen},
  booktitle={Proceedings of the IEEE/CVF Conference on Computer Vision and Pattern Recognition},
  pages={18081--18090},
  year={2024}
}


@inproceedings{bharadhwaj2024roboagent,
  title={Roboagent: Generalization and efficiency in robot manipulation via semantic augmentations and action chunking},
  author={Bharadhwaj, Homanga and Vakil, Jay and Sharma, Mohit and Gupta, Abhinav and Tulsiani, Shubham and Kumar, Vikash},
  booktitle={2024 IEEE International Conference on Robotics and Automation (ICRA)},
  pages={4788--4795},
  year={2024},
  organization={IEEE}
}
@inproceedings{rvt,
  title={Rvt: Robotic view transformer for 3d object manipulation},
  author={Goyal, Ankit and Xu, Jie and Guo, Yijie and Blukis, Valts and Chao, Yu-Wei and Fox, Dieter},
  booktitle={Conference on Robot Learning},
  pages={694--710},
  year={2023},
  organization={PMLR}
}
@article{rvt-2,
  title={RVT-2: Learning Precise Manipulation from Few Demonstrations},
  author={Goyal, Ankit and Blukis, Valts and Xu, Jie and Guo, Yijie and Chao, Yu-Wei and Fox, Dieter},
  journal={arXiv preprint arXiv:2406.08545},
  year={2024}
}
@article{DBLP:journals/corr/abs-2409-17435,
  author       = {Ian T. Chuang and
                  Andrew Lee and
                  Dechen Gao and
                  Iman Soltani},
  title        = {Active Vision Might Be All You Need: Exploring Active Vision in Bimanual
                  Robotic Manipulation},
  journal      = {CoRR},
  volume       = {abs/2409.17435},
  year         = {2024},
  url          = {https://doi.org/10.48550/arXiv.2409.17435},
  doi          = {10.48550/ARXIV.2409.17435},
  eprinttype    = {arXiv},
  eprint       = {2409.17435},
  timestamp    = {Fri, 18 Oct 2024 09:28:58 +0200},
  biburl       = {https://dblp.org/rec/journals/corr/abs-2409-17435.bib},
  bibsource    = {dblp computer science bibliography, https://dblp.org}
}
@article{haldar2024baku,
  title={BAKU: An Efficient Transformer for Multi-Task Policy Learning},
  author={Haldar, Siddhant and Peng, Zhuoran and Pinto, Lerrel},
  journal={arXiv preprint arXiv:2406.07539},
  year={2024}
}
@article{zhao2024aloha,
  title={Aloha unleashed: A simple recipe for robot dexterity},
  author={Zhao, Tony Z and Tompson, Jonathan and Driess, Danny and Florence, Pete and Ghasemipour, Kamyar and Finn, Chelsea and Wahid, Ayzaan},
  journal={arXiv preprint arXiv:2410.13126},
  year={2024}
}

@inproceedings{NemecVMA2018,
  author       = {Bojan Nemec and
                  Kenichi Yasuda and
                  Nathanael Mullennix and
                  Nejc Likar and
                  Ales Ude},
  title        = {{Learning by Demonstration and Adaptation of Finishing Operations Using Virtual Mechanism Approach}},
  booktitle    = {{IEEE International Conference on Robotics and Automation}},
  pages        = {7219--7225},
  year         = {2018},
}

@inproceedings{KramPass2018,
  author       = {Aljaz Kramberger and
                  Erfan Shahriari and
                  Andrej Gams and
                  Bojan Nemec and
                  Ales Ude and
                  Sami Haddadin},
  title        = {{Passivity Based Iterative Learning of Admittance-Coupled Dynamic Movement Primitives for Interaction with Changing Environments}},
  booktitle    = {{Proceedings of the IEEE/RSJ International Conference on Intelligent Robots and Systems}},
  pages        = {6023--6028},
  year         = {2018},
}

@inproceedings{KhorArm2020,
  author       = {Mahdi Khoramshahi and
                  Gustav Henriks and
                  Aileen C. Naef and
                  Seyed Sina Mirrazavi Salehian and
                  Joonyoung Kim and
                  Aude Billard},
  title        = {{Arm-hand motion-force coordination for physical interactions with
                  non-flat surfaces using dynamical systems: Toward compliant robotic
                  massage}},
  booktitle    = {{IEEE International Conference on Robotics and Automation}},
  pages        = {4724--4730},
  year         = {2020},
}

@inproceedings{ValCross2020,
  author       = {Eugene Valassakis and
                  Zihan Ding and
                  Edward Johns},
  title        = {{Crossing the Gap: A Deep Dive into Zero-Shot Sim-to-Real Transfer for Dynamics}},
  booktitle    = {{Proceedings of the IEEE/RSJ International Conference on Intelligent Robots and Systems}},
  pages        = {5372--5379},
  year         = {2020},
}

@inproceedings{SchMeta2020,
  author       = {Gerrit Schoettler and
                  Ashvin Nair and
                  Juan Aparicio Ojea and
                  Sergey Levine and
                  Eugen Solowjow},
  title        = {{Meta-Reinforcement Learning for Robotic Industrial Insertion Tasks}},
  booktitle    = {{Proceedings of the IEEE/RSJ International Conference on Intelligent Robots and Systems}},
  pages        = {9728--9735},
  year         = {2020},
}

@inproceedings{LuoRL2019,
  author       = {Jianlan Luo and
                  Eugen Solowjow and
                  Chengtao Wen and
                  Juan Aparicio Ojea and
                  Alice M. Agogino and
                  Aviv Tamar and
                  Pieter Abbeel},
  title        = {{Reinforcement Learning on Variable Impedance Controller for High-Precision Robotic Assembly}},
  booktitle    = {{IEEE International Conference on Robotics and Automation}},
  pages        = {3080--3087},
  year         = {2019},
}

@article{LeidnerWiping2018,
  author       = {Daniel Leidner and
                  Georg Bartels and
                  Wissam Bejjani and
                  Alin Albu{-}Sch{\"{a}}ffer and
                  Michael Beetz},
  title        = {{Cognition-enabled robotic wiping: Representation, planning, execution, and interpretation}},
  journal      = {{Robotics and Autonomous Systems}},
  volume       = {114},
  pages        = {199--216},
  year         = {2019},
}

@article{HouFuzzy2022,
  author       = {Zhimin Hou and
                  Zhihu Li and
                  Chenwei Hsu and
                  Kuangen Zhang and
                  Jing Xu},
  title        = {{Fuzzy Logic-Driven Variable Time-Scale Prediction-Based Reinforcement Learning for Robotic Multiple Peg-in-Hole Assembly}},
  journal      = {{IEEE Transactions on Automation Science and Engineering}},
  volume       = {19},
  number       = {1},
  pages        = {218--229},
  year         = {2022},
}

@inproceedings{CharlsGrind2016,
  author       = {Charles W. X. Ng and
                  Kelvin H. K. Chan and
                  Wee Kin Teo and
                  I{-}Ming Chen},
  title        = {{Programming robotic tool-path and tool-orientations for conformance grinding based on human demonstration}},
  booktitle    = {{International Conference on Intelligent Robots and
                  Systems}},
  pages        = {1246--1253},
  year         = {2016},
}

@inproceedings{MahdiMassage2020,
  author       = {Mahdi Khoramshahi and
                  Gustav Henriks and
                  Aileen C. Naef and
                  Seyed Sina Mirrazavi Salehian and
                  Joonyoung Kim and
                  Aude Billard},
  title        = {{Arm-hand motion-force coordination for physical interactions with
                  non-flat surfaces using dynamical systems: Toward compliant robotic
                  massage}},
  booktitle    = {{IEEE International Conference on Robotics and Automation}},
  pages        = {4724--4730},
  year         = {2020},
}

@article{NBVNBC2024,
  author       = {Ruishuang Liu and
                  Chuan Li and
                  Weiwei Wan and
                  Jia Pan and
                  Kensuke Harada},
  title        = {{NBV/NBC Planning Considering Confidence Obtained From Shape Completion Learning}},
  journal      = {{IEEE Robotics and Automation Letters}},
  volume       = {9},
  number       = {3},
  pages        = {2774--2781},
  year         = {2024},
}

@inproceedings{ChenGenNBV2024,
  author       = {Xiao Chen and
                  Quanyi Li and
                  Tai Wang and
                  Tianfan Xue and
                  Jiangmiao Pang},
  title        = {{GenNBV: Generalizable Next-Best-View Policy for Active 3D Reconstruction}},
  booktitle    = {{Proceedings of the IEEE/CVF Conference on Computer Vision and Pattern Recognition}},
  pages        = {16436--16445},
  year         = {2024},
}

@article{BurusaPlant2024,
    title = {Attention-driven next-best-view planning for efficient reconstruction of plants and targeted plant parts},
    journal = {Biosystems Engineering},
    volume = {246},
    pages = {248-262},
    year = {2024},
    author = {Akshay K. Burusa and Eldert J. {van Henten} and Gert Kootstra},
}

@inproceedings{BurusaGradient2024,
  author       = {Akshay K. Burusa and
                  Eldert J. van Henten and
                  Gert Kootstra},
  title        = {{Gradient-based Local Next-best-view Planning for Improved Perception
                  of Targeted Plant Nodes}},
  booktitle    = {{IEEE International Conference on Robotics and Automation}},
  pages        = {15854--15860},
  year         = {2024},
}

@inproceedings{DBLP:journals/cvm/ZengWZL20,
  author       = {Rui Zeng and
                  Yu{-}Hui Wen and
                  Wang Zhao and
                  Yong{-}Jin Liu},
  title        = {View planning in robot active vision: {A} survey of systems, algorithms,
                  and applications},
  journal      = {Comput. Vis. Media},
  volume       = {6},
  number       = {3},
  pages        = {225--245},
  year         = {2020},
  url          = {https://doi.org/10.1007/s41095-020-0179-3},
  doi          = {10.1007/S41095-020-0179-3},
  timestamp    = {Sun, 19 Jan 2025 14:42:51 +0100},
  biburl       = {https://dblp.org/rec/journals/cvm/ZengWZL20.bib},
  bibsource    = {dblp computer science bibliography, https://dblp.org}
}

@inproceedings{chen2011active,
  title={Active vision in robotic systems: A survey of recent developments},
  author={Chen, Shengyong and Li, Youfu and Kwok, Ngai Ming},
  journal={The International Journal of Robotics Research},
  volume={30},
  number={11},
  pages={1343--1377},
  year={2011},
  publisher={SAGE Publications Sage UK: London, England}
}

@inproceedings{ArrudaDexterous2016,
  author       = {Ermano Arruda and
                  Jeremy L. Wyatt and
                  Marek Sewer Kopicki},
  title        = {{Active vision for dexterous grasping of novel objects}},
  booktitle    = {{Proceedings of the IEEE/RSJ International Conference on Intelligent Robots and Systems}},
  pages        = {2881--2888},
  year         = {2016},
}

@inproceedings{lv2023samrlsensingawaremodelbasedreinforcement,
      title={SAM-RL: Sensing-Aware Model-Based Reinforcement Learning via Differentiable Physics-Based Simulation and Rendering}, 
      author={Jun Lv and Yunhai Feng and Cheng Zhang and Shuang Zhao and Lin Shao and Cewu Lu},
      year={2023},
      eprint={2210.15185},
      archivePrefix={arXiv},
      primaryClass={cs.RO},
      url={https://arxiv.org/abs/2210.15185}, 
}

@inproceedings{ZhangAffordance2023,
  author       = {Xuechao Zhang and
                  Dong Wang and
                  Sun Han and
                  Weichuang Li and
                  Bin Zhao and
                  Zhigang Wang and
                  Xiaoming Duan and
                  Chongrong Fang and
                  Xuelong Li and
                  Jianping He},
  title        = {{Affordance-Driven Next-Best-View Planning for Robotic Grasping}},
  booktitle    = {{Conference on Robot Learning}},
  volume       = {229},
  pages        = {2849--2862},
  year         = {2023},
}

@inproceedings{LuGrasp2017,
  author       = {Qingkai Lu and
                  Kautilya Chenna and
                  Balakumar Sundaralingam and
                  Tucker Hermans},
  title        = {{Planning Multi-fingered Grasps as Probabilistic Inference in a Learned
                  Deep Network}},
  booktitle    = {{International Symposium of Robotics Research}},
  pages        = {455--472},
  year         = {2017},
}

@inproceedings{BreyerNBV2022,
  author       = {Michel Breyer and
                  Lionel Ott and
                  Roland Siegwart and
                  Jen Jen Chung},
  title        = {{Closed-Loop Next-Best-View Planning for Target-Driven Grasping}},
  booktitle    = {{Proceedings of the IEEE/RSJ International Conference on Intelligent Robots and Systems}},
  pages        = {1411--1416},
  year         = {2022},
}

@inproceedings{ArrudaGrasp2016,
  author       = {Ermano Arruda and
                  Jeremy L. Wyatt and
                  Marek Sewer Kopicki},
  title        = {{Active vision for dexterous grasping of novel objects}},
  booktitle    = {{Proceedings of the IEEE/RSJ International Conference on Intelligent Robots and Systems}},
  pages        = {2881--2888},
  year         = {2016},
}

@inproceedings{MorrisonNBV2019,
  author       = {Douglas Morrison and
                  Peter Corke and
                  J{\"{u}}rgen Leitner},
  title        = {{Multi-View Picking: Next-best-view Reaching for Improved Grasping in Clutter}},
  booktitle    = {{IEEE International Conference on Robotics and Automation}},
  pages        = {8762--8768},
  year         = {2019},
}

@article{DelmericoNBV2018,
  author       = {Jeffrey A. Delmerico and
                  Stefan Isler and
                  Reza Sabzevari and
                  Davide Scaramuzza},
  title        = {{A comparison of volumetric information gain metrics for active 3D object reconstruction}},
  journal      = {{Autonomous Robots}},
  volume       = {42},
  number       = {2},
  pages        = {197--208},
  year         = {2018},
}

@inproceedings{ChiDP2023,
  author       = {Cheng Chi and
                  Siyuan Feng and
                  Yilun Du and
                  Zhenjia Xu and
                  Eric Cousineau and
                  Benjamin Burchfiel and
                  Shuran Song},
  title        = {{Diffusion Policy: Visuomotor Policy Learning via Action Diffusion}},
  booktitle    = {{Robotics: Science and Systems}},
  year         = {2023},
}

@inproceedings{HaLLM2023,
  author       = {Huy Ha and
                  Pete Florence and
                  Shuran Song},
  title        = {{Scaling Up and Distilling Down: Language-Guided Robot Skill Acquisition}},
  booktitle    = {{Conference on Robot Learning}},
  pages        = {3766--3777},
  year         = {2023},
}

@inproceedings{LiEnd2End2020,
  author       = {Lei Li and
                  Siyu Zhu and
                  Hongbo Fu and
                  Ping Tan and
                  Chiew{-}Lan Tai},
  title        = {{End-to-End Learning Local Multi-View Descriptors for 3D Point Clouds}},
  booktitle    = {{Proceedings of the IEEE/CVF Conference on Computer Vision and Pattern Recognition}},
  pages        = {1916--1925},
  year         = {2020},
}

@inproceedings{YangLearning2019,
  author       = {Ze Yang and
                  Liwei Wang},
  title        = {{Learning Relationships for Multi-View 3D Object Recognition}},
  booktitle    = {{Proceedings of the IEEE/CVF International Conference on Computer Vision}},
  pages        = {7504--7513},
  year         = {2019},
}

@inproceedings{WeiGCN2020,
  author       = {Xin Wei and
                  Ruixuan Yu and
                  Jian Sun},
  title        = {{View-GCN: View-Based Graph Convolutional Network for 3D Shape Analysis}},
  booktitle    = {{Proceedings of the IEEE/CVF Conference on Computer Vision and Pattern Recognition}},
  pages        = {1847--1856},
  year         = {2020},
}

@article{openvla,
  author       = {Moo Jin Kim and
                  Karl Pertsch and
                  Siddharth Karamcheti and
                  Ted Xiao and
                  Ashwin Balakrishna and
                  Suraj Nair and
                  Rafael Rafailov and
                  Ethan Paul Foster and
                  Grace Lam and
                  Pannag Sanketi and
                  Quan Vuong and
                  Thomas Kollar and
                  Benjamin Burchfiel and
                  Russ Tedrake and
                  Dorsa Sadigh and
                  Sergey Levine and
                  Percy Liang and
                  Chelsea Finn},
  title        = {OpenVLA: An Open-Source Vision-Language-Action Model},
  journal      = {CoRR},
  volume       = {abs/2406.09246},
  year         = {2024},
  url          = {https://doi.org/10.48550/arXiv.2406.09246},
  doi          = {10.48550/ARXIV.2406.09246},
  eprinttype    = {arXiv},
  eprint       = {2406.09246},
  timestamp    = {Tue, 09 Jul 2024 17:23:21 +0200},
  biburl       = {https://dblp.org/rec/journals/corr/abs-2406-09246.bib},
  bibsource    = {dblp computer science bibliography, https://dblp.org}
}


@inproceedings{morrison2019multi,
  title={Multi-view picking: Next-best-view reaching for improved grasping in clutter},
  author={Morrison, Douglas and Corke, Peter and Leitner, J{\"u}rgen},
  booktitle={2019 International Conference on Robotics and Automation (ICRA)},
  pages={8762--8768},
  year={2019},
  organization={IEEE}
}
@inproceedings{cheng2018reinforcement,
  title={Reinforcement learning of active vision for manipulating objects under occlusions},
  author={Cheng, Ricson and Agarwal, Arpit and Fragkiadaki, Katerina},
  booktitle={Conference on Robot Learning},
  pages={422--431},
  year={2018},
  organization={PMLR}
}
@article{zaky2020active,
  title={Active perception and representation for robotic manipulation},
  author={Zaky, Youssef and Paruthi, Gaurav and Tripp, Bryan and Bergstra, James},
  journal={arXiv preprint arXiv:2003.06734},
  year={2020}
}
@article{WangOTA2024,
  title={{Observe Then Act: Asynchronous Active Vision-Action Model for Robotic Manipulation}},
  author={Wang, Guokang and Li, Hang and Zhang, Shuyuan and Liu, Yanhong and Liu, Huaping},
  journal={arXiv preprint arXiv:2409.14891},
  year={2024}
}

@article{LeeReconstruction2022,
  author       = {Soomin Lee and
                  Le Chen and
                  Jiahao Wang and
                  Alexander Liniger and
                  Suryansh Kumar and
                  Fisher Yu},
  title        = {{Uncertainty Guided Policy for Active Robotic 3D Reconstruction Using
                  Neural Radiance Fields}},
  journal      = {{IEEE Robotics and Automation Letter}},
  volume       = {7},
  number       = {4},
  pages        = {12070--12077},
  year         = {2022},
}

@inproceedings{GuReconstruction2022,
  author       = {Antoine Gu{\'{e}}don and
                  Pascal Monasse and
                  Vincent Lepetit},
  editor       = {Sanmi Koyejo and
                  S. Mohamed and
                  A. Agarwal and
                  Danielle Belgrave and
                  K. Cho and
                  A. Oh},
  title        = {{SCONE: Surface Coverage Optimization in Unknown Environments by
                  Volumetric Integration}},
  booktitle    = {{Advances in Neural Information Processing Systems}},
  year         = {2022},
}

@inproceedings{BircherExplore2016,
  author       = {Andreas Bircher and
                  Mina Kamel and
                  Kostas Alexis and
                  Helen Oleynikova and
                  Roland Siegwart},
  title        = {{Receding Horizon "Next-Best-View" Planner for 3D Exploration}},
  booktitle    = {{IEEE International Conference on Robotics and Automation}},
  pages        = {1462--1468},
  year         = {2016},
}

@article{NaazareExplore2022,
  author       = {Menaka Naazare and
                  Francisco Garcia Rosas and
                  Dirk Schulz},
  title        = {{Online Next-Best-View Planner for 3D-Exploration and Inspection With
                  a Mobile Manipulator Robot}},
  journal      = {{IEEE Robotics and Automation Letters}},
  volume       = {7},
  number       = {2},
  pages        = {3779--3786},
  year         = {2022},
}

@inproceedings{UppalSPIN2024,
  author       = {Shagun Uppal and
                  Ananye Agarwal and
                  Haoyu Xiong and
                  Kenneth Shaw and
                  Deepak Pathak},
  title        = {{SPIN: Simultaneous Perception, Interaction and Navigation}},
  booktitle    = {{Proceedings of the IEEE/CVF Conference on Computer Vision and Pattern Recognition}},
  pages        = {18133--18142},
  year         = {2024},
}

@inproceedings{SinghSEAL2021,
  author       = {Devendra Singh Chaplot and
                  Murtaza Dalal and
                  Saurabh Gupta and
                  Jitendra Malik and
                  Ruslan Salakhutdinov},
  title        = {{SEAL: Self-supervised Embodied Active Learning using Exploration
                  and 3D Consistency}},
  booktitle    = {{Advances in Neural Information Processing Systems}},
  pages        = {13086--13098},
  year         = {2021},
}

@article{Shannon1948,
  author       = {Claude E. Shannon},
  title        = {{A mathematical theory of communication}},
  journal      = {{Bell System Technical Journal}},
  volume       = {27},
  number       = {3},
  pages        = {379--423},
  year         = {1948},
}

@inproceedings{ChengAF2018,
  author       = {{Ricson Cheng and
                  Arpit Agarwal and
                  Katerina Fragkiadaki}},
  title        = {{Reinforcement Learning of Active Vision for Manipulating Objects under
                  Occlusions}},
  booktitle    = {{Conference on Robot Learnings}},
  volume       = {87},
  pages        = {422--431},
  year         = {2018},
}
@inproceedings{chen2020transferable,
  title={Transferable active grasping and real embodied dataset},
  author={Chen, Xiangyu and Ye, Zelin and Sun, Jiankai and Fan, Yuda and Hu, Fang and Wang, Chenxi and Lu, Cewu},
  booktitle={2020 IEEE International Conference on Robotics and Automation (ICRA)},
  pages={3611--3618},
  year={2020},
  organization={IEEE}
}
@inproceedings{ShangR2023,
  author       = {{Jinghuan Shang and
                  Michael S. Ryoo}},
  title        = {{ Reinforcement Learning under Limited Visual Observability}},
  booktitle    = {{Advances in Neural Information Processing Systems}},
  year         = {2023},
}

@inproceedings{HeResnet2016,
  author       = {Kaiming He and
                  Xiangyu Zhang and
                  Shaoqing Ren and
                  Jian Sun},
  title        = {{Deep Residual Learning for Image Recognition}},
  booktitle    = {{Proceedings of the IEEE/CVF Conference on Computer Vision and Pattern Recognition}},
  pages        = {770--778},
  year         = {2016},
}

@article{LiAEF2023,
  author       = {Bicao Li and
                  Jiaxi Lu and
                  Zhoufeng Liu and
                  Zhuhong Shao and
                  Chunlei Li and
                  Yifan Du and
                  Jie Huang},
  title        = {{AEFusion: A multi-scale fusion network combining Axial attention
                  and Entropy feature Aggregation for infrared and visible images}},
  journal      = {{Applied Soft Computing}},
  volume       = {132},
  pages        = {109857},
  year         = {2023},
}

@inproceedings{VaswaniAttention2017,
  author       = {Ashish Vaswani and
                  Noam Shazeer and
                  Niki Parmar and
                  Jakob Uszkoreit and
                  Llion Jones and
                  Aidan N. Gomez and
                  Lukasz Kaiser and
                  Illia Polosukhin},
  title        = {{Attention is All you Need}},
  booktitle    = {{Advances in Neural Information Processing Systems}},
  pages        = {5998--6008},
  year         = {2017},
}

@inproceedings{JoshuaQuick2019,
  author       = {Joshua C. Triyonoputro and
                  Weiwei Wan and
                  Kensuke Harada},
  title        = {{Quickly Inserting Pegs into Uncertain Holes using Multi-view Images
                  and Deep Network Trained on Synthetic Data}},
  booktitle    = {{IEEE/RSJ International Conference on Intelligent Robots and
                  Systems}},
  pages        = {5792--5799},
  year         = {2019},
}

@inproceedings{ZhangSAME2024,
  author       = {Junjie Zhang and
                  Chenjia Bai and
                  Haoran He and
                  Zhigang Wang and
                  Bin Zhao and
                  Xiu Li and
                  Xuelong Li},
  title        = {{SAM-E: Leveraging Visual Foundation Model with Sequence Imitation
                  for Embodied Manipulation}},
  booktitle    = {{International Conference on Machine Learning}},
  year         = {2024},
}

@inproceedings{ShridharMF2021,
  author       = {Mohit Shridhar and
                  Lucas Manuelli and
                  Dieter Fox},
  title        = {{CLIPort: What and Where Pathways for Robotic Manipulation}},
  booktitle    = {{Conference on Robot Learning}},
  volume       = {164},
  pages        = {894--906},
  year         = {2021},
}

@inproceedings{MartinCloth2010,
  author       = {{Jeremy Maitin{-}Shepard and
                  Marco F. Cusumano{-}Towner and
                  Jinna Lei and
                  Pieter Abbeel}},
  title        = {{Cloth grasp point detection based on multiple-view geometric cues
                  with application to robotic towel folding}},
  booktitle    = {{IEEE International Conference on Robotics and Automation}},
  pages        = {2308--2315},
  year         = {2010},
}

@inproceedings{Ze2024DP3,
	title={{3D Diffusion Policy: Generalizable Visuomotor Policy Learning via Simple 3D Representations}},
	author={Yanjie Ze and Gu Zhang and Kangning Zhang and Chenyuan Hu and Muhan Wang and Huazhe Xu},
	booktitle={{Robotics: Science and Systems}},
	year={2024}
}

@article{rdt,
    title={{RDT-1B: a Diffusion Foundation Model for Bimanual Manipulation}},
    author={{Liu, Songming and Wu, Lingxuan and Li, Bangguo and Tan, Hengkai and Chen, Huayu and Wang, Zhengyi and Xu, Ke and Su, Hang and Zhu, Jun}},
    journal={arXiv preprint arXiv:2410.07864},
    year={2024}
}

@inproceedings{LiuLlava2024,
  author       = {Haotian Liu and
                  Chunyuan Li and
                  Yuheng Li and
                  Yong Jae Lee},
  title        = {{Improved Baselines with Visual Instruction Tuning}},
  booktitle    = {{Proceedings of the IEEE/CVF Conference on Computer Vision and Pattern Recognition}},
  pages        = {26286--26296},
  year         = {2024},
}

@inproceedings{KingmaAdam2015,
  author       = {Diederik P. Kingma and
                  Jimmy Ba},
  title        = {{Adam: A Method for Stochastic Optimization}},
  booktitle    = {{International Conference on Learning Representations}},
  year         = {2015},
}

@inproceedings{SelvaGradCam2017,
  author       = {Ramprasaath R. Selvaraju and
                  Michael Cogswell and
                  Abhishek Das and
                  Ramakrishna Vedantam and
                  Devi Parikh and
                  Dhruv Batra},
  title        = {{Grad-CAM: Visual Explanations from Deep Networks via Gradient-Based
                  Localization}},
  booktitle    = {{International Conference on Computer Vision}},
  pages        = {618--626},
  year         = {2017},
}

@misc{Authors14,
 author = {FirstName LastName},
 title = {The frobnicatable foo filter},
 note = {Face and Gesture submission ID 324. Supplied as supplemental material {\tt fg324.pdf}},
 year = 2014
}


@misc{Authors14b,
 author = {FirstName LastName},
 title = {Frobnication tutorial},
 note = {Supplied as supplemental material {\tt tr.pdf}},
 year = 2014
}

@article{Alpher02,
author = {FirstName Alpher},
title = {Frobnication},
journal = PAMI,
volume = 12,
number = 1,
pages = {234--778},
year = 2002
}

@article{Alpher03,
author = {FirstName Alpher and  FirstName Fotheringham-Smythe},
title = {Frobnication revisited},
journal = {Journal of Foo},
volume = 13,
number = 1,
pages = {234--778},
year = 2003
}

@article{Alpher04,
author = {FirstName Alpher and FirstName Fotheringham-Smythe and FirstName Gamow},
title = {Can a machine frobnicate?},
journal = {Journal of Foo},
volume = 14,
number = 1,
pages = {234--778},
year = 2004
}

@inproceedings{Alpher05,
author = {FirstName Alpher and FirstName Gamow},
title = {Can a computer frobnicate?},
booktitle = CVPR,
pages = {234--778},
year = 2005
}

@inproceedings{BrohanRT2023,
  author       = {Anthony Brohan and
                  Noah Brown and
                  Justice Carbajal and
                  Yevgen Chebotar and
                  Joseph Dabis and
                  Chelsea Finn and
                  Keerthana Gopalakrishnan and
                  Karol Hausman and
                  Alexander Herzog and
                  Jasmine Hsu and
                  Julian Ibarz and
                  Brian Ichter and
                  Alex Irpan and
                  Tomas Jackson and
                  Sally Jesmonth and
                  Nikhil J. Joshi and
                  Ryan Julian and
                  Dmitry Kalashnikov and
                  Yuheng Kuang and
                  Isabel Leal and
                  Kuang{-}Huei Lee and
                  Sergey Levine and
                  Yao Lu and
                  Utsav Malla and
                  Deeksha Manjunath and
                  Igor Mordatch and
                  Ofir Nachum and
                  Carolina Parada and
                  Jodilyn Peralta and
                  Emily Perez and
                  Karl Pertsch and
                  Jornell Quiambao and
                  Kanishka Rao and
                  Michael S. Ryoo and
                  Grecia Salazar and
                  Pannag R. Sanketi and
                  Kevin Sayed and
                  Jaspiar Singh and
                  Sumedh Sontakke and
                  Austin Stone and
                  Clayton Tan and
                  Huong T. Tran and
                  Vincent Vanhoucke and
                  Steve Vega and
                  Quan Vuong and
                  Fei Xia and
                  Ted Xiao and
                  Peng Xu and
                  Sichun Xu and
                  Tianhe Yu and
                  Brianna Zitkovich},
  title        = {{RT-1: Robotics Transformer for Real-World Control at Scale}},
  booktitle    = {{Robotics: Science and Systems}},
  year         = {2023},
}

@inproceedings{PaszkePytorch2019,
  author       = {Adam Paszke and
                  Sam Gross and
                  Francisco Massa and
                  Adam Lerer and
                  James Bradbury and
                  Gregory Chanan and
                  Trevor Killeen and
                  Zeming Lin and
                  Natalia Gimelshein and
                  Luca Antiga and
                  Alban Desmaison and
                  Andreas K{\"{o}}pf and
                  Edward Z. Yang and
                  Zachary DeVito and
                  Martin Raison and
                  Alykhan Tejani and
                  Sasank Chilamkurthy and
                  Benoit Steiner and
                  Lu Fang and
                  Junjie Bai and
                  Soumith Chintala},
  title        = {{PyTorch: An Imperative Style, High-Performance Deep Learning Library}},
  booktitle    = {{Advances in Neural Information Processing Systems}},
  pages        = {8024--8035},
  year         = {2019},
}

@article{robotwin,
  title={Robotwin: Dual-arm robot benchmark with generative digital twins (early version)},
  author={Mu, Yao and Chen, Tianxing and Peng, Shijia and Chen, Zanxin and Gao, Zeyu and Zou, Yude and Lin, Lunkai and Xie, Zhiqiang and Luo, Ping},
  journal={arXiv preprint arXiv:2409.02920},
  year={2024}
}

@article{hurst2024gpt4o,
  title={Gpt-4o system card},
  author={Hurst, Aaron and Lerer, Adam and Goucher, Adam P and Perelman, Adam and Ramesh, Aditya and Clark, Aidan and Ostrow, AJ and Welihinda, Akila and Hayes, Alan and Radford, Alec and others},
  journal={arXiv preprint arXiv:2410.21276},
  year={2024}
}

@inproceedings{zhai2023sigclip,
  title={Sigmoid loss for language image pre-training},
  author={Zhai, Xiaohua and Mustafa, Basil and Kolesnikov, Alexander and Beyer, Lucas},
  booktitle={Proceedings of the IEEE/CVF International Conference on Computer Vision},
  pages={11975--11986},
  year={2023}
}

@inproceedings{selvaraju2017gradcam,
  title={Grad-cam: Visual explanations from deep networks via gradient-based localization},
  author={Selvaraju, Ramprasaath R and Cogswell, Michael and Das, Abhishek and Vedantam, Ramakrishna and Parikh, Devi and Batra, Dhruv},
  booktitle={Proceedings of the IEEE international conference on computer vision},
  pages={618--626},
  year={2017}
}

@article{TraceVLA,
  author       = {Ruijie Zheng and
                  Yongyuan Liang and
                  Shuaiyi Huang and
                  Jianfeng Gao and
                  Hal Daum{\'{e}} III and
                  Andrey Kolobov and
                  Furong Huang and
                  Jianwei Yang},
  title        = {TraceVLA: Visual Trace Prompting Enhances Spatial-Temporal Awareness
                  for Generalist Robotic Policies},
  journal      = {CoRR},
  volume       = {abs/2412.10345},
  year         = {2024},
  url          = {https://doi.org/10.48550/arXiv.2412.10345},
  doi          = {10.48550/ARXIV.2412.10345},
  eprinttype    = {arXiv},
  eprint       = {2412.10345},
  timestamp    = {Thu, 23 Jan 2025 08:12:46 +0100},
  biburl       = {https://dblp.org/rec/journals/corr/abs-2412-10345.bib},
  bibsource    = {dblp computer science bibliography, https://dblp.org}
}

@article{pi0,
  author       = {Kevin Black and
                  Noah Brown and
                  Danny Driess and
                  Adnan Esmail and
                  Michael Equi and
                  Chelsea Finn and
                  Niccolo Fusai and
                  Lachy Groom and
                  Karol Hausman and
                  Brian Ichter and
                  Szymon Jakubczak and
                  Tim Jones and
                  Liyiming Ke and
                  Sergey Levine and
                  Adrian Li{-}Bell and
                  Mohith Mothukuri and
                  Suraj Nair and
                  Karl Pertsch and
                  Lucy Xiaoyang Shi and
                  James Tanner and
                  Quan Vuong and
                  Anna Walling and
                  Haohuan Wang and
                  Ury Zhilinsky},
  title        = {{\(\pi\)}\({}_{\mbox{0}}\): {A} Vision-Language-Action Flow Model
                  for General Robot Control},
  journal      = {CoRR},
  volume       = {abs/2410.24164},
  year         = {2024},
  url          = {https://doi.org/10.48550/arXiv.2410.24164},
  doi          = {10.48550/ARXIV.2410.24164},
  eprinttype    = {arXiv},
  eprint       = {2410.24164},
  timestamp    = {Fri, 29 Nov 2024 21:16:32 +0100},
  biburl       = {https://dblp.org/rec/journals/corr/abs-2410-24164.bib},
  bibsource    = {dblp computer science bibliography, https://dblp.org}
}
@article{tinyVLA,
  author       = {Junjie Wen and
                  Yichen Zhu and
                  Jinming Li and
                  Minjie Zhu and
                  Kun Wu and
                  Zhiyuan Xu and
                  Ning Liu and
                  Ran Cheng and
                  Chaomin Shen and
                  Yaxin Peng and
                  Feifei Feng and
                  Jian Tang},
  title        = {TinyVLA: Towards Fast, Data-Efficient Vision-Language-Action Models
                  for Robotic Manipulation},
  journal      = {CoRR},
  volume       = {abs/2409.12514},
  year         = {2024},
  url          = {https://doi.org/10.48550/arXiv.2409.12514},
  doi          = {10.48550/ARXIV.2409.12514},
  eprinttype    = {arXiv},
  eprint       = {2409.12514},
  timestamp    = {Tue, 04 Feb 2025 08:49:17 +0100},
  biburl       = {https://dblp.org/rec/journals/corr/abs-2409-12514.bib},
  bibsource    = {dblp computer science bibliography, https://dblp.org}
}
@inproceedings{RT-X,
  author       = {Abby O'Neill and
                  Abdul Rehman and
                  Abhiram Maddukuri and
                  Abhishek Gupta and
                  Abhishek Padalkar and
                  Abraham Lee and
                  Acorn Pooley and
                  Agrim Gupta and
                  Ajay Mandlekar and
                  Ajinkya Jain and
                  Albert Tung and
                  Alex Bewley and
                  Alexander Herzog and
                  Alex Irpan and
                  Alexander Khazatsky and
                  Anant Rai and
                  Anchit Gupta and
                  Andrew E. Wang and
                  Anikait Singh and
                  Animesh Garg and
                  Aniruddha Kembhavi and
                  Annie Xie and
                  Anthony Brohan and
                  Antonin Raffin and
                  Archit Sharma and
                  Arefeh Yavary and
                  Arhan Jain and
                  Ashwin Balakrishna and
                  Ayzaan Wahid and
                  Ben Burgess{-}Limerick and
                  Beomjoon Kim and
                  Bernhard Sch{\"{o}}lkopf and
                  Blake Wulfe and
                  Brian Ichter and
                  Cewu Lu and
                  Charles Xu and
                  Charlotte Le and
                  Chelsea Finn and
                  Chen Wang and
                  Chenfeng Xu and
                  Cheng Chi and
                  Chenguang Huang and
                  Christine Chan and
                  Christopher Agia and
                  Chuer Pan and
                  Chuyuan Fu and
                  Coline Devin and
                  Danfei Xu and
                  Daniel Morton and
                  Danny Driess and
                  Daphne Chen and
                  Deepak Pathak and
                  Dhruv Shah and
                  Dieter B{\"{u}}chler and
                  Dinesh Jayaraman and
                  Dmitry Kalashnikov and
                  Dorsa Sadigh and
                  Edward Johns and
                  Ethan Paul Foster and
                  Fangchen Liu and
                  Federico Ceola and
                  Fei Xia and
                  Feiyu Zhao and
                  Freek Stulp and
                  Gaoyue Zhou and
                  Gaurav S. Sukhatme and
                  Gautam Salhotra and
                  Ge Yan and
                  Gilbert Feng and
                  Giulio Schiavi and
                  Glen Berseth and
                  Gregory Kahn and
                  Guanzhi Wang and
                  Hao Su and
                  Haoshu Fang and
                  Haochen Shi and
                  Henghui Bao and
                  Heni Ben Amor and
                  Henrik I. Christensen and
                  Hiroki Furuta and
                  Homer Walke and
                  Hongjie Fang and
                  Huy Ha and
                  Igor Mordatch and
                  Ilija Radosavovic and
                  Isabel Leal and
                  Jacky Liang and
                  Jad Abou{-}Chakra and
                  Jaehyung Kim and
                  Jaimyn Drake and
                  Jan Peters and
                  Jan Schneider and
                  Jasmine Hsu and
                  Jeannette Bohg and
                  Jeffrey Bingham and
                  Jeffrey Wu and
                  Jensen Gao and
                  Jiaheng Hu and
                  Jiajun Wu and
                  Jialin Wu and
                  Jiankai Sun and
                  Jianlan Luo and
                  Jiayuan Gu and
                  Jie Tan and
                  Jihoon Oh and
                  Jimmy Wu and
                  Jingpei Lu and
                  Jingyun Yang and
                  Jitendra Malik and
                  Jo{\~{a}}o Silv{\'{e}}rio and
                  Joey Hejna and
                  Jonathan Booher and
                  Jonathan Tompson and
                  Jonathan Yang and
                  Jordi Salvador and
                  Joseph J. Lim and
                  Junhyek Han and
                  Kaiyuan Wang and
                  Kanishka Rao and
                  Karl Pertsch and
                  Karol Hausman and
                  Keegan Go and
                  Keerthana Gopalakrishnan and
                  Ken Goldberg and
                  Kendra Byrne and
                  Kenneth Oslund and
                  Kento Kawaharazuka and
                  Kevin Black and
                  Kevin Lin and
                  Kevin Zhang and
                  Kiana Ehsani and
                  Kiran Lekkala and
                  Kirsty Ellis and
                  Krishan Rana and
                  Krishnan Srinivasan and
                  Kuan Fang and
                  Kunal Pratap Singh and
                  Kuo{-}Hao Zeng and
                  Kyle Hatch and
                  Kyle Hsu and
                  Laurent Itti and
                  Lawrence Yunliang Chen and
                  Lerrel Pinto and
                  Li Fei{-}Fei and
                  Liam Tan and
                  Linxi Jim Fan and
                  Lionel Ott and
                  Lisa Lee and
                  Luca Weihs and
                  Magnum Chen and
                  Marion Lepert and
                  Marius Memmel and
                  Masayoshi Tomizuka and
                  Masha Itkina and
                  Mateo Guaman Castro and
                  Max Spero and
                  Maximilian Du and
                  Michael Ahn and
                  Michael C. Yip and
                  Mingtong Zhang and
                  Mingyu Ding and
                  Minho Heo and
                  Mohan Kumar Srirama and
                  Mohit Sharma and
                  Moo Jin Kim and
                  Naoaki Kanazawa and
                  Nicklas Hansen and
                  Nicolas Heess and
                  Nikhil J. Joshi and
                  Niko S{\"{u}}nderhauf and
                  Ning Liu and
                  Norman Di Palo and
                  Nur Muhammad (Mahi) Shafiullah and
                  Oier Mees and
                  Oliver Kroemer and
                  Osbert Bastani and
                  Pannag R. Sanketi and
                  Patrick Tree Miller and
                  Patrick Yin and
                  Paul Wohlhart and
                  Peng Xu and
                  Peter David Fagan and
                  Peter Mitrano and
                  Pierre Sermanet and
                  Pieter Abbeel and
                  Priya Sundaresan and
                  Qiuyu Chen and
                  Quan Vuong and
                  Rafael Rafailov and
                  Ran Tian and
                  Ria Doshi and
                  Roberto Mart{\'{\i}}n{-}Mart{\'{\i}}n and
                  Rohan Baijal and
                  Rosario Scalise and
                  Rose Hendrix and
                  Roy Lin and
                  Runjia Qian and
                  Ruohan Zhang and
                  Russell Mendonca and
                  Rutav Shah and
                  Ryan Hoque and
                  Ryan Julian and
                  Samuel Bustamante and
                  Sean Kirmani and
                  Sergey Levine and
                  Shan Lin and
                  Sherry Moore and
                  Shikhar Bahl and
                  Shivin Dass and
                  Shubham D. Sonawani and
                  Shuran Song and
                  Sichun Xu and
                  Siddhant Haldar and
                  Siddharth Karamcheti and
                  Simeon Adebola and
                  Simon Guist and
                  Soroush Nasiriany and
                  Stefan Schaal and
                  Stefan Welker and
                  Stephen Tian and
                  Subramanian Ramamoorthy and
                  Sudeep Dasari and
                  Suneel Belkhale and
                  Sungjae Park and
                  Suraj Nair and
                  Suvir Mirchandani and
                  Takayuki Osa and
                  Tanmay Gupta and
                  Tatsuya Harada and
                  Tatsuya Matsushima and
                  Ted Xiao and
                  Thomas Kollar and
                  Tianhe Yu and
                  Tianli Ding and
                  Todor Davchev and
                  Tony Z. Zhao and
                  Travis Armstrong and
                  Trevor Darrell and
                  Trinity Chung and
                  Vidhi Jain and
                  Vincent Vanhoucke and
                  Wei Zhan and
                  Wenxuan Zhou and
                  Wolfram Burgard and
                  Xi Chen and
                  Xiaolong Wang and
                  Xinghao Zhu and
                  Xinyang Geng and
                  Xiyuan Liu and
                  Liangwei Xu and
                  Xuanlin Li and
                  Yao Lu and
                  Yecheng Jason Ma and
                  Yejin Kim and
                  Yevgen Chebotar and
                  Yifan Zhou and
                  Yifeng Zhu and
                  Yilin Wu and
                  Ying Xu and
                  Yixuan Wang and
                  Yonatan Bisk and
                  Yoonyoung Cho and
                  Youngwoon Lee and
                  Yuchen Cui and
                  Yue Cao and
                  Yueh{-}Hua Wu and
                  Yujin Tang and
                  Yuke Zhu and
                  Yunchu Zhang and
                  Yunfan Jiang and
                  Yunshuang Li and
                  Yunzhu Li and
                  Yusuke Iwasawa and
                  Yutaka Matsuo and
                  Zehan Ma and
                  Zhuo Xu and
                  Zichen Jeff Cui and
                  Zichen Zhang and
                  Zipeng Lin},
  title        = {Open X-Embodiment: Robotic Learning Datasets and {RT-X} Models : Open
                  X-Embodiment Collaboration},
  booktitle    = {{IEEE} International Conference on Robotics and Automation, {ICRA}
                  2024, Yokohama, Japan, May 13-17, 2024},
  pages        = {6892--6903},
  publisher    = {{IEEE}},
  year         = {2024},
  url          = {https://doi.org/10.1109/ICRA57147.2024.10611477},
  doi          = {10.1109/ICRA57147.2024.10611477},
  timestamp    = {Tue, 28 Jan 2025 09:43:04 +0100},
  biburl       = {https://dblp.org/rec/conf/icra/ONeillRMGPLPGMJ24.bib},
  bibsource    = {dblp computer science bibliography, https://dblp.org}
}



% ---------------------------------- end --------------------------- %