@article{Chen2023STASSR,
  title={STAS: Spatial-Temporal Return Decomposition for Multi-agent Reinforcement Learning},
  author={Sirui Chen and Zhaowei Zhang and Yali Du and Yaodong Yang},
  journal={ArXiv},
  year={2023},
  volume={abs/2304.07520},
  url={https://api.semanticscholar.org/CorpusID:258179477}
}

@article{arjona2019rudder,
  title={Rudder: Return decomposition for delayed rewards},
  author={Arjona-Medina, Jose A and Gillhofer, Michael and Widrich, Michael and Unterthiner, Thomas and Brandstetter, Johannes and Hochreiter, Sepp},
  journal={Advances in Neural Information Processing Systems},
  volume={32},
  year={2019}
}

@inproceedings{devlin2014potential,
  title={Potential-based difference rewards for multiagent reinforcement learning},
  author={Devlin, Sam and Yliniemi, Logan and Kudenko, Daniel and Tumer, Kagan},
  booktitle={Proceedings of the 2014 international conference on Autonomous agents and multi-agent systems},
  pages={165--172},
  year={2014}
}

@inproceedings{foerster2018counterfactual,
  title={Counterfactual multi-agent policy gradients},
  author={Foerster, Jakob and Farquhar, Gregory and Afouras, Triantafyllos and Nardelli, Nantas and Whiteson, Shimon},
  booktitle={Proceedings of the AAAI conference on artificial intelligence},
  volume={32},
  year={2018}
}

@article{freed2021learning,
   title={Learning Cooperative Multi-Agent Policies With Partial Reward Decoupling},
   volume={7},
   ISSN={2377-3774},
   url={http://dx.doi.org/10.1109/LRA.2021.3135930},
   DOI={10.1109/lra.2021.3135930},
   number={2},
   journal={IEEE Robotics and Automation Letters},
   publisher={Institute of Electrical and Electronics Engineers (IEEE)},
   author={Freed, Benjamin and Kapoor, Aditya and Abraham, Ian and Schneider, Jeff and Choset, Howie},
   year={2022},
   month=apr, pages={890â€“897} }

@inproceedings{han2022off,
  title={Off-policy reinforcement learning with delayed rewards},
  author={Han, Beining and Ren, Zhizhou and Wu, Zuofan and Zhou, Yuan and Peng, Jian},
  booktitle={International Conference on Machine Learning},
  pages={8280--8303},
  year={2022},
  organization={PMLR}
}

@article{harutyunyan2019hindsight,
  title={Hindsight credit assignment},
  author={Harutyunyan, Anna and Dabney, Will and Mesnard, Thomas and Gheshlaghi Azar, Mohammad and Piot, Bilal and Heess, Nicolas and van Hasselt, Hado P and Wayne, Gregory and Singh, Satinder and Precup, Doina and others},
  journal={Advances in neural information processing systems},
  volume={32},
  year={2019}
}

@misc{kapoor2024agenttemporalcreditassignmentoptimal,
      title={Agent-Temporal Credit Assignment for Optimal Policy Preservation in Sparse Multi-Agent Reinforcement Learning}, 
      author={Aditya Kapoor and Sushant Swamy and Kale-ab Tessera and Mayank Baranwal and Mingfei Sun and Harshad Khadilkar and Stefano V. Albrecht},
      year={2024},
      eprint={2412.14779},
      archivePrefix={arXiv},
      primaryClass={cs.MA},
      url={https://arxiv.org/abs/2412.14779}, 
}

@article{kapoor2024assigning,
  title={Assigning Credit with Partial Reward Decoupling in Multi-Agent Proximal Policy Optimization},
  author={Kapoor, Aditya and Freed, Benjamin and Choset, Howie and Schneider, Jeff},
  journal={arXiv preprint arXiv:2408.04295},
  year={2024}
}

@article{liu2019sequence,
  title={Sequence modeling of temporal credit assignment for episodic reinforcement learning},
  author={Liu, Yang and Luo, Yunan and Zhong, Yuanyi and Chen, Xi and Liu, Qiang and Peng, Jian},
  journal={arXiv preprint arXiv:1905.13420},
  year={2019}
}

@article{rashid2020monotonic,
  title={Monotonic value function factorisation for deep multi-agent reinforcement learning},
  author={Rashid, Tabish and Samvelyan, Mikayel and De Witt, Christian Schroeder and Farquhar, Gregory and Foerster, Jakob and Whiteson, Shimon},
  journal={Journal of Machine Learning Research},
  volume={21},
  number={178},
  pages={1--51},
  year={2020}
}

@article{ren2021learning,
  title={Learning long-term reward redistribution via randomized return decomposition},
  author={Ren, Zhizhou and Guo, Ruihan and Zhou, Yuan and Peng, Jian},
  journal={arXiv preprint arXiv:2111.13485},
  year={2021}
}

@article{she2022agent,
  title={Agent-time attention for sparse rewards multi-agent reinforcement learning},
  author={She, Jennifer and Gupta, Jayesh K and Kochenderfer, Mykel J},
  journal={arXiv preprint arXiv:2210.17540},
  year={2022}
}

@article{sunehag2017value,
  title={Value-decomposition networks for cooperative multi-agent learning},
  author={Sunehag, Peter and Lever, Guy and Gruslys, Audrunas and Czarnecki, Wojciech Marian and Zambaldi, Vinicius and Jaderberg, Max and Lanctot, Marc and Sonnerat, Nicolas and Leibo, Joel Z and Tuyls, Karl and others},
  journal={arXiv preprint arXiv:1706.05296},
  year={2017}
}

@article{vaswani2017attention,
  title={Attention is all you need},
  author={Vaswani, Ashish and Shazeer, Noam and Parmar, Niki and Uszkoreit, Jakob and Jones, Llion and Gomez, Aidan N and Kaiser, {\L}ukasz and Polosukhin, Illia},
  journal={Advances in neural information processing systems},
  volume={30},
  year={2017}
}

@inproceedings{wang2020shapley,
  title={Shapley q-value: A local reward approach to solve global reward games},
  author={Wang, Jianhong and Zhang, Yuan and Kim, Tae-Kyun and Gu, Yunjie},
  booktitle={Proceedings of the AAAI Conference on Artificial Intelligence},
  volume={34},
  pages={7285--7292},
  year={2020}
}

@article{xiao2022agent,
  title={Agent-temporal attention for reward redistribution in episodic multi-agent reinforcement learning},
  author={Xiao, Baicen and Ramasubramanian, Bhaskar and Poovendran, Radha},
  journal={arXiv preprint arXiv:2201.04612},
  year={2022}
}

@inproceedings{zhu2023towards,
  title     = {Towards Long-delayed Sparsity: Learning a Better Transformer through Reward Redistribution},
  author    = {Zhu, Tianchen and Qiu, Yue and Zhou, Haoyi and Li, Jianxin},
  booktitle = {Proceedings of the Thirty-Second International Joint Conference on
               Artificial Intelligence, {IJCAI-23}},
  publisher = {International Joint Conferences on Artificial Intelligence Organization},
  editor    = {Edith Elkind},
  pages     = {4693--4701},
  year      = {2023},
  month     = {8},
  note      = {Main Track},
  doi       = {10.24963/ijcai.2023/522},
  url       = {https://doi.org/10.24963/ijcai.2023/522},
}

