
@article{Damodaram,
  title={Recent Decade Global Trends in Renewable Energy and Investments-A Review.},
  author={Damodaram, AK and Tulasi, Ch Lakshmi and Reddy, L Venkateswara},
  journal={International Journal of COMADEM},
  volume={25},
  number={3},
  year={2022}
}

@article{RUSSO2023136997,
title = {Future perspectives for wind and solar electricity production under high-resolution climate change scenarios},
journal = {Journal of Cleaner Production},
volume = {404},
pages = {136997},
year = {2023},
issn = {0959-6526},
author = {M.A. Russo and D. Carvalho and N. Martins and A. Monteiro},
keywords = {Wind, Solar, Decarbonisation, Climate scenarios, CMIP6}
}


@incollection{Berraies2021,
  title={Machine Learning to Facilitate the Integration of Renewable Energies into the Grid},
  author={Berraies, Ahlem Aissa and Tzanetos, Alexandros and Blondin, Maude},
  booktitle={Handbook of Smart Energy Systems},
  pages={689--711},
  year={2023},
  publisher={Springer}
}


@inproceedings{Nazir202163,
  title={A machine learning model selection considering tradeoffs between accuracy and interpretability},
  author={Nazir, Zhumakhan and Kaldykhanov, Dinmukhamed and Tolep, Kozy-Korpesh and Park, Jurn-Gyu},
  booktitle={2021 13th International Conference on Information Technology and Electrical Engineering (ICITEE)},
  pages={63--68},
  year={2021},
  organization={IEEE}
}


@inproceedings{Penmetsa2019,
  title={Climate change effects on solar, wind and hydro power generation},
  author={Penmetsa, Vikramaditya and Holbert, Keith E},
  booktitle={2019 North American Power Symposium (NAPS)},
  pages={1--6},
  year={2019},
  organization={IEEE}
}

@inproceedings{Aula2013,
  title={Power fluctuation reduction methodology for the grid-connected renewable power systems},
  author={Aula, Fadhil T and Lee, Samuel C},
  booktitle={Active and Passive Smart Structures and Integrated Systems 2013},
  volume={8688},
  pages={565--569},
  year={2013},
  organization={SPIE}
}


@inproceedings{Liang2023101,
  title={Tutorial on multimodal machine learning: principles, challenges, and open questions},
  author={Liang, Paul Pu and Morency, Louis-Philippe},
  booktitle={Companion Publication of the 25th International Conference on Multimodal Interaction},
  pages={101--104},
  year={2023}
}


@article{zheng2021psml,
  title={A multi-scale time-series dataset with benchmark for machine learning in decarbonized energy grids},
  author={Zheng, Xiangtian and Xu, Nan and Trinh, Loc and Wu, Dongqi and Huang, Tong and Sivaranjani, S and Liu, Yan and Xie, Le},
  journal={Scientific Data},
  volume={9},
  number={1},
  pages={359},
  year={2022},
  publisher={Nature Publishing Group UK London}
}

@article{TALARI20181953,
title = {Stochastic modelling of renewable energy sources from operators' point-of-view: A survey},
journal = {Renewable and Sustainable Energy Reviews},
volume = {81},
pages = {1953-1965},
year = {2018},
issn = {1364-0321},
author = {Saber Talari and Miadreza Shafie-khah and Gerardo J. Osório and Jamshid Aghaei and João P.S. Catalão}}

@ARTICLE{6099519,
  author={Fang, Xi and Misra, Satyajayant and Xue, Guoliang and Yang, Dejun},
  journal={IEEE Communications Surveys \& Tutorials}, 
  title={Smart Grid — The New and Improved Power Grid: A Survey}, 
  year={2012},
  volume={14},
  number={4},
  pages={944-980},
}


@ARTICLE{6808416,
  author={Xie, Le and Chen, Yang and Kumar, P. R.},
  journal={IEEE Transactions on Power Systems}, 
  title={Dimensionality Reduction of Synchrophasor Data for Early Event Detection: Linearized Analysis}, 
  year={2014},
  volume={29},
  number={6},
  pages={2784-2794},
}

@article{SABER20201113,
title = {A threshold free PMU-based fault location scheme for multi-end lines},
journal = {Ain Shams Engineering Journal},
volume = {11},
number = {4},
pages = {1113-1121},
year = {2020},
issn = {2090-4479},
author = {Ahmed Saber and Ahmed Emam and Hany Elghazaly},
}


@inproceedings{Wu2019,
  title={Structural Analysis Based Method for Estimating Critical Clearing Time without Time Domain Simulation},
  author={Wu, D and Sharma, D and Ji, G and Perumalla, V and Luo, X and Jiang, JN},
  booktitle={2019 IEEE Power \& Energy Society General Meeting (PESGM)},
  pages={1--5},
  year={2019},
  organization={IEEE}
}


@inproceedings{Banjar-Nahor20181183,
  title={Critical clearing time transformation upon renewables integration through static converters, a case in microgrids},
  author={Banjar-Nahor, Kevin M and Garbuio, Lauric and Debusschere, Vincent and Hadjsaid, Nouredine and Sinisuka, Ngapuli and others},
  booktitle={2018 IEEE International Conference on Industrial Technology (ICIT)},
  pages={1183--1188},
  year={2018},
  organization={IEEE}
}


@ARTICLE{9207873,
  author={Gupta, Ashish and Gupta, Hari Prabhat and Biswas, Bhaskar and Dutta, Tanima},
  journal={IEEE Transactions on Artificial Intelligence}, 
  title={Approaches and Applications of Early Classification of Time Series: A Review}, 
  year={2020},
  volume={1},
  number={1},
  pages={47-61},
 }

@article{YU201937,
title = {Clustering-based proxy measure for optimizing one-class classifiers},
journal = {Pattern Recognition Letters},
volume = {117},
pages = {37-44},
year = {2019},
issn = {0167-8655},
author = {Jaehong Yu and Seokho Kang}}

@article{POLLITT201232,
title = {Lessons from the history of independent system operators in the energy sector},
journal = {Energy Policy},
volume = {47},
pages = {32-48},
year = {2012},
issn = {0301-4215},
author = {Michael G. Pollitt},
keywords = {Independent system operator, Electricity transmission, Gas transmission}}


@incollection{life_cycle_cost_assessment,
  title={Life cycle cost and life cycle assessment: an approximation to understand the real impacts of the Electricity Supply Industry},
  author={Niembro-Garc{\'\i}a, Joaquina and Alfaro-Mart{\'\i}nez, Patricia and Marmolejo-Saucedo, Jose Antonio},
  booktitle={Advances of Artificial Intelligence in a Green Energy Environment},
  pages={83--110},
  year={2022},
  publisher={Elsevier}
}



@article{SOHRAB2021107648,
title = {Multimodal subspace support vector data description},
journal = {Pattern Recognition},
volume = {110},
pages = {107648},
year = {2021},
issn = {0031-3203},
author = {Fahad Sohrab and Jenni Raitoharju and Alexandros Iosifidis and Moncef Gabbouj}
}

@INPROCEEDINGS{8545819,
  author={Sohrab, Fahad and Raitoharju, Jenni and Gabbouj, Moncef and Iosifidis, Alexandros},
  booktitle={2018 24th International Conference on Pattern Recognition (ICPR)}, 
  title={Subspace Support Vector Data Description}, 
  year={2018},
  volume={},
  number={},
  pages={722-727} }

@article{Tax2004SupportVD,
  title={Support Vector Data Description},
  author={David M. J. Tax and Robert P. W. Duin},
  journal={Machine Learning},
  year={2004},
  volume={54},
  pages={45-66}

}

@INPROCEEDINGS{10081907,
  author={Degerli, Aysen and Sohrab, Fahad and Kiranyaz, Serkan and Gabbouj, Moncef},
  booktitle={2022 Computing in Cardiology (CinC)}, 
  title={Early Myocardial Infarction Detection with One-Class Classification over Multi-view Echocardiography}, 
  year={2022},
  volume={498},
  number={},
  pages={1-4},
  keywords={Training;Sensitivity;Echocardiography;Computational modeling;Imaging;Myocardium;Classification algorithms}
 }

@InProceedings{trustworthiness2024,
author="Khan, Tanveer
and Sohrab, Fahad
and Michalas, Antonis
and Gabbouj, Moncef",
editor="Barolli, Leonard",
title="Trustworthiness of X-Users: A One-Class Classification Approach",
booktitle="Advanced Information Networking and Applications",
year="2024",
publisher="Springer Nature Switzerland",
address="Cham",
pages="331--343",
}



@INPROCEEDINGS{10372038,
  author={Zaffar, Zaffar and Sohrab, Fahad and Kanniainen, Juho and Gabbouj, Moncef},
  booktitle={2023 IEEE Symposium Series on Computational Intelligence (SSCI)}, 
  title={Credit Card Fraud Detection with Subspace Learning-based One-Class Classification}, 
  year={2023},
  pages={407-412}
}

@article{KIM2019353,
title = {Bus voltage control and optimization strategies for power flow analyses using Petri net approach},
journal = {International Journal of Electrical Power \& Energy Systems},
volume = {112},
pages = {353-361},
year = {2019},
issn = {0142-0615},
author = {Insu Kim and Shuo Xu}}

@ARTICLE{6584012,
  author={Kwak, Nojun},
  journal={IEEE Transactions on Neural Networks and Learning Systems}, 
  title={Nonlinear Projection Trick in Kernel Methods: An Alternative to the Kernel Trick}, 
  year={2013},
  volume={24},
  number={12},
  pages={2113-2119}}

@article{SOHRAB2023108999,
title = {Graph-embedded subspace support vector data description},
journal = {Pattern Recognition},
volume = {133},
pages = {108999},
year = {2023},
issn = {0031-3203},
author = {Fahad Sohrab and Alexandros Iosifidis and Moncef Gabbouj and Jenni Raitoharju}}

@INPROCEEDINGS{10371857,
  author={Sohrab, Fahad and Laakom, Firas and Gabbouj, Moncef},
  booktitle={2023 IEEE Symposium Series on Computational Intelligence (SSCI)}, 
  title={Newton Method-Based Subspace Support Vector Data Description}, 
  year={2023},
  volume={},
  number={},
  pages={1372-1379}}


@inproceedings{Han20244591,
  title={ERL-MR: Harnessing the Power of Euler Feature Representations for Balanced Multi-modal Learning},
  author={Han, Weixiang and Cai, Chengjun and Guo, Yu and Peng, Jialiang},
  booktitle={Proceedings of the 32nd ACM International Conference on Multimedia},
  pages={4591--4600},
  year={2024}
}


@inproceedings{zahid2024refining,
  title={Refining Myocardial Infarction Detection: A Novel Multi-Modal Composite Kernel Strategy in One-Class Classification},
  author={Zahid, Muhammad Uzair and Degerli, Aysen and Sohrab, Fahad and Kiranyaz, Serkan and Hamid, Tahir and Mazhar, Rashid and Gabbouj, Moncef},
  booktitle={2024 IEEE International Conference on Image Processing (ICIP)},
  pages={3010--3016},
  year={2024},
  organization={IEEE}
}

@article{sohrab2020ellipsoidal,
  title={Ellipsoidal subspace support vector data description},
  author={Sohrab, Fahad and Raitoharju, Jenni and Iosifidis, Alexandros and Gabbouj, Moncef},
  journal={IEEE Access},
  volume={8},
  pages={122013--122025},
  year={2020},
  publisher={IEEE}
}

@article{al2024malware,
  title={Malware Detection with Subspace Learning-based One-Class Classification},
  author={Al-Khshali, Hasan H and Ilyas, Muhammad and Sohrab, Fahad and Gabbouj, Moncef},
  journal={IEEE Access},
  year={2024},
  publisher={IEEE}
}

@inproceedings{kilickaya2023hyperspectral,
  title={Hyperspectral image analysis with subspace learning-based one-class classification},
  author={Kilickaya, Sertac and Ahishali, Mete and Sohrab, Fahad and Ince, Turker and Gabbouj, Moncef},
  booktitle={2023 Photonics \& Electromagnetics Research Symposium (PIERS)},
  pages={953--959},
  year={2023},
  organization={IEEE}
}

@article{laakom2023convolutional,
  title={Convolutional autoencoder-based multimodal one-class classification},
  author={Laakom, Firas and Sohrab, Fahad and Raitoharju, Jenni and Iosifidis, Alexandros and Gabbouj, Moncef},
  journal={arXiv preprint arXiv:2309.14090},
  year={2023}
}