@INPROCEEDINGS{10081907,
  author={Degerli, Aysen and Sohrab, Fahad and Kiranyaz, Serkan and Gabbouj, Moncef},
  booktitle={2022 Computing in Cardiology (CinC)}, 
  title={Early Myocardial Infarction Detection with One-Class Classification over Multi-view Echocardiography}, 
  year={2022},
  volume={498},
  number={},
  pages={1-4},
  keywords={Training;Sensitivity;Echocardiography;Computational modeling;Imaging;Myocardium;Classification algorithms}
 }

@INPROCEEDINGS{10372038,
  author={Zaffar, Zaffar and Sohrab, Fahad and Kanniainen, Juho and Gabbouj, Moncef},
  booktitle={2023 IEEE Symposium Series on Computational Intelligence (SSCI)}, 
  title={Credit Card Fraud Detection with Subspace Learning-based One-Class Classification}, 
  year={2023},
  pages={407-412}
}

@ARTICLE{6584012,
  author={Kwak, Nojun},
  journal={IEEE Transactions on Neural Networks and Learning Systems}, 
  title={Nonlinear Projection Trick in Kernel Methods: An Alternative to the Kernel Trick}, 
  year={2013},
  volume={24},
  number={12},
  pages={2113-2119}}

@ARTICLE{6808416,
  author={Xie, Le and Chen, Yang and Kumar, P. R.},
  journal={IEEE Transactions on Power Systems}, 
  title={Dimensionality Reduction of Synchrophasor Data for Early Event Detection: Linearized Analysis}, 
  year={2014},
  volume={29},
  number={6},
  pages={2784-2794},
}

@INPROCEEDINGS{8545819,
  author={Sohrab, Fahad and Raitoharju, Jenni and Gabbouj, Moncef and Iosifidis, Alexandros},
  booktitle={2018 24th International Conference on Pattern Recognition (ICPR)}, 
  title={Subspace Support Vector Data Description}, 
  year={2018},
  volume={},
  number={},
  pages={722-727} }

@ARTICLE{9207873,
  author={Gupta, Ashish and Gupta, Hari Prabhat and Biswas, Bhaskar and Dutta, Tanima},
  journal={IEEE Transactions on Artificial Intelligence}, 
  title={Approaches and Applications of Early Classification of Time Series: A Review}, 
  year={2020},
  volume={1},
  number={1},
  pages={47-61},
 }

@inproceedings{Banjar-Nahor20181183,
  title={Critical clearing time transformation upon renewables integration through static converters, a case in microgrids},
  author={Banjar-Nahor, Kevin M and Garbuio, Lauric and Debusschere, Vincent and Hadjsaid, Nouredine and Sinisuka, Ngapuli and others},
  booktitle={2018 IEEE International Conference on Industrial Technology (ICIT)},
  pages={1183--1188},
  year={2018},
  organization={IEEE}
}

@inproceedings{Nazir202163,
  title={A machine learning model selection considering tradeoffs between accuracy and interpretability},
  author={Nazir, Zhumakhan and Kaldykhanov, Dinmukhamed and Tolep, Kozy-Korpesh and Park, Jurn-Gyu},
  booktitle={2021 13th International Conference on Information Technology and Electrical Engineering (ICITEE)},
  pages={63--68},
  year={2021},
  organization={IEEE}
}

@article{SABER20201113,
title = {A threshold free PMU-based fault location scheme for multi-end lines},
journal = {Ain Shams Engineering Journal},
volume = {11},
number = {4},
pages = {1113-1121},
year = {2020},
issn = {2090-4479},
author = {Ahmed Saber and Ahmed Emam and Hany Elghazaly},
}

@article{SOHRAB2021107648,
title = {Multimodal subspace support vector data description},
journal = {Pattern Recognition},
volume = {110},
pages = {107648},
year = {2021},
issn = {0031-3203},
author = {Fahad Sohrab and Jenni Raitoharju and Alexandros Iosifidis and Moncef Gabbouj}
}

@article{Tax2004SupportVD,
  title={Support Vector Data Description},
  author={David M. J. Tax and Robert P. W. Duin},
  journal={Machine Learning},
  year={2004},
  volume={54},
  pages={45-66}

}

@inproceedings{Wu2019,
  title={Structural Analysis Based Method for Estimating Critical Clearing Time without Time Domain Simulation},
  author={Wu, D and Sharma, D and Ji, G and Perumalla, V and Luo, X and Jiang, JN},
  booktitle={2019 IEEE Power \& Energy Society General Meeting (PESGM)},
  pages={1--5},
  year={2019},
  organization={IEEE}
}

@article{al2024malware,
  title={Malware Detection with Subspace Learning-based One-Class Classification},
  author={Al-Khshali, Hasan H and Ilyas, Muhammad and Sohrab, Fahad and Gabbouj, Moncef},
  journal={IEEE Access},
  year={2024},
  publisher={IEEE}
}

@inproceedings{kilickaya2023hyperspectral,
  title={Hyperspectral image analysis with subspace learning-based one-class classification},
  author={Kilickaya, Sertac and Ahishali, Mete and Sohrab, Fahad and Ince, Turker and Gabbouj, Moncef},
  booktitle={2023 Photonics \& Electromagnetics Research Symposium (PIERS)},
  pages={953--959},
  year={2023},
  organization={IEEE}
}

@article{laakom2023convolutional,
  title={Convolutional autoencoder-based multimodal one-class classification},
  author={Laakom, Firas and Sohrab, Fahad and Raitoharju, Jenni and Iosifidis, Alexandros and Gabbouj, Moncef},
  journal={arXiv preprint arXiv:2309.14090},
  year={2023}
}

@InProceedings{trustworthiness2024,
author="Khan, Tanveer
and Sohrab, Fahad
and Michalas, Antonis
and Gabbouj, Moncef",
editor="Barolli, Leonard",
title="Trustworthiness of X-Users: A One-Class Classification Approach",
booktitle="Advanced Information Networking and Applications",
year="2024",
publisher="Springer Nature Switzerland",
address="Cham",
pages="331--343",
}

@inproceedings{zahid2024refining,
  title={Refining Myocardial Infarction Detection: A Novel Multi-Modal Composite Kernel Strategy in One-Class Classification},
  author={Zahid, Muhammad Uzair and Degerli, Aysen and Sohrab, Fahad and Kiranyaz, Serkan and Hamid, Tahir and Mazhar, Rashid and Gabbouj, Moncef},
  booktitle={2024 IEEE International Conference on Image Processing (ICIP)},
  pages={3010--3016},
  year={2024},
  organization={IEEE}
}

@article{zheng2021psml,
  title={A multi-scale time-series dataset with benchmark for machine learning in decarbonized energy grids},
  author={Zheng, Xiangtian and Xu, Nan and Trinh, Loc and Wu, Dongqi and Huang, Tong and Sivaranjani, S and Liu, Yan and Xie, Le},
  journal={Scientific Data},
  volume={9},
  number={1},
  pages={359},
  year={2022},
  publisher={Nature Publishing Group UK London}
}

