@misc{apple2021csam,
    author = "{Apple}",
    title = {{CSAM Detection Technical Summary}},
    howpublished = {\url{https://www.apple.com/child-safety/pdf/CSAM_Detection_Technical_Summary.pdf}},
    note = {Online; accessed 8 August 2024} ,
    year=2021,
}

@misc{c2pa2023coalition,
    author = "{Coalition for Content Provenance and Authenticity}",
    title = {{C2PA Technical Specification}},
    howpublished = {\url{https://c2pa.org/specifications/specifications/1.3/specs/_attachments/C2PA_Specification.pdf}},
    note = {Online; accessed 16 July 2024} ,
    year=2023,
}

@inproceedings{chaudhuri2003robust,
  title={Robust and efficient fuzzy match for online data cleaning},
  author={Chaudhuri, Surajit and Ganjam, Kris and Ganti, Venkatesh and Motwani, Rajeev},
  booktitle={Proceedings of the 2003 ACM SIGMOD international conference on Management of data},
  pages={313--324},
  year={2003}
}

@inproceedings{chen2020simple,
  title={A simple framework for contrastive learning of visual representations},
  author={Chen, Ting and Kornblith, Simon and Norouzi, Mohammad and Hinton, Geoffrey},
  booktitle={International conference on machine learning},
  pages={1597--1607},
  year={2020},
  organization={PMLR}
}

@incollection{gegg2024ai,
  title={AI Detection's High False Positive Rates and the Psychological and Material Impacts on Students},
  author={Gegg-Harrison, Whitney and Quarterman, Claire},
  booktitle={Academic Integrity in the Age of Artificial Intelligence},
  pages={199--219},
  year={2024},
  publisher={IGI Global}
}

@inproceedings{indyk1998approximate,
  title={Approximate nearest neighbors: towards removing the curse of dimensionality},
  author={Indyk, Piotr and Motwani, Rajeev},
  booktitle={Proceedings of the thirtieth annual ACM symposium on Theory of computing},
  pages={604--613},
  year={1998}
}

@misc{iscc2024enhancement,
    author = "{Pan, Titusz}",
    title = {{ISCC - Enhancement Proposals (IEPs)}},
    howpublished = {\url{https://ieps.iscc.codes/}},
    note = {Online; accessed 16 July 2024} ,
    year=2022,
}

@article{laurie2014certificate,
  title={Certificate transparency},
  author={Laurie, Ben},
  journal={Communications of the ACM},
  volume={57},
  number={10},
  pages={40--46},
  year={2014},
  publisher={ACM New York, NY, USA}
}

@inproceedings{prokos2023squint,
  title={Squint hard enough: Attacking perceptual hashing with adversarial machine learning},
  author={Prokos, Jonathan and Fendley, Neil and Green, Matthew and Schuster, Roei and Tromer, Eran and Jois, Tushar and Cao, Yinzhi},
  booktitle={32nd USENIX Security Symposium (USENIX Security 23)},
  pages={211--228},
  year={2023}
}

@article{saltman2021practical,
  title={Practical and Technical Considerations},
  author={Saltman, Erin and Thorley, Tom},
  journal={Broadening the GIFCT Hash-Sharing Database Taxonomy: An Assessment and Recommended Next Steps},
  pages={12},
  year={2021}
}

@article{seo2004robust,
  title={A robust image fingerprinting system using the Radon transform},
  author={Seo, Jin S and Haitsma, Jaap and Kalker, Ton and Yoo, Chang D},
  journal={Signal Processing: Image Communication},
  volume={19},
  number={4},
  pages={325--339},
  year={2004},
  publisher={Elsevier}
}

@misc{stopncii,
  title = {Stop Non-Consensual Intimate Image Abuse},
  author = {{StopNCII}},
  howpublished = {\url{https://stopncii.org/}},
  year = {2024},
  note = {Accessed: 2024-09-30}
}

