@misc{c2pa2023coalition,
    author = "{Coalition for Content Provenance and Authenticity}",
    title = {{C2PA Technical Specification}},
    howpublished = {\url{https://c2pa.org/specifications/specifications/1.3/specs/_attachments/C2PA_Specification.pdf}},
    note = {Online; accessed 16 July 2024} ,
    year=2023,
}

@misc{iscc2024enhancement,
    author = "{Pan, Titusz}",
    title = {{ISCC - Enhancement Proposals (IEPs)}},
    howpublished = {\url{https://ieps.iscc.codes/}},
    note = {Online; accessed 16 July 2024} ,
    year=2022,
}

@article{herley2002watermarking,
  title={Why watermarking is nonsense},
  author={Herley, Cormac},
  journal={IEEE Signal Processing Magazine},
  volume={19},
  number={5},
  pages={10--11},
  year={2002},
  publisher={IEEE}
}

@inproceedings{rombach2022high,
  title={High-resolution image synthesis with latent diffusion models},
  author={Rombach, Robin and Blattmann, Andreas and Lorenz, Dominik and Esser, Patrick and Ommer, Bj{\"o}rn},
  booktitle={Proceedings of the IEEE/CVF conference on computer vision and pattern recognition},
  pages={10684--10695},
  year={2022}
}

@article{zhang2023watermarks,
  title={Watermarks in the sand: Impossibility of strong watermarking for generative models},
  author={Zhang, Hanlin and Edelman, Benjamin L and Francati, Danilo and Venturi, Daniele and Ateniese, Giuseppe and Barak, Boaz},
  journal={arXiv preprint arXiv:2311.04378},
  year={2023}
}

@inproceedings{tsipras2019robustness,
  title={Robustness May Be at Odds with Accuracy},
  author={Tsipras, Dimitris and Santurkar, Shibani and Engstrom, Logan and Turner, Alexander and Madry, Aleksander},
  booktitle={International Conference on Learning Representations},
  year={2019}
}

@inproceedings{naor1989universal,
  title={Universal one-way hash functions and their cryptographic applications},
  author={Naor, Moni and Yung, Moti},
  booktitle={Proceedings of the twenty-first annual ACM symposium on Theory of computing},
  year={1989}
}

@inproceedings{rompel1990one,
  title={One-way functions are necessary and sufficient for secure signatures},
  author={Rompel, John},
  booktitle={Proceedings of the twenty-second annual ACM symposium on Theory of computing},
  year={1990}
}

@inproceedings{fernandez2023stable,
  title={The stable signature: Rooting watermarks in latent diffusion models},
  author={Fernandez, Pierre and Couairon, Guillaume and J{\'e}gou, Herv{\'e} and Douze, Matthijs and Furon, Teddy},
  booktitle={Proceedings of the IEEE/CVF International Conference on Computer Vision},
  pages={22466--22477},
  year={2023}
}

@inproceedings{pizzi2022self,
  title={A self-supervised descriptor for image copy detection},
  author={Pizzi, Ed and Roy, Sreya Dutta and Ravindra, Sugosh Nagavara and Goyal, Priya and Douze, Matthijs},
  booktitle={Proceedings of the IEEE/CVF Conference on Computer Vision and Pattern Recognition},
  pages={14532--14542},
  year={2022}
}

@inproceedings{chen2020simple,
  title={A simple framework for contrastive learning of visual representations},
  author={Chen, Ting and Kornblith, Simon and Norouzi, Mohammad and Hinton, Geoffrey},
  booktitle={International conference on machine learning},
  pages={1597--1607},
  year={2020},
  organization={PMLR}
}

@book{kerckhoffs1883cryptographie,
  title={La cryptographie militaire, ou, Des chiffres usit{\'e}s en temps de guerre: avec un nouveau proc{\'e}d{\'e} de d{\'e}chiffrement applicable aux syst{\`e}mes {\`a} double clef},
  author={Kerckhoffs, Auguste},
  year={1883},
  publisher={Librairie militaire de L. Baudoin}
}

@article{carlini2024stealing,
  title={Stealing part of a production language model},
  author={Carlini, Nicholas and Paleka, Daniel and Dvijotham, Krishnamurthy Dj and Steinke, Thomas and Hayase, Jonathan and Cooper, A Feder and Lee, Katherine and Jagielski, Matthew and Nasr, Milad and Conmy, Arthur and others},
  journal={arXiv preprint arXiv:2403.06634},
  year={2024}
}

@article{foerster2024beyond,
  title={Beyond Slow Signs in High-fidelity Model Extraction},
  author={Foerster, Hanna and Mullins, Robert and Shumailov, Ilia and Hayes, Jamie},
  journal={arXiv preprint arXiv:2406.10011},
  year={2024}
}

@inproceedings{zhu2018hidden,
  title={Hidden: Hiding data with deep networks},
  author={Zhu, Jiren and Kaplan, Russell and Johnson, Justin and Fei-Fei, Li},
  booktitle={Proceedings of the European conference on computer vision (ECCV)},
  pages={657--672},
  year={2018}
}

@inproceedings{tancik2020stegastamp,
  title={Stegastamp: Invisible hyperlinks in physical photographs},
  author={Tancik, Matthew and Mildenhall, Ben and Ng, Ren},
  booktitle={Proceedings of the IEEE/CVF conference on computer vision and pattern recognition},
  pages={2117--2126},
  year={2020}
}

@inproceedings{bui2023rosteals,
  title={Rosteals: Robust steganography using autoencoder latent space},
  author={Bui, Tu and Agarwal, Shruti and Yu, Ning and Collomosse, John},
  booktitle={Proceedings of the IEEE/CVF Conference on Computer Vision and Pattern Recognition},
  pages={933--942},
  year={2023}
}

@inproceedings{fernandez2022watermarking,
  title={Watermarking images in self-supervised latent spaces},
  author={Fernandez, Pierre and Sablayrolles, Alexandre and Furon, Teddy and J{\'e}gou, Herv{\'e} and Douze, Matthijs},
  booktitle={ICASSP 2022-2022 IEEE International Conference on Acoustics, Speech and Signal Processing (ICASSP)},
  pages={3054--3058},
  year={2022},
  organization={IEEE}
}

@inproceedings{navas2008dwt,
  title={Dwt-dct-svd based watermarking},
  author={Navas, KA and Ajay, Mathews Cheriyan and Lekshmi, M and Archana, Tampy S and Sasikumar, M},
  booktitle={2008 3rd international conference on communication systems software and middleware and workshops (COMSWARE'08)},
  pages={271--274},
  year={2008},
  organization={IEEE}
}

@article{dubey2024llama,
  title={The Llama 3 Herd of Models},
  author={Dubey, Abhimanyu and Jauhri, Abhinav and Pandey, Abhinav and Kadian, Abhishek and Al-Dahle, Ahmad and Letman, Aiesha and Mathur, Akhil and Schelten, Alan and Yang, Amy and Fan, Angela and others},
  journal={arXiv preprint arXiv:2407.21783},
  year={2024}
}

@article{achiam2023gpt,
  title={Gpt-4 technical report},
  author={Achiam, Josh and Adler, Steven and Agarwal, Sandhini and Ahmad, Lama and Akkaya, Ilge and Aleman, Florencia Leoni and Almeida, Diogo and Altenschmidt, Janko and Altman, Sam and Anadkat, Shyamal and others},
  journal={arXiv preprint arXiv:2303.08774},
  year={2023}
}

@article{reid2024gemini,
  title={Gemini 1.5: Unlocking multimodal understanding across millions of tokens of context},
  author={Reid, Machel and Savinov, Nikolay and Teplyashin, Denis and Lepikhin, Dmitry and Lillicrap, Timothy and Alayrac, Jean-baptiste and Soricut, Radu and Lazaridou, Angeliki and Firat, Orhan and Schrittwieser, Julian and others},
  journal={arXiv preprint arXiv:2403.05530},
  year={2024}
}

@misc{anthropic2024claude,
    author = "{Anthropic}",
    title = {{The Claude 3 Model Family: Opus, Sonnet, Haiku}},
    howpublished = {\url{https://www-cdn.anthropic.com/de8ba9b01c9ab7cbabf5c33b80b7bbc618857627/Model_Card_Claude_3.pdf}},
    note = {Online; accessed 7 August 2024} ,
    year=2024,
}

@misc{gptzero,
    author = "{GPTZero}",
    title = {{GPTZero}},
    howpublished = {\url{hhttps://gptzero.me/}},
    note = {Online; accessed 7 August 2024} ,
    year=2023,
}

@article{bui2023trustmark,
  title={TrustMark: Universal Watermarking for Arbitrary Resolution Images},
  author={Bui, Tu and Agarwal, Shruti and Collomosse, John},
  journal={arXiv preprint arXiv:2311.18297},
  year={2023}
}

@misc{apple2021csam,
    author = "{Apple}",
    title = {{CSAM Detection Technical Summary}},
    howpublished = {\url{https://www.apple.com/child-safety/pdf/CSAM_Detection_Technical_Summary.pdf}},
    note = {Online; accessed 8 August 2024} ,
    year=2021,
}

@inproceedings{indyk1998approximate,
  title={Approximate nearest neighbors: towards removing the curse of dimensionality},
  author={Indyk, Piotr and Motwani, Rajeev},
  booktitle={Proceedings of the thirtieth annual ACM symposium on Theory of computing},
  pages={604--613},
  year={1998}
}

@article{seo2004robust,
  title={A robust image fingerprinting system using the Radon transform},
  author={Seo, Jin S and Haitsma, Jaap and Kalker, Ton and Yoo, Chang D},
  journal={Signal Processing: Image Communication},
  volume={19},
  number={4},
  pages={325--339},
  year={2004},
  publisher={Elsevier}
}

@inproceedings{struppek2022learning,
  title={Learning to break deep perceptual hashing: The use case neuralhash},
  author={Struppek, Lukas and Hintersdorf, Dominik and Neider, Daniel and Kersting, Kristian},
  booktitle={Proceedings of the 2022 ACM Conference on Fairness, Accountability, and Transparency},
  pages={58--69},
  year={2022}
}

@article{oord2018representation,
  title={Representation learning with contrastive predictive coding},
  author={Oord, Aaron van den and Li, Yazhe and Vinyals, Oriol},
  journal={arXiv preprint arXiv:1807.03748},
  year={2018}
}

@article{sablayrolles2018spreading,
  title={Spreading vectors for similarity search},
  author={Sablayrolles, Alexandre and Douze, Matthijs and Schmid, Cordelia and J{\'e}gou, Herv{\'e}},
  journal={arXiv preprint arXiv:1806.03198},
  year={2018}
}

@inproceedings{ge2013optimized,
  title={Optimized product quantization for approximate nearest neighbor search},
  author={Ge, Tiezheng and He, Kaiming and Ke, Qifa and Sun, Jian},
  booktitle={Proceedings of the IEEE conference on computer vision and pattern recognition},
  pages={2946--2953},
  year={2013}
}

@article{grill2020bootstrap,
  title={Bootstrap your own latent-a new approach to self-supervised learning},
  author={Grill, Jean-Bastien and Strub, Florian and Altch{\'e}, Florent and Tallec, Corentin and Richemond, Pierre and Buchatskaya, Elena and Doersch, Carl and Avila Pires, Bernardo and Guo, Zhaohan and Gheshlaghi Azar, Mohammad and others},
  journal={Advances in neural information processing systems},
  volume={33},
  pages={21271--21284},
  year={2020}
}

@inproceedings{wang2021riga,
  title={Riga: Covert and robust white-box watermarking of deep neural networks},
  author={Wang, Tianhao and Kerschbaum, Florian},
  booktitle={Proceedings of the Web Conference 2021},
  pages={993--1004},
  year={2021}
}

@inproceedings{boneh2001short,
  title={Short signatures from the Weil pairing},
  author={Boneh, Dan and Lynn, Ben and Shacham, Hovav},
  booktitle={International conference on the theory and application of cryptology and information security},
  pages={514--532},
  year={2001},
  organization={Springer}
}

@article{srinivasan2024detecting,
  title={Detecting AI fingerprints: A guide to watermarking and beyond},
  author={Srinivasan, Siddarth},
  year={2024},
  journal={The Economics and Regulation of Artificial Intelligence and Emerging Technologies},
  publisher={Brookings Institution}
}

@misc{eu2023artificial,
    author = "{Eurpoean Parliament}",
    title = {{Artificial Intelligence Act}},
    howpublished = {\url{https://www.europarl.europa.eu/doceo/document/TA-9-2023-0236_EN.pdf}},
    note = {Online; accessed 22 August 2024} ,
    year=2023,
}

@misc{us2024national,
    author = "{United States Congress}",
    title = {{National Defense Authorization Act}},
    howpublished = {\url{https://www.congress.gov/118/bills/hr2670/BILLS-118hr2670enr.pdf}},
    note = {Online; accessed 22 August 2024} ,
    year=2024,
}

@misc{ricketts2023advisory,
    author = "{Pete Ricketts}",
    title = {{S. 2765: Advisory for AI-Generated Content Act}},
    howpublished = {\url{https://www.govtrack.us/congress/bills/118/s2765}},
    note = {Online; accessed 22 August 2024} ,
    year=2023,
}

@misc{biden2023executive,
  title={Executive order on the safe, secure, and trustworthy development and use of artificial intelligence},
  author={Biden, Joseph R},
  howpublished = {\url{https://www.whitehouse.gov/briefing-room/presidential-actions/2023/10/30/executive-order-on-the-safe-secure-and-trustworthy-development-and-use-of-artificial-intelligence/}},
  note = {Online; accessed 26 August 2024} ,
  year={2023}
}

@article{laurie2014certificate,
  title={Certificate transparency},
  author={Laurie, Ben},
  journal={Communications of the ACM},
  volume={57},
  number={10},
  pages={40--46},
  year={2014},
  publisher={ACM New York, NY, USA}
}

@article{krishna2024paraphrasing,
  title={Paraphrasing evades detectors of ai-generated text, but retrieval is an effective defense},
  author={Krishna, Kalpesh and Song, Yixiao and Karpinska, Marzena and Wieting, John and Iyyer, Mohit},
  journal={Advances in Neural Information Processing Systems},
  volume={36},
  year={2024}
}

@inproceedings{chaudhuri2003robust,
  title={Robust and efficient fuzzy match for online data cleaning},
  author={Chaudhuri, Surajit and Ganjam, Kris and Ganti, Venkatesh and Motwani, Rajeev},
  booktitle={Proceedings of the 2003 ACM SIGMOD international conference on Management of data},
  pages={313--324},
  year={2003}
}

@inproceedings{prokos2023squint,
  title={Squint hard enough: Attacking perceptual hashing with adversarial machine learning},
  author={Prokos, Jonathan and Fendley, Neil and Green, Matthew and Schuster, Roei and Tromer, Eran and Jois, Tushar and Cao, Yinzhi},
  booktitle={32nd USENIX Security Symposium (USENIX Security 23)},
  pages={211--228},
  year={2023}
}

@article{saltman2021practical,
  title={Practical and Technical Considerations},
  author={Saltman, Erin and Thorley, Tom},
  journal={Broadening the GIFCT Hash-Sharing Database Taxonomy: An Assessment and Recommended Next Steps},
  pages={12},
  year={2021}
}

@incollection{gegg2024ai,
  title={AI Detection's High False Positive Rates and the Psychological and Material Impacts on Students},
  author={Gegg-Harrison, Whitney and Quarterman, Claire},
  booktitle={Academic Integrity in the Age of Artificial Intelligence},
  pages={199--219},
  year={2024},
  publisher={IGI Global}
}

@inproceedings{wolfgang1996watermark,
  title={A watermark for digital images},
  author={Wolfgang, Raymond B and Delp, Edward J},
  booktitle={Proceedings of 3rd IEEE International Conference on Image Processing},
  volume={3},
  pages={219--222},
  year={1996},
  organization={IEEE}
}

@article{cox1997secure,
  title={Secure spread spectrum watermarking for multimedia},
  author={Cox, Ingemar J and Kilian, Joe and Leighton, F Thomson and Shamoon, Talal},
  journal={IEEE transactions on image processing},
  volume={6},
  number={12},
  pages={1673--1687},
  year={1997},
  publisher={IEEE}
}

@article{yeo2003generalized,
  title={Generalized patchwork algorithm for image watermarking},
  author={Yeo, In-Kwon and Kim, Hyoung Joong},
  journal={Multimedia systems},
  volume={9},
  pages={261--265},
  year={2003},
  publisher={Springer}
}

@article{krizhevsky2012imagenet,
  title={Imagenet classification with deep convolutional neural networks},
  author={Krizhevsky, Alex and Sutskever, Ilya and Hinton, Geoffrey E},
  journal={Advances in neural information processing systems},
  volume={25},
  year={2012}
}

@article{wan2022comprehensive,
  title={A comprehensive survey on robust image watermarking},
  author={Wan, Wenbo and Wang, Jun and Zhang, Yunming and Li, Jing and Yu, Hui and Sun, Jiande},
  journal={Neurocomputing},
  volume={488},
  pages={226--247},
  year={2022},
  publisher={Elsevier}
}

@article{van2017neural,
  title={Neural discrete representation learning},
  author={Van Den Oord, Aaron and Vinyals, Oriol and others},
  journal={Advances in neural information processing systems},
  volume={30},
  year={2017}
}

@inproceedings{yang2024gaussian,
  title={Gaussian Shading: Provable Performance-Lossless Image Watermarking for Diffusion Models},
  author={Yang, Zijin and Zeng, Kai and Chen, Kejiang and Fang, Han and Zhang, Weiming and Yu, Nenghai},
  booktitle={Proceedings of the IEEE/CVF Conference on Computer Vision and Pattern Recognition},
  pages={12162--12171},
  year={2024}
}

@article{wen2023tree,
  title={Tree-ring watermarks: Fingerprints for diffusion images that are invisible and robust},
  author={Wen, Yuxin and Kirchenbauer, John and Geiping, Jonas and Goldstein, Tom},
  journal={arXiv preprint arXiv:2305.20030},
  year={2023}
}

@inproceedings{gionis1999similarity,
  title={Similarity search in high dimensions via hashing},
  author={Gionis, Aristides and Indyk, Piotr and Motwani, Rajeev and others},
  booktitle={Vldb},
  year={1999}
}

@inproceedings{charikar2002similarity,
  title={Similarity estimation techniques from rounding algorithms},
  author={Charikar, Moses S},
  booktitle={Proceedings of the thiry-fourth annual ACM symposium on Theory of computing},
  pages={380--388},
  year={2002}
}

@inproceedings{venkatesan2000robust,
  title={Robust image hashing},
  author={Venkatesan, Ramarathnam and Koon, S-M and Jakubowski, Mariusz H and Moulin, Pierre},
  booktitle={Proceedings 2000 International Conference on Image Processing (Cat. No. 00CH37101)},
  volume={3},
  pages={664--666},
  year={2000},
  organization={IEEE}
}

@inproceedings{haitsma2002highly,
  title={A highly robust audio fingerprinting system.},
  author={Haitsma, Jaap and Kalker, Ton},
  booktitle={Ismir},
  volume={2002},
  pages={107--115},
  year={2002}
}

@inproceedings{wang2003industrial,
  title={An industrial strength audio search algorithm.},
  author={Wang, Avery and others},
  booktitle={Ismir},
  volume={2003},
  pages={7--13},
  year={2003},
  organization={Washington, DC}
}

@article{wang2006shazam,
  title={The Shazam music recognition service},
  author={Wang, Avery},
  journal={Communications of the ACM},
  volume={49},
  number={8},
  pages={44--48},
  year={2006},
  publisher={ACM New York, NY, USA}
}

@article{oquab2023dinov2,
  title={Dinov2: Learning robust visual features without supervision},
  author={Oquab, Maxime and Darcet, Timoth{\'e}e and Moutakanni, Th{\'e}o and Vo, Huy and Szafraniec, Marc and Khalidov, Vasil and Fernandez, Pierre and Haziza, Daniel and Massa, Francisco and El-Nouby, Alaaeldin and others},
  journal={arXiv preprint arXiv:2304.07193},
  year={2023}
}

@article{goyal2021self,
  title={Self-supervised pretraining of visual features in the wild},
  author={Goyal, Priya and Caron, Mathilde and Lefaudeux, Benjamin and Xu, Min and Wang, Pengchao and Pai, Vivek and Singh, Mannat and Liptchinsky, Vitaliy and Misra, Ishan and Joulin, Armand and others},
  journal={arXiv preprint arXiv:2103.01988},
  year={2021}
}

@article{caron2020unsupervised,
  title={Unsupervised learning of visual features by contrasting cluster assignments},
  author={Caron, Mathilde and Misra, Ishan and Mairal, Julien and Goyal, Priya and Bojanowski, Piotr and Joulin, Armand},
  journal={Advances in neural information processing systems},
  volume={33},
  pages={9912--9924},
  year={2020}
}

@article{alexey2020image,
  title={An image is worth 16x16 words: Transformers for image recognition at scale},
  author={Alexey, Dosovitskiy},
  journal={arXiv preprint arXiv: 2010.11929},
  year={2020}
}

@inproceedings{assran2022masked,
  title={Masked siamese networks for label-efficient learning},
  author={Assran, Mahmoud and Caron, Mathilde and Misra, Ishan and Bojanowski, Piotr and Bordes, Florian and Vincent, Pascal and Joulin, Armand and Rabbat, Mike and Ballas, Nicolas},
  booktitle={European Conference on Computer Vision},
  pages={456--473},
  year={2022},
  organization={Springer}
}

@inproceedings{zbontar2021barlow,
  title={Barlow twins: Self-supervised learning via redundancy reduction},
  author={Zbontar, Jure and Jing, Li and Misra, Ishan and LeCun, Yann and Deny, St{\'e}phane},
  booktitle={International conference on machine learning},
  pages={12310--12320},
  year={2021},
  organization={PMLR}
}

@article{berman2019multigrain,
  title={Multigrain: a unified image embedding for classes and instances},
  author={Berman, Maxim and J{\'e}gou, Herv{\'e} and Vedaldi, Andrea and Kokkinos, Iasonas and Douze, Matthijs},
  journal={arXiv preprint arXiv:1902.05509},
  year={2019}
}

@article{rivest1978method,
  title={A method for obtaining digital signatures and public-key cryptosystems},
  author={Rivest, Ron and Shamir, Adi and Adleman, Leonard},
  journal={Communications of the ACM},
  volume={21},
  number={2},
  pages={120--126},
  year={1978},
  publisher={ACM New York, NY, USA}
}

@article{johnson2001elliptic,
  title={The elliptic curve digital signature algorithm (ECDSA)},
  author={Johnson, Don and Menezes, Alfred and Vanstone, Scott},
  journal={International journal of information security},
  volume={1},
  pages={36--63},
  year={2001},
  publisher={Springer}
}

@inproceedings{barreto2003constructing,
  title={Constructing elliptic curves with prescribed embedding degrees},
  author={Barreto, Paulo SLM and Lynn, Ben and Scott, Michael},
  booktitle={Security in Communication Networks: Third International Conference, SCN 2002 Amalfi, Italy, September 11--13, 2002 Revised Papers 3},
  pages={257--267},
  year={2003},
  organization={Springer}
}

@misc{certicom2010sec2,
  title={SEC 2: Recommended Elliptic Curve Domain Parameters},
  author={{Certicom Research}},
  year={2010},
  howpublished = {\url{https://www.secg.org/sec2-v2.pdf}},
  note = {Online; accessed 25 September 2024},
}

@article{elaine2016recommendation,
  title={Recommendation for Key Management, Part 1: General},
  author={Elaine, Barker and Barker, W and Burr, W and Polk, W and Smid, Miles},
  journal={NIST Special Publication},
  volume={800},
  pages={57},
  year={2016}
}

@inproceedings{madry2018towards,
    title={Towards Deep Learning Models Resistant to Adversarial Attacks},
    author={Aleksander Madry and Aleksandar Makelov and Ludwig Schmidt and Dimitris Tsipras and Adrian Vladu},
    booktitle={International Conference on Learning Representations},
    year={2018},
}

@inproceedings{douze2009evaluation,
  title={Evaluation of gist descriptors for web-scale image search},
  author={Douze, Matthijs and J{\'e}gou, Herv{\'e} and Sandhawalia, Harsimrat and Amsaleg, Laurent and Schmid, Cordelia},
  booktitle={Proceedings of the ACM international conference on image and video retrieval},
  pages={1--8},
  year={2009}
}

@article{fairoze2023publicly,
  title={Publicly detectable watermarking for language models},
  author={Fairoze, Jaiden and Garg, Sanjam and Jha, Somesh and Mahloujifar, Saeed and Mahmoody, Mohammad and Wang, Mingyuan},
  journal={arXiv preprint arXiv:2310.18491},
  year={2023}
}

@article{ha2024organic,
  title={Organic or Diffused: Can We Distinguish Human Art from AI-generated Images?},
  author={Ha, Anna Yoo Jeong and Passananti, Josephine and Bhaskar, Ronik and Shan, Shawn and Southen, Reid and Zheng, Haitao and Zhao, Ben Y},
  journal={arXiv preprint arXiv:2402.03214},
  year={2024}
}

@article{hellman1976new,
  title={New directions in cryptography},
  author={Hellman, Martin},
  journal={IEEE transactions on Information Theory},
  volume={22},
  number={6},
  pages={644--654},
  year={1976}
}

@book{anderson2010security,
  title={Security engineering: a guide to building dependable distributed systems},
  author={Anderson, Ross J},
  year={2010},
  publisher={John Wiley \& Sons}
}

@inproceedings{jacob2018quantization,
  title={Quantization and training of neural networks for efficient integer-arithmetic-only inference},
  author={Jacob, Benoit and Kligys, Skirmantas and Chen, Bo and Zhu, Menglong and Tang, Matthew and Howard, Andrew and Adam, Hartwig and Kalenichenko, Dmitry},
  booktitle={Proceedings of the IEEE conference on computer vision and pattern recognition},
  pages={2704--2713},
  year={2018}
}

@article{paszke2019pytorch,
  title={Pytorch: An imperative style, high-performance deep learning library},
  author={Paszke, Adam and Gross, Sam and Massa, Francisco and Lerer, Adam and Bradbury, James and Chanan, Gregory and Killeen, Trevor and Lin, Zeming and Gimelshein, Natalia and Antiga, Luca and others},
  journal={Advances in neural information processing systems},
  volume={32},
  year={2019}
}

@misc{synthid,
  title = {Identifying AI-generated content with SynthID},
  author = {{Google DeepMind}},
  howpublished = {\url{https://deepmind.google/technologies/synthid/}},
  year = {2023},
  note = {Accessed: 2024-09-30}
}

@misc{midjourney,
  title = {Midjourney},
  author = {{Midjourney}},
  howpublished = {\url{https://www.midjourney.com/home}},
  year = {2022}
}

@misc{stegai,
  title = {Forensic Watermarking for Digital Media},
  author = {{Steg}},
  howpublished = {\url{https://steg.ai/}},
  year = {2019},
  note = {Accessed: 2024-09-30}
}

@misc{digimarc,
  title = {Revolutionize Your Business with Digimarc Digital Watermarks},
  author = {{Digimarc}},
  howpublished = {\url{https://www.digimarc.com/}},
  year = {1995},
  note = {Accessed: 2024-09-30}
}

@misc{turnitin,
  title = {Plagiarism prevention trusted by educators worldwide},
  author = {{Turnitin}},
  howpublished = {\url{https://www.turnitin.com/products/similarity/}},
  year = {1998},
  note = {Accessed: 2024-09-30}
}

@misc{stopncii,
  title = {Stop Non-Consensual Intimate Image Abuse},
  author = {{StopNCII}},
  howpublished = {\url{https://stopncii.org/}},
  year = {2024},
  note = {Accessed: 2024-09-30}
}

@misc{dallec2pa,
  title = {C2PA in DALL·E 3},
  author = {{OpenAI}},
  howpublished = {\url{https://help.openai.com/en/articles/8912793-c2pa-in-dall-e-3}},
  year = {2024},
  note = {Accessed: 2024-09-30}
}

@book{katzlindell,
author = {Katz, Jonathan and Lindell, Yehuda},
title = {Introduction to Modern Cryptography, Second Edition},
year = {2014},
isbn = {1466570261},
publisher = {Chapman \& Hall/CRC},
edition = {2nd},
}

@inproceedings{muyco2019least,
author = {Muyco, Stella D. and Hernandez, Alexander A.},
title = {Least Significant Bit Hash Algorithm for Digital Image Watermarking Authentication},
year = {2019},
publisher = {Association for Computing Machinery},
url = {https://doi.org/10.1145/3330482.3330523},
doi = {10.1145/3330482.3330523},
booktitle = {Proceedings of the 2019 5th International Conference on Computing and Artificial Intelligence},
}