@article{o1-overthinking,
  title={Do NOT Think That Much for 2+ 3=? On the Overthinking of o1-Like LLMs},
  author={Chen, Xingyu and Xu, Jiahao and Liang, Tian and He, Zhiwei and Pang, Jianhui and Yu, Dian and Song, Linfeng and Liu, Qiuzhi and Zhou, Mengfei and Zhang, Zhuosheng and others},
  journal={arXiv preprint arXiv:2412.21187},
  year={2024}
}

@article{cot,
  title={Chain-of-thought prompting elicits reasoning in large language models},
  author={Wei, Jason and Wang, Xuezhi and Schuurmans, Dale and Bosma, Maarten and Xia, Fei and Chi, Ed and Le, Quoc V and Zhou, Denny and others},
  journal={Advances in neural information processing systems},
  volume={35},
  pages={24824--24837},
  year={2022}
}

@misc{r1,
    author = {{DeepSeek}},
    title = {DeepSeek-R1: Incentivizing Reasoning Capability in LLMs via
Reinforcement Learning},
    year = {2025},
    month = {1},
    day = {20},
    url = {https://github.com/deepseek-ai/DeepSeek-R1/blob/main/DeepSeek_R1.pdf}}


@misc{k15,
    author = {{Kimi Team}},
    title = {KIMI K1.5:
SCALING REINFORCEMENT LEARNING WITH LLMS},
    year = {2025},
    month = {1},
    url = {https://github.com/MoonshotAI/Kimi-k1.5/blob/main/Kimi_k1.5.pdf}}

@misc{o1,
  author = {OpenAI},
  title = {Learning to Reason with LLMs},
  year = {2024},
  url = {https://openai.com/index/learning-to-reason-with-llms}
}

@misc{qwq,
    title = {QwQ: Reflect Deeply on the Boundaries of the Unknown},
    url = {https://qwenlm.github.io/blog/qwq-32b-preview/},
    author = {{Qwen Team}},
    month = {November},
    year = {2024}
}

@article{qwenmath,
  title={Qwen2. 5-math technical report: Toward mathematical expert model via self-improvement},
  author={Yang, An and Zhang, Beichen and Hui, Binyuan and Gao, Bofei and Yu, Bowen and Li, Chengpeng and Liu, Dayiheng and Tu, Jianhong and Zhou, Jingren and Lin, Junyang and others},
  journal={arXiv preprint arXiv:2409.12122},
  year={2024}
}

@misc{skywork-o1,
  title={Skywork-o1 Open Series},
  author={Skywork-o1},
  year={2024},
  month={November},
  howpublished={\url{https://huggingface.co/Skywork}},
  url={https://huggingface.co/Skywork},
}



@article{still,
  title={Imitate, explore, and self-improve: A reproduction report on slow-thinking reasoning systems},
  author={Min, Yingqian and Chen, Zhipeng and Jiang, Jinhao and Chen, Jie and Deng, Jia and Hu, Yiwen and Tang, Yiru and Wang, Jiapeng and Cheng, Xiaoxue and Song, Huatong and others},
  journal={arXiv preprint arXiv:2412.09413},
  year={2024}
}


@inproceedings{self-consistency,
title={Self-Consistency Improves Chain of Thought Reasoning in Language Models},
author={Xuezhi Wang and Jason Wei and Dale Schuurmans and Quoc V Le and Ed H. Chi and Sharan Narang and Aakanksha Chowdhery and Denny Zhou},
booktitle={The Eleventh International Conference on Learning Representations },
year={2023},
url={https://openreview.net/forum?id=1PL1NIMMrw}
}

@article{o1-journey2,
  title={O1 Replication Journey--Part 2: Surpassing O1-preview through Simple Distillation, Big Progress or Bitter Lesson?},
  author={Huang, Zhen and Zou, Haoyang and Li, Xuefeng and Liu, Yixiu and Zheng, Yuxiang and Chern, Ethan and Xia, Shijie and Qin, Yiwei and Yuan, Weizhe and Liu, Pengfei},
  journal={arXiv preprint arXiv:2411.16489},
  year={2024}
}


@article{star,
  title={Star: Bootstrapping reasoning with reasoning},
  author={Zelikman, Eric and Wu, Yuhuai and Mu, Jesse and Goodman, Noah},
  journal={Advances in Neural Information Processing Systems},
  volume={35},
  pages={15476--15488},
  year={2022}
}


@article{rest-mcts,
  title={Rest-mcts*: Llm self-training via process reward guided tree search},
  author={Zhang, Dan and Zhoubian, Sining and Hu, Ziniu and Yue, Yisong and Dong, Yuxiao and Tang, Jie},
  journal={arXiv preprint arXiv:2406.03816},
  year={2024}
}

@article{numinamath,
  title={Numinamath: The largest public dataset in ai4maths with 860k pairs of competition math problems and solutions},
  author={Li, Jia and Beeching, Edward and Tunstall, Lewis and Lipkin, Ben and Soletskyi, Roman and Huang, Shengyi and Rasul, Kashif and Yu, Longhui and Jiang, Albert Q and Shen, Ziju and others},
  journal={Hugging Face repository},
  volume={13},
  year={2024}
}


@article{qwen2.5,
  title={Qwen2. 5: A party of foundation models},
  author={{Qwen Team}},
  journal={Qwen (Sept. 2024). url: https://qwenlm. github. io/blog/qwen2},
  volume={5},
  year={2024}
}


@inproceedings{
math,
title={Measuring Mathematical Problem Solving With the {MATH} Dataset},
author={Dan Hendrycks and Collin Burns and Saurav Kadavath and Akul Arora and Steven Basart and Eric Tang and Dawn Song and Jacob Steinhardt},
booktitle={Thirty-fifth Conference on Neural Information Processing Systems Datasets and Benchmarks Track (Round 2)},
year={2021},
url={https://openreview.net/forum?id=7Bywt2mQsCe}
}

@article{gsm8k,
  title={Training verifiers to solve math word problems},
  author={Cobbe, Karl and Kosaraju, Vineet and Bavarian, Mohammad and Chen, Mark and Jun, Heewoo and Kaiser, Lukasz and Plappert, Matthias and Tworek, Jerry and Hilton, Jacob and Nakano, Reiichiro and others},
  journal={arXiv preprint arXiv:2110.14168},
  year={2021}
}


@misc{llama3.1,
  title = {Introducing Llama 3.1: Our most capable models to date},
  author = {MetaAI},
  year = {2024},
  howpublished = {\url{https://ai.meta.com/blog/meta-llama-3-1/}}
}

@article{gpt-4,
  title={GPT-4 technical report},
  author={OpenAI},
  journal={arXiv},
  pages={2303--08774},
  year={2023}
}

@article{instructGPT,
  title={Training language models to follow instructions with human feedback},
  author={Ouyang, Long and Wu, Jeffrey and Jiang, Xu and Almeida, Diogo and Wainwright, Carroll and Mishkin, Pamela and Zhang, Chong and Agarwal, Sandhini and Slama, Katarina and Ray, Alex and others},
  journal={Advances in Neural Information Processing Systems},
  volume={35},
  pages={27730--27744},
  year={2022}
}

@misc{gpt4o,
  author = {OpenAI},
  title = {Hello GPT-4o},
  year = {2024},
  url = {https://openai.com/index/hello-gpt-4o}
}

@misc{claude3.5,
  author = {Anthropic},
  title = {Claude 3.5 Sonnet},
  year = {2024},
  url = {https://www.anthropic.com/news/claude-3-5-sonnet}
}

@misc{gemini-flash-thinking,
  author = {Google},
  title = {Gemini 2.0 Flash Thinking Mode},
  year = {2024},
  url = {https://ai.google.dev/gemini-api/docs/thinking-mode}
}

@misc{gemini-flash,
  author = {Google},
  title = {Gemini 2.0 Flash Experimental},
  year = {2024},
  url = {https://deepmind.google/technologies/gemini/flash/}
}


@article{deepseekmath,
  title={Deepseekmath: Pushing the limits of mathematical reasoning in open language models},
  author={Shao, Zhihong and Wang, Peiyi and Zhu, Qihao and Xu, Runxin and Song, Junxiao and Bi, Xiao and Zhang, Haowei and Zhang, Mingchuan and Li, YK and Wu, Y and others},
  journal={arXiv preprint arXiv:2402.03300},
  year={2024}
}

@article{codellama,
  title={Code llama: Open foundation models for code},
  author={Roziere, Baptiste and Gehring, Jonas and Gloeckle, Fabian and Sootla, Sten and Gat, Itai and Tan, Xiaoqing Ellen and Adi, Yossi and Liu, Jingyu and Sauvestre, Romain and Remez, Tal and others},
  journal={arXiv preprint arXiv:2308.12950},
  year={2023}
}


@article{gpqa,
  title={Gpqa: A graduate-level google-proof q\&a benchmark},
  author={Rein, David and Hou, Betty Li and Stickland, Asa Cooper and Petty, Jackson and Pang, Richard Yuanzhe and Dirani, Julien and Michael, Julian and Bowman, Samuel R},
  journal={arXiv preprint arXiv:2311.12022},
  year={2023}
}

@inproceedings{
auto-cot,
title={Automatic Chain of Thought Prompting in Large Language Models},
author={Zhuosheng Zhang and Aston Zhang and Mu Li and Alex Smola},
booktitle={The Eleventh International Conference on Learning Representations },
year={2023},
url={https://openreview.net/forum?id=5NTt8GFjUHkr}
}

@inproceedings{metamath,
title={MetaMath: Bootstrap Your Own Mathematical Questions for Large Language Models},
author={Longhui Yu and Weisen Jiang and Han Shi and Jincheng YU and Zhengying Liu and Yu Zhang and James Kwok and Zhenguo Li and Adrian Weller and Weiyang Liu},
booktitle={The Twelfth International Conference on Learning Representations},
year={2024},
url={https://openreview.net/forum?id=N8N0hgNDRt}
}

@article{omni-math,
  title={Omni-math: A universal olympiad level mathematic benchmark for large language models},
  author={Gao, Bofei and Song, Feifan and Yang, Zhe and Cai, Zefan and Miao, Yibo and Dong, Qingxiu and Li, Lei and Ma, Chenghao and Chen, Liang and Xu, Runxin and others},
  journal={arXiv preprint arXiv:2410.07985},
  year={2024}
}


@article{frontiermath,
  title={Frontiermath: A benchmark for evaluating advanced mathematical reasoning in ai},
  author={Glazer, Elliot and Erdil, Ege and Besiroglu, Tamay and Chicharro, Diego and Chen, Evan and Gunning, Alex and Olsson, Caroline Falkman and Denain, Jean-Stanislas and Ho, Anson and Santos, Emily de Oliveira and others},
  journal={arXiv preprint arXiv:2411.04872},
  year={2024}
}


@inproceedings{math-shepherd,
  title={Math-shepherd: Verify and reinforce llms step-by-step without human annotations},
  author={Wang, Peiyi and Li, Lei and Shao, Zhihong and Xu, Runxin and Dai, Damai and Li, Yifei and Chen, Deli and Wu, Yu and Sui, Zhifang},
  booktitle={Proceedings of the 62nd Annual Meeting of the Association for Computational Linguistics (Volume 1: Long Papers)},
  pages={9426--9439},
  year={2024}
}

@article{prm800k,
  title={Let's verify step by step},
  author={Lightman, Hunter and Kosaraju, Vineet and Burda, Yura and Edwards, Harri and Baker, Bowen and Lee, Teddy and Leike, Jan and Schulman, John and Sutskever, Ilya and Cobbe, Karl},
  journal={arXiv preprint arXiv:2305.20050},
  year={2023}
}


@article{step-dpo,
  title={Step-dpo: Step-wise preference optimization for long-chain reasoning of llms},
  author={Lai, Xin and Tian, Zhuotao and Chen, Yukang and Yang, Senqiao and Peng, Xiangru and Jia, Jiaya},
  journal={arXiv preprint arXiv:2406.18629},
  year={2024}
}

@article{rstar-math,
  title={rStar-Math: Small LLMs Can Master Math Reasoning with Self-Evolved Deep Thinking},
  author={Guan, Xinyu and Zhang, Li Lyna and Liu, Yifei and Shang, Ning and Sun, Youran and Zhu, Yi and Yang, Fan and Yang, Mao},
  journal={arXiv preprint arXiv:2501.04519},
  year={2025}
}


@misc{prime,
  title={Process Reinforcement through Implicit Rewards},
  author={Ganqu Cui and Lifan Yuan and Zefan Wang and Hanbin Wang and Wendi Li and Bingxiang He and Yuchen Fan and Tianyu Yu and Qixin Xu and Weize Chen and Jiarui Yuan and Huayu Chen and Kaiyan Zhang and Xingtai Lv and Shuo Wang and Yuan Yao and Hao Peng and Yu Cheng and Zhiyuan Liu and Maosong Sun and Bowen Zhou and Ning Ding},
  year={2025},
  note={Notion Blog}
}



@article{scaling-optimally,
  title={Scaling llm test-time compute optimally can be more effective than scaling model parameters},
  author={Snell, Charlie and Lee, Jaehoon and Xu, Kelvin and Kumar, Aviral},
  journal={arXiv preprint arXiv:2408.03314},
  year={2024}
}


@article{large-language-monkeys,
  title={Large language monkeys: Scaling inference compute with repeated sampling},
  author={Brown, Bradley and Juravsky, Jordan and Ehrlich, Ryan and Clark, Ronald and Le, Quoc V and R{\'e}, Christopher and Mirhoseini, Azalia},
  journal={arXiv preprint arXiv:2407.21787},
  year={2024}
}

@inproceedings{
tot,
title={Tree of Thoughts: Deliberate Problem Solving with Large Language Models},
author={Shunyu Yao and Dian Yu and Jeffrey Zhao and Izhak Shafran and Thomas L. Griffiths and Yuan Cao and Karthik R Narasimhan},
booktitle={Thirty-seventh Conference on Neural Information Processing Systems},
year={2023},
url={https://openreview.net/forum?id=5Xc1ecxO1h}
}


@article{mcts-refine,
  title={Accessing gpt-4 level mathematical olympiad solutions via monte carlo tree self-refine with llama-3 8b},
  author={Zhang, Di and Huang, Xiaoshui and Zhou, Dongzhan and Li, Yuqiang and Ouyang, Wanli},
  journal={arXiv preprint arXiv:2406.07394},
  year={2024}
}



@inproceedings{
more-llm-calls,
title={Are More {LLM} Calls All You Need? Towards the Scaling Properties of Compound {AI} Systems},
author={Lingjiao Chen and Jared Quincy Davis and Boris Hanin and Peter Bailis and Ion Stoica and Matei Zaharia and James Zou},
booktitle={The Thirty-eighth Annual Conference on Neural Information Processing Systems},
year={2024},
url={https://openreview.net/forum?id=m5106RRLgx}
}


@article{empirical-compute-optimal-inference,
  title={An empirical analysis of compute-optimal inference for problem-solving with language models},
  author={Wu, Yangzhen and Sun, Zhiqing and Li, Shanda and Welleck, Sean and Yang, Yiming},
  year={2024}
}


@inproceedings{weighted-majority-voting,
    title = "Making Language Models Better Reasoners with Step-Aware Verifier",
    author = "Li, Yifei  and
      Lin, Zeqi  and
      Zhang, Shizhuo  and
      Fu, Qiang  and
      Chen, Bei  and
      Lou, Jian-Guang  and
      Chen, Weizhu",
    editor = "Rogers, Anna  and
      Boyd-Graber, Jordan  and
      Okazaki, Naoaki",
    booktitle = "Proceedings of the 61st Annual Meeting of the Association for Computational Linguistics (Volume 1: Long Papers)",
    month = jul,
    year = "2023",
    address = "Toronto, Canada",
    publisher = "Association for Computational Linguistics",
    url = "https://aclanthology.org/2023.acl-long.291/",
    doi = "10.18653/v1/2023.acl-long.291",
    pages = "5315--5333",
}


@article{marco-o1,
  title={Marco-o1: Towards open reasoning models for open-ended solutions},
  author={Zhao, Yu and Yin, Huifeng and Zeng, Bo and Wang, Hao and Shi, Tianqi and Lyu, Chenyang and Wang, Longyue and Luo, Weihua and Zhang, Kaifu},
  journal={arXiv preprint arXiv:2411.14405},
  year={2024}
}


@article{stream-of-search,
  title={Stream of Search (SoS): Learning to Search in Language},
  author={Gandhi, Kanishk and Lee, Denise and Grand, Gabriel and Liu, Muxin and Cheng, Winson and Sharma, Archit and Goodman, Noah D},
  journal={arXiv preprint arXiv:2404.03683},
  year={2024}
}


@article{system-2-thinking,
  title={Towards System 2 Reasoning in LLMs: Learning How to Think With Meta Chain-of-Though},
  author={Xiang, Violet and Snell, Charlie and Gandhi, Kanishk and Albalak, Alon and Singh, Anikait and Blagden, Chase and Phung, Duy and Rafailov, Rafael and Lile, Nathan and Mahan, Dakota and others},
  journal={arXiv preprint arXiv:2501.04682},
  year={2025}
}


@misc{sky-t1,
  author       = {{NovaSky Team}},
  title        = {Sky-T1: Train your own O1 preview model within \$450},
  howpublished = {https://novasky-ai.github.io/posts/sky-t1},
  note         = {Accessed: 2025-01-09},
  year         = {2025}
}

@article{o1-pruner,
  title={O1-Pruner: Length-Harmonizing Fine-Tuning for O1-Like Reasoning Pruning},
  author={Luo, Haotian and Shen, Li and He, Haiying and Wang, Yibo and Liu, Shiwei and Li, Wei and Tan, Naiqiang and Cao, Xiaochun and Tao, Dacheng},
  journal={arXiv preprint arXiv:2501.12570},
  year={2025}
}

@article{dpo,
  title={Direct preference optimization: Your language model is secretly a reward model},
  author={Rafailov, Rafael and Sharma, Archit and Mitchell, Eric and Manning, Christopher D and Ermon, Stefano and Finn, Chelsea},
  journal={Advances in Neural Information Processing Systems},
  volume={36},
  year={2024}
}