% Use this file for citations not found in the ACL Anthology (contained in "anthology.bib").

@inproceedings{SC,
  author       = {Xuezhi Wang and
                  Jason Wei and
                  Dale Schuurmans and
                  Quoc V. Le and
                  Ed H. Chi and
                  Sharan Narang and
                  Aakanksha Chowdhery and
                  Denny Zhou},
  title        = {Self-Consistency Improves Chain of Thought Reasoning in Language Models},
  booktitle    = {The Eleventh International Conference on Learning Representations,
                  {ICLR} 2023, Kigali, Rwanda, May 1-5, 2023},
  publisher    = {OpenReview.net},
  year         = {2023},
  url          = {https://openreview.net/pdf?id=1PL1NIMMrw},
  timestamp    = {Fri, 30 Jun 2023 14:55:53 +0200},
  biburl       = {https://dblp.org/rec/conf/iclr/0002WSLCNCZ23.bib},
  bibsource    = {dblp computer science bibliography, https://dblp.org}
}


@inproceedings{COT,
  author       = {Jason Wei and
                  Xuezhi Wang and
                  Dale Schuurmans and
                  Maarten Bosma and
                  Brian Ichter and
                  Fei Xia and
                  Ed H. Chi and
                  Quoc V. Le and
                  Denny Zhou},
  title        = {Chain-of-Thought Prompting Elicits Reasoning in Large Language Models},
  booktitle    = {NeurIPS},
  year         = {2022},
  url          = {http://papers.nips.cc/paper\_files/paper/2022/hash/9d5609613524ecf4f15af0f7b31abca4-Abstract-Conference.html},
  timestamp    = {Thu, 11 May 2023 17:08:21 +0200},
  biburl       = {https://dblp.org/rec/conf/nips/Wei0SBIXCLZ22.bib},
  bibsource    = {dblp computer science bibliography, https://dblp.org}
}

@inproceedings{ESC,
  author       = {Yiwei Li and
                  Peiwen Yuan and
                  Shaoxiong Feng and
                  Boyuan Pan and
                  Xinglin Wang and
                  Bin Sun and
                  Heda Wang and
                  Kan Li},
  title        = {Escape Sky-high Cost: Early-stopping Self-Consistency for Multi-step
                  Reasoning},
  booktitle    = {The Twelfth International Conference on Learning Representations,
                  {ICLR} 2024, Vienna, Austria, May 7-11, 2024},
  publisher    = {OpenReview.net},
  year         = {2024},
  url          = {https://openreview.net/forum?id=ndR8Ytrzhh},
  timestamp    = {Wed, 20 Nov 2024 13:22:04 +0100},
  biburl       = {https://dblp.org/rec/conf/iclr/LiYFPW0W024.bib},
  bibsource    = {dblp computer science bibliography, https://dblp.org}
}

@article{PTSC,
  author       = {Ashutosh Sathe and
                  Divyanshu Aggarwal and
                  Sunayana Sitaram},
  title        = {Improving Self Consistency in LLMs through Probabilistic Tokenization},
  journal      = {CoRR},
  volume       = {abs/2407.03678},
  year         = {2024},
  url          = {https://doi.org/10.48550/arXiv.2407.03678},
  doi          = {10.48550/ARXIV.2407.03678},
  eprinttype    = {arXiv},
  eprint       = {2407.03678},
  timestamp    = {Wed, 07 Aug 2024 21:29:42 +0200},
  biburl       = {https://dblp.org/rec/journals/corr/abs-2407-03678.bib},
  bibsource    = {dblp computer science bibliography, https://dblp.org}
}

@inproceedings{ISL,
  title={Inference Scaling Laws: An Empirical Analysis of Compute-Optimal Inference for LLM Problem-Solving},
  author={Wu, Yangzhen and Sun, Zhiqing and Li, Shanda and Welleck, Sean and Yang, Yiming},
  booktitle={The 4th Workshop on Mathematical Reasoning and AI at NeurIPS'24},
  year={2024}
}

@article{SCOG,
  author       = {Siddhartha Jain and
                  Xiaofei Ma and
                  Anoop Deoras and
                  Bing Xiang},
  title        = {Self-consistency for open-ended generations},
  journal      = {CoRR},
  volume       = {abs/2307.06857},
  year         = {2023},
  url          = {https://doi.org/10.48550/arXiv.2307.06857},
  doi          = {10.48550/ARXIV.2307.06857},
  eprinttype    = {arXiv},
  eprint       = {2307.06857},
  timestamp    = {Tue, 14 May 2024 14:22:19 +0200},
  biburl       = {https://dblp.org/rec/journals/corr/abs-2307-06857.bib},
  bibsource    = {dblp computer science bibliography, https://dblp.org}
}

@article{MEPC,
  author       = {Xinglin Wang and
                  Shaoxiong Feng and
                  Yiwei Li and
                  Peiwen Yuan and
                  Yueqi Zhang and
                  Boyuan Pan and
                  Heda Wang and
                  Yao Hu and
                  Kan Li},
  title        = {Make Every Penny Count: Difficulty-Adaptive Self-Consistency for Cost-Efficient
                  Reasoning},
  journal      = {CoRR},
  volume       = {abs/2408.13457},
  year         = {2024},
  url          = {https://doi.org/10.48550/arXiv.2408.13457},
  doi          = {10.48550/ARXIV.2408.13457},
  eprinttype    = {arXiv},
  eprint       = {2408.13457},
  timestamp    = {Wed, 20 Nov 2024 13:22:04 +0100},
  biburl       = {https://dblp.org/rec/journals/corr/abs-2408-13457.bib},
  bibsource    = {dblp computer science bibliography, https://dblp.org}
}

@article{EDT,
  author       = {Shimao Zhang and
                  Yu Bao and
                  Shujian Huang},
  title        = {{EDT:} Improving Large Language Models' Generation by Entropy-based
                  Dynamic Temperature Sampling},
  journal      = {CoRR},
  volume       = {abs/2403.14541},
  year         = {2024},
  url          = {https://doi.org/10.48550/arXiv.2403.14541},
  doi          = {10.48550/ARXIV.2403.14541},
  eprinttype    = {arXiv},
  eprint       = {2403.14541},
  timestamp    = {Tue, 09 Apr 2024 15:12:39 +0200},
  biburl       = {https://dblp.org/rec/journals/corr/abs-2403-14541.bib},
  bibsource    = {dblp computer science bibliography, https://dblp.org}
}

@article{temperaturesample,
  author       = {David H. Ackley and
                  Geoffrey E. Hinton and
                  Terrence J. Sejnowski},
  title        = {A Learning Algorithm for Boltzmann Machines},
  journal      = {Cogn. Sci.},
  volume       = {9},
  number       = {1},
  pages        = {147--169},
  year         = {1985},
  url          = {https://doi.org/10.1207/s15516709cog0901\_7},
  doi          = {10.1207/S15516709COG0901\_7},
  timestamp    = {Thu, 04 Jun 2020 19:36:53 +0200},
  biburl       = {https://dblp.org/rec/journals/cogsci/AckleyHS85.bib},
  bibsource    = {dblp computer science bibliography, https://dblp.org}
}

@inproceedings{HoC,
  author       = {Yuqi Zhu and
                  Jia Li and
                  Ge Li and
                  Yunfei Zhao and
                  Jia Li and
                  Zhi Jin and
                  Hong Mei},
  editor       = {Michael J. Wooldridge and
                  Jennifer G. Dy and
                  Sriraam Natarajan},
  title        = {Hot or Cold? Adaptive Temperature Sampling for Code Generation with
                  Large Language Models},
  booktitle    = {Thirty-Eighth {AAAI} Conference on Artificial Intelligence, {AAAI}
                  2024, Thirty-Sixth Conference on Innovative Applications of Artificial
                  Intelligence, {IAAI} 2024, Fourteenth Symposium on Educational Advances
                  in Artificial Intelligence, {EAAI} 2014, February 20-27, 2024, Vancouver,
                  Canada},
  pages        = {437--445},
  publisher    = {{AAAI} Press},
  year         = {2024},
  url          = {https://doi.org/10.1609/aaai.v38i1.27798},
  doi          = {10.1609/AAAI.V38I1.27798},
  timestamp    = {Tue, 16 Jul 2024 08:57:29 +0200},
  biburl       = {https://dblp.org/rec/conf/aaai/ZhuLLZLJ024.bib},
  bibsource    = {dblp computer science bibliography, https://dblp.org}
}

@article{ADLPO,
  author       = {Shehzaad Dhuliawala and
                  Ilia Kulikov and
                  Ping Yu and
                  Asli Celikyilmaz and
                  Jason Weston and
                  Sainbayar Sukhbaatar and
                  Jack Lanchantin},
  title        = {Adaptive Decoding via Latent Preference Optimization},
  journal      = {CoRR},
  volume       = {abs/2411.09661},
  year         = {2024},
  url          = {https://doi.org/10.48550/arXiv.2411.09661},
  doi          = {10.48550/ARXIV.2411.09661},
  eprinttype    = {arXiv},
  eprint       = {2411.09661},
  timestamp    = {Wed, 01 Jan 2025 11:02:52 +0100},
  biburl       = {https://dblp.org/rec/journals/corr/abs-2411-09661.bib},
  bibsource    = {dblp computer science bibliography, https://dblp.org}
}

@article{FSD,
  author       = {Qing Lyu and
                  Kumar Shridhar and
                  Chaitanya Malaviya and
                  Li Zhang and
                  Yanai Elazar and
                  Niket Tandon and
                  Marianna Apidianaki and
                  Mrinmaya Sachan and
                  Chris Callison{-}Burch},
  title        = {Calibrating Large Language Models with Sample Consistency},
  journal      = {CoRR},
  volume       = {abs/2402.13904},
  year         = {2024},
  url          = {https://doi.org/10.48550/arXiv.2402.13904},
  doi          = {10.48550/ARXIV.2402.13904},
  eprinttype    = {arXiv},
  eprint       = {2402.13904},
  timestamp    = {Wed, 10 Apr 2024 15:48:06 +0200},
  biburl       = {https://dblp.org/rec/journals/corr/abs-2402-13904.bib},
  bibsource    = {dblp computer science bibliography, https://dblp.org}
}

@inproceedings{MATH,
  author       = {Dan Hendrycks and
                  Collin Burns and
                  Saurav Kadavath and
                  Akul Arora and
                  Steven Basart and
                  Eric Tang and
                  Dawn Song and
                  Jacob Steinhardt},
  title        = {Measuring Mathematical Problem Solving With the {MATH} Dataset},
  booktitle    = {Proceedings of the Neural Information Processing Systems Track on
                  Datasets and Benchmarks 1, NeurIPS Datasets and Benchmarks 2021, December
                  2021, virtual},
  year         = {2021},
  url          = {https://datasets-benchmarks-proceedings.neurips.cc/paper/2021/hash/be83ab3ecd0db773eb2dc1b0a17836a1-Abstract-round2.html},
  timestamp    = {Thu, 05 May 2022 16:53:59 +0200},
  biburl       = {https://dblp.org/rec/conf/nips/HendrycksBKABTS21.bib},
  bibsource    = {dblp computer science bibliography, https://dblp.org}
}

@article{GSM8K,
  author       = {Karl Cobbe and
                  Vineet Kosaraju and
                  Mohammad Bavarian and
                  Mark Chen and
                  Heewoo Jun and
                  Lukasz Kaiser and
                  Matthias Plappert and
                  Jerry Tworek and
                  Jacob Hilton and
                  Reiichiro Nakano and
                  Christopher Hesse and
                  John Schulman},
  title        = {Training Verifiers to Solve Math Word Problems},
  journal      = {CoRR},
  volume       = {abs/2110.14168},
  year         = {2021},
  url          = {https://arxiv.org/abs/2110.14168},
  eprinttype    = {arXiv},
  eprint       = {2110.14168},
  timestamp    = {Mon, 12 Jun 2023 08:23:44 +0200},
  biburl       = {https://dblp.org/rec/journals/corr/abs-2110-14168.bib},
  bibsource    = {dblp computer science bibliography, https://dblp.org}
}

@article{USC,
  author       = {Xinyun Chen and
                  Renat Aksitov and
                  Uri Alon and
                  Jie Ren and
                  Kefan Xiao and
                  Pengcheng Yin and
                  Sushant Prakash and
                  Charles Sutton and
                  Xuezhi Wang and
                  Denny Zhou},
  title        = {Universal Self-Consistency for Large Language Model Generation},
  journal      = {CoRR},
  volume       = {abs/2311.17311},
  year         = {2023},
  url          = {https://doi.org/10.48550/arXiv.2311.17311},
  doi          = {10.48550/ARXIV.2311.17311},
  eprinttype    = {arXiv},
  eprint       = {2311.17311},
  timestamp    = {Tue, 05 Dec 2023 14:40:42 +0100},
  biburl       = {https://dblp.org/rec/journals/corr/abs-2311-17311.bib},
  bibsource    = {dblp computer science bibliography, https://dblp.org}
}

@article{qwen,
  author       = {An Yang and
                  Baosong Yang and
                  Beichen Zhang and
                  Binyuan Hui and
                  Bo Zheng and
                  Bowen Yu and
                  Chengyuan Li and
                  Dayiheng Liu and
                  Fei Huang and
                  Haoran Wei and
                  Huan Lin and
                  Jian Yang and
                  Jianhong Tu and
                  Jianwei Zhang and
                  Jianxin Yang and
                  Jiaxi Yang and
                  Jingren Zhou and
                  Junyang Lin and
                  Kai Dang and
                  Keming Lu and
                  Keqin Bao and
                  Kexin Yang and
                  Le Yu and
                  Mei Li and
                  Mingfeng Xue and
                  Pei Zhang and
                  Qin Zhu and
                  Rui Men and
                  Runji Lin and
                  Tianhao Li and
                  Tingyu Xia and
                  Xingzhang Ren and
                  Xuancheng Ren and
                  Yang Fan and
                  Yang Su and
                  Yichang Zhang and
                  Yu Wan and
                  Yuqiong Liu and
                  Zeyu Cui and
                  Zhenru Zhang and
                  Zihan Qiu},
  title        = {Qwen2.5 Technical Report},
  journal      = {CoRR},
  volume       = {abs/2412.15115},
  year         = {2024},
  url          = {https://doi.org/10.48550/arXiv.2412.15115},
  doi          = {10.48550/ARXIV.2412.15115},
  eprinttype    = {arXiv},
  eprint       = {2412.15115},
  timestamp    = {Mon, 27 Jan 2025 08:08:47 +0100},
  biburl       = {https://dblp.org/rec/journals/corr/abs-2412-15115.bib},
  bibsource    = {dblp computer science bibliography, https://dblp.org}
}

@article{llama,
  author       = {Abhimanyu Dubey and
                  Abhinav Jauhri and
                  Abhinav Pandey and
                  Abhishek Kadian and
                  Ahmad Al{-}Dahle and
                  Aiesha Letman and
                  Akhil Mathur and
                  Alan Schelten and
                  Amy Yang and
                  Angela Fan and
                  Anirudh Goyal and
                  Anthony Hartshorn and
                  Aobo Yang and
                  Archi Mitra and
                  Archie Sravankumar and
                  Artem Korenev and
                  Arthur Hinsvark and
                  Arun Rao and
                  Aston Zhang and
                  Aur{\'{e}}lien Rodriguez and
                  Austen Gregerson and
                  Ava Spataru and
                  Baptiste Rozi{\`{e}}re and
                  Bethany Biron and
                  Binh Tang and
                  Bobbie Chern and
                  Charlotte Caucheteux and
                  Chaya Nayak and
                  Chloe Bi and
                  Chris Marra and
                  Chris McConnell and
                  Christian Keller and
                  Christophe Touret and
                  Chunyang Wu and
                  Corinne Wong and
                  Cristian Canton Ferrer and
                  Cyrus Nikolaidis and
                  Damien Allonsius and
                  Daniel Song and
                  Danielle Pintz and
                  Danny Livshits and
                  David Esiobu and
                  Dhruv Choudhary and
                  Dhruv Mahajan and
                  Diego Garcia{-}Olano and
                  Diego Perino and
                  Dieuwke Hupkes and
                  Egor Lakomkin and
                  Ehab AlBadawy and
                  Elina Lobanova and
                  Emily Dinan and
                  Eric Michael Smith and
                  Filip Radenovic and
                  Frank Zhang and
                  Gabriel Synnaeve and
                  Gabrielle Lee and
                  Georgia Lewis Anderson and
                  Graeme Nail and
                  Gr{\'{e}}goire Mialon and
                  Guan Pang and
                  Guillem Cucurell and
                  Hailey Nguyen and
                  Hannah Korevaar and
                  Hu Xu and
                  Hugo Touvron and
                  Iliyan Zarov and
                  Imanol Arrieta Ibarra and
                  Isabel M. Kloumann and
                  Ishan Misra and
                  Ivan Evtimov and
                  Jade Copet and
                  Jaewon Lee and
                  Jan Geffert and
                  Jana Vranes and
                  Jason Park and
                  Jay Mahadeokar and
                  Jeet Shah and
                  Jelmer van der Linde and
                  Jennifer Billock and
                  Jenny Hong and
                  Jenya Lee and
                  Jeremy Fu and
                  Jianfeng Chi and
                  Jianyu Huang and
                  Jiawen Liu and
                  Jie Wang and
                  Jiecao Yu and
                  Joanna Bitton and
                  Joe Spisak and
                  Jongsoo Park and
                  Joseph Rocca and
                  Joshua Johnstun and
                  Joshua Saxe and
                  Junteng Jia and
                  Kalyan Vasuden Alwala and
                  Kartikeya Upasani and
                  Kate Plawiak and
                  Ke Li and
                  Kenneth Heafield and
                  Kevin Stone and
                  et al.},
  title        = {The Llama 3 Herd of Models},
  journal      = {CoRR},
  volume       = {abs/2407.21783},
  year         = {2024},
  url          = {https://doi.org/10.48550/arXiv.2407.21783},
  doi          = {10.48550/ARXIV.2407.21783},
  eprinttype    = {arXiv},
  eprint       = {2407.21783},
  timestamp    = {Wed, 11 Dec 2024 17:20:48 +0100},
  biburl       = {https://dblp.org/rec/journals/corr/abs-2407-21783.bib},
  bibsource    = {dblp computer science bibliography, https://dblp.org}
}

@article{deepseek,
  author       = {Zhihong Shao and
                  Peiyi Wang and
                  Qihao Zhu and
                  Runxin Xu and
                  Junxiao Song and
                  Mingchuan Zhang and
                  Y. K. Li and
                  Y. Wu and
                  Daya Guo},
  title        = {DeepSeekMath: Pushing the Limits of Mathematical Reasoning in Open
                  Language Models},
  journal      = {CoRR},
  volume       = {abs/2402.03300},
  year         = {2024},
  url          = {https://doi.org/10.48550/arXiv.2402.03300},
  doi          = {10.48550/ARXIV.2402.03300},
  eprinttype    = {arXiv},
  eprint       = {2402.03300},
  timestamp    = {Mon, 12 Feb 2024 13:36:38 +0100},
  biburl       = {https://dblp.org/rec/journals/corr/abs-2402-03300.bib},
  bibsource    = {dblp computer science bibliography, https://dblp.org}
}

@article{mistral,
  author       = {Albert Q. Jiang and
                  Alexandre Sablayrolles and
                  Arthur Mensch and
                  Chris Bamford and
                  Devendra Singh Chaplot and
                  Diego de Las Casas and
                  Florian Bressand and
                  Gianna Lengyel and
                  Guillaume Lample and
                  Lucile Saulnier and
                  L{\'{e}}lio Renard Lavaud and
                  Marie{-}Anne Lachaux and
                  Pierre Stock and
                  Teven Le Scao and
                  Thibaut Lavril and
                  Thomas Wang and
                  Timoth{\'{e}}e Lacroix and
                  William El Sayed},
  title        = {Mistral 7B},
  journal      = {CoRR},
  volume       = {abs/2310.06825},
  year         = {2023},
  url          = {https://doi.org/10.48550/arXiv.2310.06825},
  doi          = {10.48550/ARXIV.2310.06825},
  eprinttype    = {arXiv},
  eprint       = {2310.06825},
  timestamp    = {Thu, 26 Oct 2023 16:46:26 +0200},
  biburl       = {https://dblp.org/rec/journals/corr/abs-2310-06825.bib},
  bibsource    = {dblp computer science bibliography, https://dblp.org}
}

@article{gemma,
  author       = {Morgane Rivi{\`{e}}re and
                  Shreya Pathak and
                  Pier Giuseppe Sessa and
                  Cassidy Hardin and
                  Surya Bhupatiraju and
                  L{\'{e}}onard Hussenot and
                  Thomas Mesnard and
                  Bobak Shahriari and
                  Alexandre Ram{\'{e}} and
                  Johan Ferret and
                  Peter Liu and
                  Pouya Tafti and
                  Abe Friesen and
                  Michelle Casbon and
                  Sabela Ramos and
                  Ravin Kumar and
                  Charline Le Lan and
                  Sammy Jerome and
                  Anton Tsitsulin and
                  Nino Vieillard and
                  Piotr Stanczyk and
                  Sertan Girgin and
                  Nikola Momchev and
                  Matt Hoffman and
                  Shantanu Thakoor and
                  Jean{-}Bastien Grill and
                  Behnam Neyshabur and
                  Olivier Bachem and
                  Alanna Walton and
                  Aliaksei Severyn and
                  Alicia Parrish and
                  Aliya Ahmad and
                  Allen Hutchison and
                  Alvin Abdagic and
                  Amanda Carl and
                  Amy Shen and
                  Andy Brock and
                  Andy Coenen and
                  Anthony Laforge and
                  Antonia Paterson and
                  Ben Bastian and
                  Bilal Piot and
                  Bo Wu and
                  Brandon Royal and
                  Charlie Chen and
                  Chintu Kumar and
                  Chris Perry and
                  Chris Welty and
                  Christopher A. Choquette{-}Choo and
                  Danila Sinopalnikov and
                  David Weinberger and
                  Dimple Vijaykumar and
                  Dominika Rogozinska and
                  Dustin Herbison and
                  Elisa Bandy and
                  Emma Wang and
                  Eric Noland and
                  Erica Moreira and
                  Evan Senter and
                  Evgenii Eltyshev and
                  Francesco Visin and
                  Gabriel Rasskin and
                  Gary Wei and
                  Glenn Cameron and
                  Gus Martins and
                  Hadi Hashemi and
                  Hanna Klimczak{-}Plucinska and
                  Harleen Batra and
                  Harsh Dhand and
                  Ivan Nardini and
                  Jacinda Mein and
                  Jack Zhou and
                  James Svensson and
                  Jeff Stanway and
                  Jetha Chan and
                  Jin Peng Zhou and
                  Joana Carrasqueira and
                  Joana Iljazi and
                  Jocelyn Becker and
                  Joe Fernandez and
                  Joost van Amersfoort and
                  Josh Gordon and
                  Josh Lipschultz and
                  Josh Newlan and
                  Ju{-}yeong Ji and
                  Kareem Mohamed and
                  Kartikeya Badola and
                  Kat Black and
                  Katie Millican and
                  Keelin McDonell and
                  Kelvin Nguyen and
                  Kiranbir Sodhia and
                  Kish Greene and
                  Lars Lowe Sj{\"{o}}sund and
                  Lauren Usui and
                  Laurent Sifre and
                  Lena Heuermann and
                  Leticia Lago and
                  Lilly McNealus},
  title        = {Gemma 2: Improving Open Language Models at a Practical Size},
  journal      = {CoRR},
  volume       = {abs/2408.00118},
  year         = {2024},
  url          = {https://doi.org/10.48550/arXiv.2408.00118},
  doi          = {10.48550/ARXIV.2408.00118},
  eprinttype    = {arXiv},
  eprint       = {2408.00118},
  timestamp    = {Mon, 30 Sep 2024 07:53:51 +0200},
  biburl       = {https://dblp.org/rec/journals/corr/abs-2408-00118.bib},
  bibsource    = {dblp computer science bibliography, https://dblp.org}
}


@article{phi,
  author       = {Yuanzhi Li and
                  S{\'{e}}bastien Bubeck and
                  Ronen Eldan and
                  Allie Del Giorno and
                  Suriya Gunasekar and
                  Yin Tat Lee},
  title        = {Textbooks Are All You Need {II:} phi-1.5 technical report},
  journal      = {CoRR},
  volume       = {abs/2309.05463},
  year         = {2023},
  url          = {https://doi.org/10.48550/arXiv.2309.05463},
  doi          = {10.48550/ARXIV.2309.05463},
  eprinttype    = {arXiv},
  eprint       = {2309.05463},
  timestamp    = {Fri, 15 Sep 2023 12:26:52 +0200},
  biburl       = {https://dblp.org/rec/journals/corr/abs-2309-05463.bib},
  bibsource    = {dblp computer science bibliography, https://dblp.org}
}

@inproceedings{TDG,
  author       = {Yiwei Li and
                  Peiwen Yuan and
                  Shaoxiong Feng and
                  Boyuan Pan and
                  Bin Sun and
                  Xinglin Wang and
                  Heda Wang and
                  Kan Li},
  editor       = {Michael J. Wooldridge and
                  Jennifer G. Dy and
                  Sriraam Natarajan},
  title        = {Turning Dust into Gold: Distilling Complex Reasoning Capabilities
                  from LLMs by Leveraging Negative Data},
  booktitle    = {Thirty-Eighth {AAAI} Conference on Artificial Intelligence, {AAAI}
                  2024, Thirty-Sixth Conference on Innovative Applications of Artificial
                  Intelligence, {IAAI} 2024, Fourteenth Symposium on Educational Advances
                  in Artificial Intelligence, {EAAI} 2014, February 20-27, 2024, Vancouver,
                  Canada},
  pages        = {18591--18599},
  publisher    = {{AAAI} Press},
  year         = {2024},
  url          = {https://doi.org/10.1609/aaai.v38i17.29821},
  doi          = {10.1609/AAAI.V38I17.29821},
  timestamp    = {Wed, 20 Nov 2024 13:22:04 +0100},
  biburl       = {https://dblp.org/rec/conf/aaai/LiYFPSWW024.bib},
  bibsource    = {dblp computer science bibliography, https://dblp.org}
}

@article{RASC,
  author       = {Guangya Wan and
                  Yuqi Wu and
                  Jie Chen and
                  Sheng Li},
  title        = {Dynamic Self-Consistency: Leveraging Reasoning Paths for Efficient
                  {LLM} Sampling},
  journal      = {CoRR},
  volume       = {abs/2408.17017},
  year         = {2024},
  url          = {https://doi.org/10.48550/arXiv.2408.17017},
  doi          = {10.48550/ARXIV.2408.17017},
  eprinttype    = {arXiv},
  eprint       = {2408.17017},
  timestamp    = {Sat, 28 Sep 2024 20:40:14 +0200},
  biburl       = {https://dblp.org/rec/journals/corr/abs-2408-17017.bib},
  bibsource    = {dblp computer science bibliography, https://dblp.org}
}

@article{PC,
  author       = {Jiace Zhu and
                  Yingtao Shen and
                  Jie Zhao and
                  An Zou},
  title        = {Path-Consistency: Prefix Enhancement for Efficient Inference in {LLM}},
  journal      = {CoRR},
  volume       = {abs/2409.01281},
  year         = {2024},
  url          = {https://doi.org/10.48550/arXiv.2409.01281},
  doi          = {10.48550/ARXIV.2409.01281},
  eprinttype    = {arXiv},
  eprint       = {2409.01281},
  timestamp    = {Sat, 05 Oct 2024 21:12:48 +0200},
  biburl       = {https://dblp.org/rec/journals/corr/abs-2409-01281.bib},
  bibsource    = {dblp computer science bibliography, https://dblp.org}
}

@article{DSC,
  author       = {Xinglin Wang and
                  Shaoxiong Feng and
                  Yiwei Li and
                  Peiwen Yuan and
                  Yueqi Zhang and
                  Boyuan Pan and
                  Heda Wang and
                  Yao Hu and
                  Kan Li},
  title        = {Make Every Penny Count: Difficulty-Adaptive Self-Consistency for Cost-Efficient
                  Reasoning},
  journal      = {CoRR},
  volume       = {abs/2408.13457},
  year         = {2024},
  url          = {https://doi.org/10.48550/arXiv.2408.13457},
  doi          = {10.48550/ARXIV.2408.13457},
  eprinttype    = {arXiv},
  eprint       = {2408.13457},
  timestamp    = {Wed, 20 Nov 2024 13:22:04 +0100},
  biburl       = {https://dblp.org/rec/journals/corr/abs-2408-13457.bib},
  bibsource    = {dblp computer science bibliography, https://dblp.org}
}