@article{ADLPO,
  author       = {Shehzaad Dhuliawala and
                  Ilia Kulikov and
                  Ping Yu and
                  Asli Celikyilmaz and
                  Jason Weston and
                  Sainbayar Sukhbaatar and
                  Jack Lanchantin},
  title        = {Adaptive Decoding via Latent Preference Optimization},
  journal      = {CoRR},
  volume       = {abs/2411.09661},
  year         = {2024},
  url          = {https://doi.org/10.48550/arXiv.2411.09661},
  doi          = {10.48550/ARXIV.2411.09661},
  eprinttype    = {arXiv},
  eprint       = {2411.09661},
  timestamp    = {Wed, 01 Jan 2025 11:02:52 +0100},
  biburl       = {https://dblp.org/rec/journals/corr/abs-2411-09661.bib},
  bibsource    = {dblp computer science bibliography, https://dblp.org}
}

@inproceedings{COT,
  author       = {Jason Wei and
                  Xuezhi Wang and
                  Dale Schuurmans and
                  Maarten Bosma and
                  Brian Ichter and
                  Fei Xia and
                  Ed H. Chi and
                  Quoc V. Le and
                  Denny Zhou},
  title        = {Chain-of-Thought Prompting Elicits Reasoning in Large Language Models},
  booktitle    = {NeurIPS},
  year         = {2022},
  url          = {http://papers.nips.cc/paper\_files/paper/2022/hash/9d5609613524ecf4f15af0f7b31abca4-Abstract-Conference.html},
  timestamp    = {Thu, 11 May 2023 17:08:21 +0200},
  biburl       = {https://dblp.org/rec/conf/nips/Wei0SBIXCLZ22.bib},
  bibsource    = {dblp computer science bibliography, https://dblp.org}
}

@article{DSC,
  author       = {Xinglin Wang and
                  Shaoxiong Feng and
                  Yiwei Li and
                  Peiwen Yuan and
                  Yueqi Zhang and
                  Boyuan Pan and
                  Heda Wang and
                  Yao Hu and
                  Kan Li},
  title        = {Make Every Penny Count: Difficulty-Adaptive Self-Consistency for Cost-Efficient
                  Reasoning},
  journal      = {CoRR},
  volume       = {abs/2408.13457},
  year         = {2024},
  url          = {https://doi.org/10.48550/arXiv.2408.13457},
  doi          = {10.48550/ARXIV.2408.13457},
  eprinttype    = {arXiv},
  eprint       = {2408.13457},
  timestamp    = {Wed, 20 Nov 2024 13:22:04 +0100},
  biburl       = {https://dblp.org/rec/journals/corr/abs-2408-13457.bib},
  bibsource    = {dblp computer science bibliography, https://dblp.org}
}

@article{EDT,
  author       = {Shimao Zhang and
                  Yu Bao and
                  Shujian Huang},
  title        = {{EDT:} Improving Large Language Models' Generation by Entropy-based
                  Dynamic Temperature Sampling},
  journal      = {CoRR},
  volume       = {abs/2403.14541},
  year         = {2024},
  url          = {https://doi.org/10.48550/arXiv.2403.14541},
  doi          = {10.48550/ARXIV.2403.14541},
  eprinttype    = {arXiv},
  eprint       = {2403.14541},
  timestamp    = {Tue, 09 Apr 2024 15:12:39 +0200},
  biburl       = {https://dblp.org/rec/journals/corr/abs-2403-14541.bib},
  bibsource    = {dblp computer science bibliography, https://dblp.org}
}

@inproceedings{ESC,
  author       = {Yiwei Li and
                  Peiwen Yuan and
                  Shaoxiong Feng and
                  Boyuan Pan and
                  Xinglin Wang and
                  Bin Sun and
                  Heda Wang and
                  Kan Li},
  title        = {Escape Sky-high Cost: Early-stopping Self-Consistency for Multi-step
                  Reasoning},
  booktitle    = {The Twelfth International Conference on Learning Representations,
                  {ICLR} 2024, Vienna, Austria, May 7-11, 2024},
  publisher    = {OpenReview.net},
  year         = {2024},
  url          = {https://openreview.net/forum?id=ndR8Ytrzhh},
  timestamp    = {Wed, 20 Nov 2024 13:22:04 +0100},
  biburl       = {https://dblp.org/rec/conf/iclr/LiYFPW0W024.bib},
  bibsource    = {dblp computer science bibliography, https://dblp.org}
}

@inproceedings{HoC,
  author       = {Yuqi Zhu and
                  Jia Li and
                  Ge Li and
                  Yunfei Zhao and
                  Jia Li and
                  Zhi Jin and
                  Hong Mei},
  editor       = {Michael J. Wooldridge and
                  Jennifer G. Dy and
                  Sriraam Natarajan},
  title        = {Hot or Cold? Adaptive Temperature Sampling for Code Generation with
                  Large Language Models},
  booktitle    = {Thirty-Eighth {AAAI} Conference on Artificial Intelligence, {AAAI}
                  2024, Thirty-Sixth Conference on Innovative Applications of Artificial
                  Intelligence, {IAAI} 2024, Fourteenth Symposium on Educational Advances
                  in Artificial Intelligence, {EAAI} 2014, February 20-27, 2024, Vancouver,
                  Canada},
  pages        = {437--445},
  publisher    = {{AAAI} Press},
  year         = {2024},
  url          = {https://doi.org/10.1609/aaai.v38i1.27798},
  doi          = {10.1609/AAAI.V38I1.27798},
  timestamp    = {Tue, 16 Jul 2024 08:57:29 +0200},
  biburl       = {https://dblp.org/rec/conf/aaai/ZhuLLZLJ024.bib},
  bibsource    = {dblp computer science bibliography, https://dblp.org}
}

@inproceedings{ISL,
  title={Inference Scaling Laws: An Empirical Analysis of Compute-Optimal Inference for LLM Problem-Solving},
  author={Wu, Yangzhen and Sun, Zhiqing and Li, Shanda and Welleck, Sean and Yang, Yiming},
  booktitle={The 4th Workshop on Mathematical Reasoning and AI at NeurIPS'24},
  year={2024}
}

@article{PC,
  author       = {Jiace Zhu and
                  Yingtao Shen and
                  Jie Zhao and
                  An Zou},
  title        = {Path-Consistency: Prefix Enhancement for Efficient Inference in {LLM}},
  journal      = {CoRR},
  volume       = {abs/2409.01281},
  year         = {2024},
  url          = {https://doi.org/10.48550/arXiv.2409.01281},
  doi          = {10.48550/ARXIV.2409.01281},
  eprinttype    = {arXiv},
  eprint       = {2409.01281},
  timestamp    = {Sat, 05 Oct 2024 21:12:48 +0200},
  biburl       = {https://dblp.org/rec/journals/corr/abs-2409-01281.bib},
  bibsource    = {dblp computer science bibliography, https://dblp.org}
}

@article{PTSC,
  author       = {Ashutosh Sathe and
                  Divyanshu Aggarwal and
                  Sunayana Sitaram},
  title        = {Improving Self Consistency in LLMs through Probabilistic Tokenization},
  journal      = {CoRR},
  volume       = {abs/2407.03678},
  year         = {2024},
  url          = {https://doi.org/10.48550/arXiv.2407.03678},
  doi          = {10.48550/ARXIV.2407.03678},
  eprinttype    = {arXiv},
  eprint       = {2407.03678},
  timestamp    = {Wed, 07 Aug 2024 21:29:42 +0200},
  biburl       = {https://dblp.org/rec/journals/corr/abs-2407-03678.bib},
  bibsource    = {dblp computer science bibliography, https://dblp.org}
}

@article{RASC,
  author       = {Guangya Wan and
                  Yuqi Wu and
                  Jie Chen and
                  Sheng Li},
  title        = {Dynamic Self-Consistency: Leveraging Reasoning Paths for Efficient
                  {LLM} Sampling},
  journal      = {CoRR},
  volume       = {abs/2408.17017},
  year         = {2024},
  url          = {https://doi.org/10.48550/arXiv.2408.17017},
  doi          = {10.48550/ARXIV.2408.17017},
  eprinttype    = {arXiv},
  eprint       = {2408.17017},
  timestamp    = {Sat, 28 Sep 2024 20:40:14 +0200},
  biburl       = {https://dblp.org/rec/journals/corr/abs-2408-17017.bib},
  bibsource    = {dblp computer science bibliography, https://dblp.org}
}

@inproceedings{SC,
  author       = {Xuezhi Wang and
                  Jason Wei and
                  Dale Schuurmans and
                  Quoc V. Le and
                  Ed H. Chi and
                  Sharan Narang and
                  Aakanksha Chowdhery and
                  Denny Zhou},
  title        = {Self-Consistency Improves Chain of Thought Reasoning in Language Models},
  booktitle    = {The Eleventh International Conference on Learning Representations,
                  {ICLR} 2023, Kigali, Rwanda, May 1-5, 2023},
  publisher    = {OpenReview.net},
  year         = {2023},
  url          = {https://openreview.net/pdf?id=1PL1NIMMrw},
  timestamp    = {Fri, 30 Jun 2023 14:55:53 +0200},
  biburl       = {https://dblp.org/rec/conf/iclr/0002WSLCNCZ23.bib},
  bibsource    = {dblp computer science bibliography, https://dblp.org}
}

@article{SCOG,
  author       = {Siddhartha Jain and
                  Xiaofei Ma and
                  Anoop Deoras and
                  Bing Xiang},
  title        = {Self-consistency for open-ended generations},
  journal      = {CoRR},
  volume       = {abs/2307.06857},
  year         = {2023},
  url          = {https://doi.org/10.48550/arXiv.2307.06857},
  doi          = {10.48550/ARXIV.2307.06857},
  eprinttype    = {arXiv},
  eprint       = {2307.06857},
  timestamp    = {Tue, 14 May 2024 14:22:19 +0200},
  biburl       = {https://dblp.org/rec/journals/corr/abs-2307-06857.bib},
  bibsource    = {dblp computer science bibliography, https://dblp.org}
}

@inproceedings{TDG,
  author       = {Yiwei Li and
                  Peiwen Yuan and
                  Shaoxiong Feng and
                  Boyuan Pan and
                  Bin Sun and
                  Xinglin Wang and
                  Heda Wang and
                  Kan Li},
  editor       = {Michael J. Wooldridge and
                  Jennifer G. Dy and
                  Sriraam Natarajan},
  title        = {Turning Dust into Gold: Distilling Complex Reasoning Capabilities
                  from LLMs by Leveraging Negative Data},
  booktitle    = {Thirty-Eighth {AAAI} Conference on Artificial Intelligence, {AAAI}
                  2024, Thirty-Sixth Conference on Innovative Applications of Artificial
                  Intelligence, {IAAI} 2024, Fourteenth Symposium on Educational Advances
                  in Artificial Intelligence, {EAAI} 2014, February 20-27, 2024, Vancouver,
                  Canada},
  pages        = {18591--18599},
  publisher    = {{AAAI} Press},
  year         = {2024},
  url          = {https://doi.org/10.1609/aaai.v38i17.29821},
  doi          = {10.1609/AAAI.V38I17.29821},
  timestamp    = {Wed, 20 Nov 2024 13:22:04 +0100},
  biburl       = {https://dblp.org/rec/conf/aaai/LiYFPSWW024.bib},
  bibsource    = {dblp computer science bibliography, https://dblp.org}
}

@article{temperaturesample,
  author       = {David H. Ackley and
                  Geoffrey E. Hinton and
                  Terrence J. Sejnowski},
  title        = {A Learning Algorithm for Boltzmann Machines},
  journal      = {Cogn. Sci.},
  volume       = {9},
  number       = {1},
  pages        = {147--169},
  year         = {1985},
  url          = {https://doi.org/10.1207/s15516709cog0901\_7},
  doi          = {10.1207/S15516709COG0901\_7},
  timestamp    = {Thu, 04 Jun 2020 19:36:53 +0200},
  biburl       = {https://dblp.org/rec/journals/cogsci/AckleyHS85.bib},
  bibsource    = {dblp computer science bibliography, https://dblp.org}
}

