@inproceedings{eapen2019novel,
  title={Novel deep learning model with CNN and bi-directional LSTM for improved stock market index prediction},
  author={Eapen, Jithin and Bein, Doina and Verma, Abhishek},
  booktitle={2019 IEEE 9th annual computing and communication workshop and conference (CCWC)},
  pages={0264--0270},
  year={2019},
  organization={IEEE}
}

@inproceedings{fang2019combine,
  title={Combine facebook prophet and LSTM with BPNN forecasting financial markets: the morgan Taiwan index},
  author={Fang, Wen-Xiang and Lan, Po-Chao and Lin, Wan-Rung and Chang, Hsiao-Chen and Chang, Hai-Yen and Wang, Yi-Hsien},
  booktitle={2019 International Symposium on Intelligent Signal Processing and Communication Systems (ISPACS)},
  pages={1--2},
  year={2019},
  organization={IEEE}
}

@article{khan2020predicting,
  title={Predicting stock market trends using machine learning algorithms via public sentiment and political situation analysis},
  author={Khan, Wasiat and Malik, Usman and Ghazanfar, Mustansar Ali and Azam, Muhammad Awais and Alyoubi, Khaled H and Alfakeeh, Ahmed S},
  journal={Soft Computing},
  volume={24},
  number={15},
  pages={11019--11043},
  year={2020},
  publisher={Springer}
}

@article{khan2022stock,
  title={Stock market prediction using machine learning classifiers and social media, news},
  author={Khan, Wasiat and Ghazanfar, Mustansar Ali and Azam, Muhammad Awais and Karami, Amin and Alyoubi, Khaled H and Alfakeeh, Ahmed S},
  journal={Journal of Ambient Intelligence and Humanized Computing},
  pages={1--24},
  year={2022},
  publisher={Springer}
}

@inproceedings{mankar2018stock,
  title={Stock market prediction based on social sentiments using machine learning},
  author={Mankar, Tejas and Hotchandani, Tushar and Madhwani, Manish and Chidrawar, Akshay and Lifna, CS},
  booktitle={2018 international conference on smart city and emerging technology (ICSCET)},
  pages={1--3},
  year={2018},
  organization={IEEE}
}

@article{moghar2020stock,
  title={Stock market prediction using LSTM recurrent neural network},
  author={Moghar, Adil and Hamiche, Mhamed},
  journal={Procedia computer science},
  volume={170},
  pages={1168--1173},
  year={2020},
  publisher={Elsevier}
}

@inproceedings{mohan2019stock,
  title={Stock price prediction using news sentiment analysis},
  author={Mohan, Saloni and Mullapudi, Sahitya and Sammeta, Sudheer and Vijayvergia, Parag and Anastasiu, David C},
  booktitle={2019 IEEE fifth international conference on big data computing service and applications (BigDataService)},
  pages={205--208},
  year={2019},
  organization={IEEE}
}

@article{nabipour2020predicting,
  title={Predicting stock market trends using machine learning and deep learning algorithms via continuous and binary data; a comparative analysis},
  author={Nabipour, Mojtaba and Nayyeri, Pooyan and Jabani, Hamed and Shahab, S and Mosavi, Amir},
  journal={Ieee Access},
  volume={8},
  pages={150199--150212},
  year={2020},
  publisher={IEEE}
}

@article{nikou2019stock,
  title={Stock price prediction using DEEP learning algorithm and its comparison with machine learning algorithms},
  author={Nikou, Mahla and Mansourfar, Gholamreza and Bagherzadeh, Jamshid},
  journal={Intelligent Systems in Accounting, Finance and Management},
  volume={26},
  number={4},
  pages={164--174},
  year={2019},
  publisher={Wiley Online Library}
}

@inproceedings{parmar2018stock,
  title={Stock market prediction using machine learning},
  author={Parmar, Ishita and Agarwal, Navanshu and Saxena, Sheirsh and Arora, Ridam and Gupta, Shikhin and Dhiman, Himanshu and Chouhan, Lokesh},
  booktitle={2018 first international conference on secure cyber computing and communication (ICSCCC)},
  pages={574--576},
  year={2018},
  organization={IEEE}
}

@inproceedings{rao2020survey,
  title={A survey on stock market prediction using machine learning techniques},
  author={Rao, Polamuri Subba and Srinivas, Kudipudi and Mohan, A Krishna},
  booktitle={ICDSMLA 2019: Proceedings of the 1st International Conference on Data Science, Machine Learning and Applications},
  pages={923--931},
  year={2020},
  organization={Springer}
}

@article{selvamuthu2019indian,
  title={Indian stock market prediction using artificial neural networks on tick data},
  author={Selvamuthu, Dharmaraja and Kumar, Vineet and Mishra, Abhishek},
  journal={Financial Innovation},
  volume={5},
  number={1},
  pages={1--12},
  year={2019},
  publisher={Springer}
}

@inproceedings{sirimevan2019stock,
  title={Stock market prediction using machine learning techniques},
  author={Sirimevan, Naadun and Mamalgaha, IGUH and Jayasekara, Chandira and Mayuran, YS and Jayawardena, Chandimal},
  booktitle={2019 International Conference on Advancements in Computing (ICAC)},
  pages={192--197},
  year={2019},
  organization={IEEE}
}

@article{vignesh2018applying,
  title={Applying machine learning models in stock market prediction},
  author={Vignesh, CK},
  journal={IRJET, Journal},
  year={2018}
}
                        
                        r a cloud object storage service},
  author={Levin, Anna and Garion, Shelly and Kolodner, Elliot K and Lorenz, Dean H and Barabash, Katherine and Kugler, Mike and McShane, Niall},
  booktitle={2019 IEEE International Congress on Big Data (BigDataCongress)},
  pages={165--169},
  year={2019},
  organization={IEEE}
}

