@article{AHF-U-Net,
title = {Attention-guided hierarchical fusion U-Net for uncertainty-driven medical image segmentation},
journal = {Information Fusion},
volume = {115},
pages = {102719},
year = {2025},
issn = {1566-2535},
doi = {https://doi.org/10.1016/j.inffus.2024.102719},
url = {https://www.sciencedirect.com/science/article/pii/S1566253524004974},
author = {Afsana Ahmed Munia and Moloud Abdar and Mehedi Hasan and Mohammad S. Jalali and Biplab Banerjee and Abbas Khosravi and Ibrahim Hossain and Huazhu Fu and Alejandro F. Frangi},
keywords = {Medical image segmentation, Uncertainty quantification, Feature fusion, Deep learning},
}

@incollection{DempsterShafer,
  title={Upper and lower probabilities induced by a multivalued mapping},
  author={Dempster, Arthur P},
  booktitle={Classic works of the Dempster-Shafer theory of belief functions},
  pages={57--72},
  year={2008},
  publisher={Springer}
}

@misc{TTA,
      title={Better Aggregation in Test-Time Augmentation}, 
      author={Divya Shanmugam and Davis Blalock and Guha Balakrishnan and John Guttag},
      year={2021},
      eprint={2011.11156},
      archivePrefix={arXiv},
      primaryClass={cs.CV},
      url={https://arxiv.org/abs/2011.11156}, 
}

@misc{U-NetTransformer,
      title={U-Net Transformer: Self and Cross Attention for Medical Image Segmentation}, 
      author={Olivier Petit and Nicolas Thome and Clément Rambour and Luc Soler},
      year={2021},
      eprint={2103.06104},
      archivePrefix={arXiv},
      primaryClass={eess.IV},
      url={https://arxiv.org/abs/2103.06104}, 
}

@inproceedings{chattopadhay2018grad,
  title={Grad-cam++: Generalized gradient-based visual explanations for deep convolutional networks},
  author={Chattopadhay, Aditya and Sarkar, Anirban and Howlader, Prantik and Balasubramanian, Vineeth N},
  booktitle={2018 IEEE winter conference on applications of computer vision (WACV)},
  pages={839--847},
  year={2018},
  organization={IEEE}
}

@inproceedings{gal2016dropout,
  title={Dropout as a bayesian approximation: Representing model uncertainty in deep learning},
  author={Gal, Yarin and Ghahramani, Zoubin},
  booktitle={international conference on machine learning},
  pages={1050--1059},
  year={2016},
  organization={PMLR}
}

@inproceedings{hu2018squeeze,
  title={Squeeze-and-excitation networks},
  author={Hu, Jie and Shen, Li and Sun, Gang},
  booktitle={Proceedings of the IEEE conference on computer vision and pattern recognition},
  pages={7132--7141},
  year={2018}
}

@misc{lakshminarayanan2017simplescalablepredictiveuncertainty,
      title={Simple and Scalable Predictive Uncertainty Estimation using Deep Ensembles}, 
      author={Balaji Lakshminarayanan and Alexander Pritzel and Charles Blundell},
      year={2017},
      eprint={1612.01474},
      archivePrefix={arXiv},
      primaryClass={stat.ML},
      url={https://arxiv.org/abs/1612.01474}, 
}

@article{lundberg2017unified,
  title={A unified approach to interpreting model predictions},
  author={Lundberg, Scott},
  journal={arXiv preprint arXiv:1705.07874},
  year={2017}
}

@misc{mhex,
      title={Multi-Head Explainer: A General Framework to Improve Explainability in CNNs and Transformers}, 
      author={Bohang Sun and Pietro Liò},
      year={2025},
      eprint={2501.01311},
      archivePrefix={arXiv},
      primaryClass={cs.CV},
      url={https://arxiv.org/abs/2501.01311}, 
}

@misc{ribeiro2016whyitrustyou,
      title={"Why Should I Trust You?": Explaining the Predictions of Any Classifier}, 
      author={Marco Tulio Ribeiro and Sameer Singh and Carlos Guestrin},
      year={2016},
      eprint={1602.04938},
      archivePrefix={arXiv},
      primaryClass={cs.LG},
      url={https://arxiv.org/abs/1602.04938}, 
}

@inproceedings{selvaraju2017grad,
  title={Grad-cam: Visual explanations from deep networks via gradient-based localization},
  author={Selvaraju, Ramprasaath R and Cogswell, Michael and Das, Abhishek and Vedantam, Ramakrishna and Parikh, Devi and Batra, Dhruv},
  booktitle={Proceedings of the IEEE international conference on computer vision},
  pages={618--626},
  year={2017}
}

@book{subjectiveLogic,
  title={Subjective logic},
  author={J{\o}sang, Audun},
  volume={3},
  year={2016},
  publisher={Springer}
}

@inproceedings{unet,
  title={U-net: Convolutional networks for biomedical image segmentation},
  author={Ronneberger, Olaf and Fischer, Philipp and Brox, Thomas},
  booktitle={Medical image computing and computer-assisted intervention--MICCAI 2015: 18th international conference, Munich, Germany, October 5-9, 2015, proceedings, part III 18},
  pages={234--241},
  year={2015},
  organization={Springer}
}

@misc{unet++,
      title={UNet++: A Nested U-Net Architecture for Medical Image Segmentation}, 
      author={Zongwei Zhou and Md Mahfuzur Rahman Siddiquee and Nima Tajbakhsh and Jianming Liang},
      year={2018},
      eprint={1807.10165},
      archivePrefix={arXiv},
      primaryClass={cs.CV},
      url={https://arxiv.org/abs/1807.10165}, 
}

@inproceedings{wang2020score,
  title={Score-CAM: Score-weighted visual explanations for convolutional neural networks},
  author={Wang, Haofan and Wang, Zifan and Du, Mengnan and Yang, Fan and Zhang, Zijian and Ding, Sirui and Mardziel, Piotr and Hu, Xia},
  booktitle={Proceedings of the IEEE/CVF conference on computer vision and pattern recognition workshops},
  pages={24--25},
  year={2020}
}

@inproceedings{woo2018cbam,
  title={Cbam: Convolutional block attention module},
  author={Woo, Sanghyun and Park, Jongchan and Lee, Joon-Young and Kweon, In So},
  booktitle={Proceedings of the European conference on computer vision (ECCV)},
  pages={3--19},
  year={2018}
}

