@misc{mhex,
      title={Multi-Head Explainer: A General Framework to Improve Explainability in CNNs and Transformers}, 
      author={Bohang Sun and Pietro Liò},
      year={2025},
      eprint={2501.01311},
      archivePrefix={arXiv},
      primaryClass={cs.CV},
      url={https://arxiv.org/abs/2501.01311}, 
}

@article{al2020dataset,
  title={Dataset of breast ultrasound images},
  author={Al-Dhabyani, Walid and Gomaa, Mohammed and Khaled, Hussien and Fahmy, Aly},
  journal={Data in brief},
  volume={28},
  pages={104863},
  year={2020},
  publisher={Elsevier}
}

@inproceedings{codella2018skin,
  title={Skin lesion analysis toward melanoma detection: A challenge at the 2017 international symposium on biomedical imaging (isbi), hosted by the international skin imaging collaboration (isic)},
  author={Codella, Noel CF and Gutman, David and Celebi, M Emre and Helba, Brian and Marchetti, Michael A and Dusza, Stephen W and Kalloo, Aadi and Liopyris, Konstantinos and Mishra, Nabin and Kittler, Harald and others},
  booktitle={2018 IEEE 15th international symposium on biomedical imaging (ISBI 2018)},
  pages={168--172},
  year={2018},
  organization={IEEE}
}

@article{antonelli2022medical,
  title={The medical segmentation decathlon},
  author={Antonelli, Michela and Reinke, Annika and Bakas, Spyridon and Farahani, Keyvan and Kopp-Schneider, Annette and Landman, Bennett A and Litjens, Geert and Menze, Bjoern and Ronneberger, Olaf and Summers, Ronald M and others},
  journal={Nature communications},
  volume={13},
  number={1},
  pages={4128},
  year={2022},
  publisher={Nature Publishing Group UK London}
}


@misc{U-NetTransformer,
      title={U-Net Transformer: Self and Cross Attention for Medical Image Segmentation}, 
      author={Olivier Petit and Nicolas Thome and Clément Rambour and Luc Soler},
      year={2021},
      eprint={2103.06104},
      archivePrefix={arXiv},
      primaryClass={eess.IV},
      url={https://arxiv.org/abs/2103.06104}, 
}

@article{AHF-U-Net,
title = {Attention-guided hierarchical fusion U-Net for uncertainty-driven medical image segmentation},
journal = {Information Fusion},
volume = {115},
pages = {102719},
year = {2025},
issn = {1566-2535},
doi = {https://doi.org/10.1016/j.inffus.2024.102719},
url = {https://www.sciencedirect.com/science/article/pii/S1566253524004974},
author = {Afsana Ahmed Munia and Moloud Abdar and Mehedi Hasan and Mohammad S. Jalali and Biplab Banerjee and Abbas Khosravi and Ibrahim Hossain and Huazhu Fu and Alejandro F. Frangi},
keywords = {Medical image segmentation, Uncertainty quantification, Feature fusion, Deep learning},
}

@misc{unet++,
      title={UNet++: A Nested U-Net Architecture for Medical Image Segmentation}, 
      author={Zongwei Zhou and Md Mahfuzur Rahman Siddiquee and Nima Tajbakhsh and Jianming Liang},
      year={2018},
      eprint={1807.10165},
      archivePrefix={arXiv},
      primaryClass={cs.CV},
      url={https://arxiv.org/abs/1807.10165}, 
}

@inproceedings{unet,
  title={U-net: Convolutional networks for biomedical image segmentation},
  author={Ronneberger, Olaf and Fischer, Philipp and Brox, Thomas},
  booktitle={Medical image computing and computer-assisted intervention--MICCAI 2015: 18th international conference, Munich, Germany, October 5-9, 2015, proceedings, part III 18},
  pages={234--241},
  year={2015},
  organization={Springer}
}

@misc{TTA,
      title={Better Aggregation in Test-Time Augmentation}, 
      author={Divya Shanmugam and Davis Blalock and Guha Balakrishnan and John Guttag},
      year={2021},
      eprint={2011.11156},
      archivePrefix={arXiv},
      primaryClass={cs.CV},
      url={https://arxiv.org/abs/2011.11156}, 
}

@misc{MCDrop,
      title={Dropout as a Bayesian Approximation: Representing Model Uncertainty in Deep Learning}, 
      author={Yarin Gal and Zoubin Ghahramani},
      year={2016},
      eprint={1506.02142},
      archivePrefix={arXiv},
      primaryClass={stat.ML},
      url={https://arxiv.org/abs/1506.02142}, 
}




@misc{lakshminarayanan2017simplescalablepredictiveuncertainty,
      title={Simple and Scalable Predictive Uncertainty Estimation using Deep Ensembles}, 
      author={Balaji Lakshminarayanan and Alexander Pritzel and Charles Blundell},
      year={2017},
      eprint={1612.01474},
      archivePrefix={arXiv},
      primaryClass={stat.ML},
      url={https://arxiv.org/abs/1612.01474}, 
}

@article{schlemper2019attention,
  title={Attention gated networks: Learning to leverage salient regions in medical images},
  author={Schlemper, Jo and Oktay, Ozan and Schaap, Michiel and Heinrich, Mattias and Kainz, Bernhard and Glocker, Ben and Rueckert, Daniel},
  journal={Medical image analysis},
  volume={53},
  pages={197--207},
  year={2019},
  publisher={Elsevier}
}

@misc{lee2014deeplysupervisednets,
      title={Deeply-Supervised Nets}, 
      author={Chen-Yu Lee and Saining Xie and Patrick Gallagher and Zhengyou Zhang and Zhuowen Tu},
      year={2014},
      eprint={1409.5185},
      archivePrefix={arXiv},
      primaryClass={stat.ML},
      url={https://arxiv.org/abs/1409.5185}, 
}

@misc{li2022comprehensivereviewdeepsupervision,
      title={A Comprehensive Review on Deep Supervision: Theories and Applications}, 
      author={Renjie Li and Xinyi Wang and Guan Huang and Wenli Yang and Kaining Zhang and Xiaotong Gu and Son N. Tran and Saurabh Garg and Jane Alty and Quan Bai},
      year={2022},
      eprint={2207.02376},
      archivePrefix={arXiv},
      primaryClass={cs.CV},
      url={https://arxiv.org/abs/2207.02376}, 
}

@article{DBLP:journals/corr/abs-1810-04805,
  author    = {Jacob Devlin and
               Ming{-}Wei Chang and
               Kenton Lee and
               Kristina Toutanova},
  title     = {{BERT:} Pre-training of Deep Bidirectional Transformers for Language
               Understanding},
  journal   = {CoRR},
  volume    = {abs/1810.04805},
  year      = {2018},
  url       = {http://arxiv.org/abs/1810.04805},
  archivePrefix = {arXiv},
  eprint    = {1810.04805},
  timestamp = {Tue, 30 Oct 2018 20:39:56 +0100},
  biburl    = {https://dblp.org/rec/journals/corr/abs-1810-04805.bib},
  bibsource = {dblp computer science bibliography, https://dblp.org}
}

@misc{he2015deepresiduallearningimage,
      title={Deep Residual Learning for Image Recognition}, 
      author={Kaiming He and Xiangyu Zhang and Shaoqing Ren and Jian Sun},
      year={2015},
      eprint={1512.03385},
      archivePrefix={arXiv},
      primaryClass={cs.CV},
      url={https://arxiv.org/abs/1512.03385}, 
}

@inproceedings{wang2020score,
  title={Score-CAM: Score-weighted visual explanations for convolutional neural networks},
  author={Wang, Haofan and Wang, Zifan and Du, Mengnan and Yang, Fan and Zhang, Zijian and Ding, Sirui and Mardziel, Piotr and Hu, Xia},
  booktitle={Proceedings of the IEEE/CVF conference on computer vision and pattern recognition workshops},
  pages={24--25},
  year={2020}
}

@inproceedings{chattopadhay2018grad,
  title={Grad-cam++: Generalized gradient-based visual explanations for deep convolutional networks},
  author={Chattopadhay, Aditya and Sarkar, Anirban and Howlader, Prantik and Balasubramanian, Vineeth N},
  booktitle={2018 IEEE winter conference on applications of computer vision (WACV)},
  pages={839--847},
  year={2018},
  organization={IEEE}
}

@inproceedings{selvaraju2017grad,
  title={Grad-cam: Visual explanations from deep networks via gradient-based localization},
  author={Selvaraju, Ramprasaath R and Cogswell, Michael and Das, Abhishek and Vedantam, Ramakrishna and Parikh, Devi and Batra, Dhruv},
  booktitle={Proceedings of the IEEE international conference on computer vision},
  pages={618--626},
  year={2017}
}

@misc{marinov2024deepinteractivesegmentationmedical,
      title={Deep Interactive Segmentation of Medical Images: A Systematic Review and Taxonomy}, 
      author={Zdravko Marinov and Paul F. Jäger and Jan Egger and Jens Kleesiek and Rainer Stiefelhagen},
      year={2024},
      eprint={2311.13964},
      archivePrefix={arXiv},
      primaryClass={eess.IV},
      url={https://arxiv.org/abs/2311.13964}, 
}


@article{XAIinmedical,
  title={Explainable AI (XAI) in image segmentation in medicine, industry, and beyond: A survey},
  author={Gipi{\v{s}}kis, Rokas and Tsai, Chun-Wei and Kurasova, Olga},
  journal={ICT Express},
  year={2024},
  publisher={Elsevier}
}

@inproceedings{gradisnotexplainable,
  title={Is grad-cam explainable in medical images?},
  author={Suara, Subhashis and Jha, Aayush and Sinha, Pratik and Sekh, Arif Ahmed},
  booktitle={International Conference on Computer Vision and Image Processing},
  pages={124--135},
  year={2023},
  organization={Springer}
}

@article{gradisnotexplainable2,
  title={A literature review of artificial intelligence (AI) for medical image segmentation: from AI and explainable AI to trustworthy AI},
  author={Teng, Zixuan and Li, Lan and Xin, Ziqing and Xiang, Dehui and Huang, Jiang and Zhou, Hailing and Shi, Fei and Zhu, Weifang and Cai, Jing and Peng, Tao and others},
  journal={Quantitative Imaging in Medicine and Surgery},
  volume={14},
  number={12},
  pages={9620},
  year={2024}
}

@incollection{DempsterShafer,
  title={Upper and lower probabilities induced by a multivalued mapping},
  author={Dempster, Arthur P},
  booktitle={Classic works of the Dempster-Shafer theory of belief functions},
  pages={57--72},
  year={2008},
  publisher={Springer}
}

@book{subjectiveLogic,
  title={Subjective logic},
  author={J{\o}sang, Audun},
  volume={3},
  year={2016},
  publisher={Springer}
}

@inproceedings{gal2016dropout,
  title={Dropout as a bayesian approximation: Representing model uncertainty in deep learning},
  author={Gal, Yarin and Ghahramani, Zoubin},
  booktitle={international conference on machine learning},
  pages={1050--1059},
  year={2016},
  organization={PMLR}
}

@inproceedings{woo2018cbam,
  title={Cbam: Convolutional block attention module},
  author={Woo, Sanghyun and Park, Jongchan and Lee, Joon-Young and Kweon, In So},
  booktitle={Proceedings of the European conference on computer vision (ECCV)},
  pages={3--19},
  year={2018}
}

@inproceedings{hu2018squeeze,
  title={Squeeze-and-excitation networks},
  author={Hu, Jie and Shen, Li and Sun, Gang},
  booktitle={Proceedings of the IEEE conference on computer vision and pattern recognition},
  pages={7132--7141},
  year={2018}
}

@article{lundberg2017unified,
  title={A unified approach to interpreting model predictions},
  author={Lundberg, Scott},
  journal={arXiv preprint arXiv:1705.07874},
  year={2017}
}

@misc{ribeiro2016whyitrustyou,
      title={"Why Should I Trust You?": Explaining the Predictions of Any Classifier}, 
      author={Marco Tulio Ribeiro and Sameer Singh and Carlos Guestrin},
      year={2016},
      eprint={1602.04938},
      archivePrefix={arXiv},
      primaryClass={cs.LG},
      url={https://arxiv.org/abs/1602.04938}, 
}

@inproceedings{dodont,
  title={The Do’s and Don’ts of Grad-CAM in Image Segmentation as demonstrated on the Synapse multi-organ CT Dataset},
  author={Hasany, Syed Nouman and M{\'e}riaudeau, Fabrice and Petitjean, Caroline},
  booktitle={Medical Imaging with Deep Learning},
  year={2024}
}