@inproceedings{chen2024detecting,
    title={Detecting Empathy in Speech},
    author={Chen, Run and Chen, Haozhe and Kulkarni, Anushka and Lin, Eleanor and Pang, Linda and Tadimeti, Divya and Shin, Jun and Hirschberg, Julia},
   booktitle={Proc. INTERSPEECH 2024},
   year ={2024},
   pages={},
   note = {},
   doi={},
   issn={},
}

@article{fuller2021conceptualizing,
  title={Conceptualizing empathy competence: a professional communication perspective},
  author={Fuller, Melissa and Kamans, Elanor and van Vuuren, Mark and Wolfensberger, Marca and de Jong, Menno DT},
  journal={Journal of business and technical communication},
  volume={35},
  number={3},
  pages={333--368},
  year={2021},
  publisher={SAGE Publications Sage CA: Los Angeles, CA}
}

@inproceedings{goel2021emotion,
  title={Emotion-aware transformer encoder for empathetic dialogue generation},
  author={Goel, Raman and Susan, Seba and Vashisht, Sachin and Dhanda, Armaan},
  booktitle={2021 9th International Conference on Affective Computing and Intelligent Interaction Workshops and Demos (ACIIW)},
  pages={1--6},
  year={2021},
  organization={IEEE}
}

@article{jani2012role,
  title={The role of empathy in therapy and the physician-patient relationship},
  author={Jani, Bhautesh Dinesh and Blane, David N and Mercer, Stewart W},
  journal={Complementary Medicine Research},
  volume={19},
  number={5},
  pages={252--257},
  year={2012},
  publisher={Karger Publishers}
}

@inproceedings{lee2022improving,
  title={Improving contextual coherence in variational personalized and empathetic dialogue agents},
  author={Lee, Jing Yang and Lee, Kong Aik and Gan, Woon Seng},
  booktitle={ICASSP 2022-2022 IEEE International Conference on Acoustics, Speech and Signal Processing (ICASSP)},
  pages={7052--7056},
  year={2022},
  organization={IEEE}
}

@misc{lee2023chain,
      title={Chain of Empathy: Enhancing Empathetic Response of Large Language Models Based on Psychotherapy Models}, 
      author={Yoon Kyung Lee and Inju Lee and Minjung Shin and Seoyeon Bae and Sowon Hahn},
      year={2023},
      eprint={2311.04915},
      archivePrefix={arXiv},
      primaryClass={cs.CL}
}

@article{wei2022chain,
  title={Chain-of-thought prompting elicits reasoning in large language models},
  author={Wei, Jason and Wang, Xuezhi and Schuurmans, Dale and Bosma, Maarten and Xia, Fei and Chi, Ed and Le, Quoc V and Zhou, Denny and others},
  journal={Advances in neural information processing systems},
  volume={35},
  pages={24824--24837},
  year={2022}
}

@misc{welivita2020finegrained,
      title={Fine-grained Emotion and Intent Learning in Movie Dialogues}, 
      author={Anuradha Welivita and Yubo Xie and Pearl Pu},
      year={2020},
      eprint={2012.13624},
      archivePrefix={arXiv},
      primaryClass={cs.CL}
}

