@inproceedings{bachmann2020constant,
  title={Constant curvature graph convolutional networks},
  author={Bachmann, Gregor and B{\'e}cigneul, Gary and Ganea, Octavian},
  booktitle={International conference on machine learning},
  pages={486--496},
  year={2020},
  organization={PMLR}
}

@article{chami2019hyperbolic,
  title={Hyperbolic graph convolutional neural networks},
  author={Chami, Ines and Ying, Zhitao and R{\'e}, Christopher and Leskovec, Jure},
  journal={Advances in neural information processing systems},
  volume={32},
  year={2019}
}

@article{chien2020adaptive,
  title={Adaptive universal generalized pagerank graph neural network},
  author={Chien, Eli and Peng, Jianhao and Li, Pan and Milenkovic, Olgica},
  journal={arXiv preprint arXiv:2006.07988},
  year={2020}
}

@article{cho2023curve,
  title={Curve Your Attention: Mixed-Curvature Transformers for Graph Representation Learning},
  author={Cho, Sungjun and Cho, Seunghyuk and Park, Sungwoo and Lee, Hankook and Lee, Honglak and Lee, Moontae},
  journal={arXiv preprint arXiv:2309.04082},
  year={2023}
}

@article{defferrard2016convolutional,
  title={Convolutional neural networks on graphs with fast localized spectral filtering},
  author={Defferrard, Micha{\"e}l and Bresson, Xavier and Vandergheynst, Pierre},
  journal={Advances in neural information processing systems},
  volume={29},
  year={2016}
}

@article{gasteiger2018predict,
  title={Predict then propagate: Graph neural networks meet personalized pagerank},
  author={Gasteiger, Johannes and Bojchevski, Aleksandar and G{\"u}nnemann, Stephan},
  journal={arXiv preprint arXiv:1810.05997},
  year={2018}
}

@inproceedings{gu2019learning,
  title={Learning mixed-curvature representations in products of model spaces},
  author={Gu, Albert and Sala, Frederic and Gunel, Beliz and R{\'e}, Christopher},
  booktitle={International conference on learning representations},
  volume={5},
  year={2019}
}

@article{he2021bernnet,
  title={Bernnet: Learning arbitrary graph spectral filters via bernstein approximation},
  author={He, Mingguo and Wei, Zhewei and Xu, Hongteng and others},
  journal={Advances in Neural Information Processing Systems},
  volume={34},
  pages={14239--14251},
  year={2021}
}

@article{kipf2016semi,
  title={Semi-supervised classification with graph convolutional networks},
  author={Kipf, Thomas N and Welling, Max},
  journal={arXiv preprint arXiv:1609.02907},
  year={2016}
}

@article{liao2024benchmarking,
  title={Benchmarking Spectral Graph Neural Networks: A Comprehensive Study on Effectiveness and Efficiency},
  author={Liao, Ningyi and Liu, Haoyu and Zhu, Zulun and Luo, Siqiang and Lakshmanan, Laks VS},
  journal={arXiv preprint arXiv:2406.09675},
  year={2024}
}

@inproceedings{liu2017sphereface,
  title={Sphereface: Deep hypersphere embedding for face recognition},
  author={Liu, Weiyang and Wen, Yandong and Yu, Zhiding and Li, Ming and Raj, Bhiksha and Song, Le},
  booktitle={Proceedings of the IEEE conference on computer vision and pattern recognition},
  pages={212--220},
  year={2017}
}

@article{min2022transformer,
  title={Transformer for graphs: An overview from architecture perspective},
  author={Min, Erxue and Chen, Runfa and Bian, Yatao and Xu, Tingyang and Zhao, Kangfei and Huang, Wenbing and Zhao, Peilin and Huang, Junzhou and Ananiadou, Sophia and Rong, Yu},
  journal={arXiv preprint arXiv:2202.08455},
  year={2022}
}

@inproceedings{sala2018representation,
  title={Representation tradeoffs for hyperbolic embeddings},
  author={Sala, Frederic and De Sa, Chris and Gu, Albert and R{\'e}, Christopher},
  booktitle={International conference on machine learning},
  pages={4460--4469},
  year={2018},
  organization={PMLR}
}

@inproceedings{sun2021hyperbolic,
  title={Hyperbolic variational graph neural network for modeling dynamic graphs},
  author={Sun, Li and Zhang, Zhongbao and Zhang, Jiawei and Wang, Feiyang and Peng, Hao and Su, Sen and Philip, S Yu},
  booktitle={Proceedings of the AAAI Conference on Artificial Intelligence},
  volume={35},
  pages={4375--4383},
  year={2021}
}

@inproceedings{sun2022self,
  title={A self-supervised mixed-curvature graph neural network},
  author={Sun, Li and Zhang, Zhongbao and Ye, Junda and Peng, Hao and Zhang, Jiawei and Su, Sen and Philip, S Yu},
  booktitle={Proceedings of the AAAI Conference on Artificial Intelligence},
  volume={36},
  pages={4146--4155},
  year={2022}
}

@article{wilson2014spherical,
  title={Spherical and hyperbolic embeddings of data},
  author={Wilson, Richard C and Hancock, Edwin R and Pekalska, El{\.z}bieta and Duin, Robert PW},
  journal={IEEE transactions on pattern analysis and machine intelligence},
  volume={36},
  number={11},
  pages={2255--2269},
  year={2014},
  publisher={IEEE}
}

@article{xiong2022pseudo,
  title={Pseudo-riemannian graph convolutional networks},
  author={Xiong, Bo and Zhu, Shichao and Potyka, Nico and Pan, Shirui and Zhou, Chuan and Staab, Steffen},
  journal={Advances in Neural Information Processing Systems},
  volume={35},
  pages={3488--3501},
  year={2022}
}

@article{zhang2021hyperbolic,
  title={Hyperbolic graph attention network},
  author={Zhang, Yiding and Wang, Xiao and Shi, Chuan and Jiang, Xunqiang and Ye, Yanfang},
  journal={IEEE Transactions on Big Data},
  volume={8},
  number={6},
  pages={1690--1701},
  year={2021},
  publisher={IEEE}
}

@inproceedings{zhu2021interpreting,
  title={Interpreting and unifying graph neural networks with an optimization framework},
  author={Zhu, Meiqi and Wang, Xiao and Shi, Chuan and Ji, Houye and Cui, Peng},
  booktitle={Proceedings of the Web Conference 2021},
  pages={1215--1226},
  year={2021}
}

