@article{he2024constrained,
  title={Constrained Heat Kernel Graph Diffusion Convolution: A High-Dimensional Statistical Approximation via Information Theory},
  author={He, Zhuo-Chen},
  journal={IEEE Access},
  year={2024},
  publisher={IEEE}
}

@article{weber2008analysis,
  title={Analysis of the physical Laplacian and the heat flow on a locally finite graph},
  author={Weber, Andreas},
  journal={arXiv preprint arXiv:0801.0812},
  year={2008}
}

@article{liu1990fourier,
  title={On Fourier's law of heat conduction},
  author={Liu, I-Shih},
  journal={Continuum mechanics and Thermodynamics},
  volume={2},
  pages={301--305},
  year={1990},
  publisher={Springer}
}

@article{bauer2011ollivier,
  title={Ollivier-Ricci curvature and the spectrum of the normalized graph Laplace operator},
  author={Bauer, Frank and Jost, J{\"u}rgen and Liu, Shiping},
  journal={arXiv preprint arXiv:1105.3803},
  year={2011}
}

@article{burago2015graph,
  title={A graph discretization of the Laplace--Beltrami operator},
  author={Burago, Dmitri and Ivanov, Sergei and Kurylev, Yaroslav},
  journal={Journal of Spectral Theory},
  volume={4},
  number={4},
  pages={675--714},
  year={2015}
}
@article{ko2023spectral,
  title={A spectral graph convolution for signed directed graphs via magnetic laplacian},
  author={Ko, Taewook and Choi, Yoonhyuk and Kim, Chong-Kwon},
  journal={Neural Networks},
  volume={164},
  pages={562--574},
  year={2023},
  publisher={Elsevier}
}

@inproceedings{belkin2008discrete,
  title={Discrete Laplace operator on meshed surfaces},
  author={Belkin, Mikhail and Sun, Jian and Wang, Yusu},
  booktitle={Proceedings of the twenty-fourth annual symposium on Computational geometry},
  pages={278--287},
  year={2008}
}

@article{kipf2016semi,
  title={Semi-supervised classification with graph convolutional networks},
  author={Kipf, Thomas N and Welling, Max},
  journal={arXiv preprint arXiv:1609.02907},
  year={2016}
}

@article{defferrard2016convolutional,
  title={Convolutional neural networks on graphs with fast localized spectral filtering},
  author={Defferrard, Micha{\"e}l and Bresson, Xavier and Vandergheynst, Pierre},
  journal={Advances in neural information processing systems},
  volume={29},
  year={2016}
}

@article{ekbote2024figure,
  title={FiGURe: Simple and efficient unsupervised node representations with filter augmentations},
  author={Ekbote, Chanakya and Deshpande, Ajinkya and Iyer, Arun and Sellamanickam, Sundararajan and Bairi, Ramakrishna},
  journal={Advances in Neural Information Processing Systems},
  volume={36},
  year={2024}
}
@article{he2021bernnet,
  title={Bernnet: Learning arbitrary graph spectral filters via bernstein approximation},
  author={He, Mingguo and Wei, Zhewei and Xu, Hongteng and others},
  journal={Advances in Neural Information Processing Systems},
  volume={34},
  pages={14239--14251},
  year={2021}
}
@article{chien2020adaptive,
  title={Adaptive universal generalized pagerank graph neural network},
  author={Chien, Eli and Peng, Jianhao and Li, Pan and Milenkovic, Olgica},
  journal={arXiv preprint arXiv:2006.07988},
  year={2020}
}

@inproceedings{zhu2021interpreting,
  title={Interpreting and unifying graph neural networks with an optimization framework},
  author={Zhu, Meiqi and Wang, Xiao and Shi, Chuan and Ji, Houye and Cui, Peng},
  booktitle={Proceedings of the Web Conference 2021},
  pages={1215--1226},
  year={2021}
}

@article{thanou2017learning,
  title={Learning heat diffusion graphs},
  author={Thanou, Dorina and Dong, Xiaowen and Kressner, Daniel and Frossard, Pascal},
  journal={IEEE Transactions on Signal and Information Processing over Networks},
  volume={3},
  number={3},
  pages={484--499},
  year={2017},
  publisher={IEEE}
}

@article{zhu2020graph,
  title={Graph geometry interaction learning},
  author={Zhu, Shichao and Pan, Shirui and Zhou, Chuan and Wu, Jia and Cao, Yanan and Wang, Bin},
  journal={Advances in Neural Information Processing Systems},
  volume={33},
  pages={7548--7558},
  year={2020}
}

@article{grover2022public,
  title={Public wisdom matters! discourse-aware hyperbolic fourier co-attention for social text classification},
  author={Grover, Karish and Angara, SM and Akhtar, Md Shad and Chakraborty, Tanmoy},
  journal={Advances in Neural Information Processing Systems},
  volume={35},
  pages={9417--9431},
  year={2022}
}

@article{chandra2020graph,
  title={Graph-based modeling of online communities for fake news detection},
  author={Chandra, Shantanu and Mishra, Pushkar and Yannakoudakis, Helen and Nimishakavi, Madhav and Saeidi, Marzieh and Shutova, Ekaterina},
  journal={arXiv preprint arXiv:2008.06274},
  year={2020}
}

@article{tian2023curvature,
  title={Curvature-based clustering on graphs},
  author={Tian, Yu and Lubberts, Zachary and Weber, Melanie},
  journal={arXiv preprint arXiv:2307.10155},
  year={2023}
}

@article{gasteiger2018predict,
  title={Predict then propagate: Graph neural networks meet personalized pagerank},
  author={Gasteiger, Johannes and Bojchevski, Aleksandar and G{\"u}nnemann, Stephan},
  journal={arXiv preprint arXiv:1810.05997},
  year={2018}
}


@article{liao2024benchmarking,
  title={Benchmarking Spectral Graph Neural Networks: A Comprehensive Study on Effectiveness and Efficiency},
  author={Liao, Ningyi and Liu, Haoyu and Zhu, Zulun and Luo, Siqiang and Lakshmanan, Laks VS},
  journal={arXiv preprint arXiv:2406.09675},
  year={2024}
}


@article{min2022transformer,
  title={Transformer for graphs: An overview from architecture perspective},
  author={Min, Erxue and Chen, Runfa and Bian, Yatao and Xu, Tingyang and Zhao, Kangfei and Huang, Wenbing and Zhao, Peilin and Huang, Junzhou and Ananiadou, Sophia and Rong, Yu},
  journal={arXiv preprint arXiv:2202.08455},
  year={2022}
}

@article{wilson2014spherical,
  title={Spherical and hyperbolic embeddings of data},
  author={Wilson, Richard C and Hancock, Edwin R and Pekalska, El{\.z}bieta and Duin, Robert PW},
  journal={IEEE transactions on pattern analysis and machine intelligence},
  volume={36},
  number={11},
  pages={2255--2269},
  year={2014},
  publisher={IEEE}
}

@inproceedings{sala2018representation,
  title={Representation tradeoffs for hyperbolic embeddings},
  author={Sala, Frederic and De Sa, Chris and Gu, Albert and R{\'e}, Christopher},
  booktitle={International conference on machine learning},
  pages={4460--4469},
  year={2018},
  organization={PMLR}
}

@inproceedings{liu2017sphereface,
  title={Sphereface: Deep hypersphere embedding for face recognition},
  author={Liu, Weiyang and Wen, Yandong and Yu, Zhiding and Li, Ming and Raj, Bhiksha and Song, Le},
  booktitle={Proceedings of the IEEE conference on computer vision and pattern recognition},
  pages={212--220},
  year={2017}
}

@inproceedings{sun2021hyperbolic,
  title={Hyperbolic variational graph neural network for modeling dynamic graphs},
  author={Sun, Li and Zhang, Zhongbao and Zhang, Jiawei and Wang, Feiyang and Peng, Hao and Su, Sen and Philip, S Yu},
  booktitle={Proceedings of the AAAI Conference on Artificial Intelligence},
  volume={35},
  pages={4375--4383},
  year={2021}
}

@article{chami2019hyperbolic,
  title={Hyperbolic graph convolutional neural networks},
  author={Chami, Ines and Ying, Zhitao and R{\'e}, Christopher and Leskovec, Jure},
  journal={Advances in neural information processing systems},
  volume={32},
  year={2019}
}


@inproceedings{sun2022self,
  title={A self-supervised mixed-curvature graph neural network},
  author={Sun, Li and Zhang, Zhongbao and Ye, Junda and Peng, Hao and Zhang, Jiawei and Su, Sen and Philip, S Yu},
  booktitle={Proceedings of the AAAI Conference on Artificial Intelligence},
  volume={36},
  pages={4146--4155},
  year={2022}
}

@article{cho2023curve,
  title={Curve Your Attention: Mixed-Curvature Transformers for Graph Representation Learning},
  author={Cho, Sungjun and Cho, Seunghyuk and Park, Sungwoo and Lee, Hankook and Lee, Honglak and Lee, Moontae},
  journal={arXiv preprint arXiv:2309.04082},
  year={2023}
}

@article{wu2022beyond,
  title={Beyond low-pass filtering: Graph convolutional networks with automatic filtering},
  author={Wu, Zonghan and Pan, Shirui and Long, Guodong and Jiang, Jing and Zhang, Chengqi},
  journal={IEEE Transactions on Knowledge and Data Engineering},
  volume={35},
  number={7},
  pages={6687--6697},
  year={2022},
  publisher={IEEE}
}


@article{ni2019community,
  title={Community detection on networks with ricci flow},
  author={Ni, Chien-Chun and Lin, Yu-Yao and Luo, Feng and Gao, Jie},
  journal={Scientific reports},
  volume={9},
  number={1},
  pages={1--12},
  year={2019},
  publisher={Nature Publishing Group}
}

@article{zhang2021graph,
  title={Graph neural networks and their current applications in bioinformatics},
  author={Zhang, Xiao-Meng and Liang, Li and Liu, Lin and Tang, Ming-Jing},
  journal={Frontiers in genetics},
  volume={12},
  pages={690049},
  year={2021},
  publisher={Frontiers Media SA}
}


@article{lin-yau,
	author = {Y. Lin and L. Lu and S. Yau},
	title = {{Ricci curvature of graphs}},
	volume = {63},
	journal = {Tohoku Mathematical Journal},
	number = {4},
	publisher = {Tohoku University, Mathematical Institute},
	pages = {605 -- 627},
	keywords = {Cartesian product, Random graphs, Ricci curvature of graphs},
	year = {2011}
}


@book{mihalcea2011graph,
  title={Graph-based natural language processing and information retrieval},
  author={Mihalcea, Rada and Radev, Dragomir},
  year={2011},
  publisher={Cambridge university press}
}

@article{xiong2022pseudo,
  title={Pseudo-riemannian graph convolutional networks},
  author={Xiong, Bo and Zhu, Shichao and Potyka, Nico and Pan, Shirui and Zhou, Chuan and Staab, Steffen},
  journal={Advances in Neural Information Processing Systems},
  volume={35},
  pages={3488--3501},
  year={2022}
}

@article{zhang2019graph,
  title={Graph convolutional networks: a comprehensive review},
  author={Zhang, Si and Tong, Hanghang and Xu, Jiejun and Maciejewski, Ross},
  journal={Computational Social Networks},
  volume={6},
  number={1},
  pages={1--23},
  year={2019},
  publisher={Springer}
}


@article{hamilton2017inductive,
  title={Inductive representation learning on large graphs},
  author={Hamilton, Will and Ying, Zhitao and Leskovec, Jure},
  journal={Advances in neural information processing systems},
  volume={30},
  year={2017}
}
@article{xu2020inductive,
  title={Inductive representation learning on temporal graphs},
  author={Xu, Da and Ruan, Chuanwei and Korpeoglu, Evren and Kumar, Sushant and Achan, Kannan},
  journal={arXiv preprint arXiv:2002.07962},
  year={2020}
}

@inproceedings{moeller2016continuous,
  title={Continuous kernel learning},
  author={Moeller, John and Srikumar, Vivek and Swaminathan, Sarathkrishna and Venkatasubramanian, Suresh and Webb, Dustin},
  booktitle={Machine Learning and Knowledge Discovery in Databases: European Conference, ECML PKDD 2016, Riva del Garda, Italy, September 19-23, 2016, Proceedings, Part II 16},
  pages={657--673},
  year={2016},
  organization={Springer}
}

@article{xu2019self,
  title={Self-attention with functional time representation learning},
  author={Xu, Da and Ruan, Chuanwei and Korpeoglu, Evren and Kumar, Sushant and Achan, Kannan},
  journal={Advances in neural information processing systems},
  volume={32},
  year={2019}
}

@article{li2019optimizing,
  title={Optimizing generalized pagerank methods for seed-expansion community detection},
  author={Li, Pan and Chien, I and Milenkovic, Olgica},
  journal={Advances in Neural Information Processing Systems},
  volume={32},
  year={2019}
}
@article{liang2022survey,
  title={Survey of graph neural networks and applications},
  author={Liang, Fan and Qian, Cheng and Yu, Wei and Griffith, David and Golmie, Nada},
  journal={Wireless Communications and Mobile Computing},
  volume={2022},
  number={1},
  pages={9261537},
  year={2022},
  publisher={Wiley Online Library}
}

@inproceedings{gu2019learning,
  title={Learning mixed-curvature representations in products of model spaces},
  author={Gu, Albert and Sala, Frederic and Gunel, Beliz and R{\'e}, Christopher},
  booktitle={International conference on learning representations},
  volume={5},
  year={2019}
}

@article{jacobson2012cotangent,
  title={A cotangent laplacian for images as surfaces},
  author={Jacobson, Alec and Sorkine-Hornung, Olga},
  journal={Technical Report/ETH Zurich, Department of Computer Science},
  volume={757},
  year={2012},
  publisher={ETH Zurich}
}

@inproceedings{sandryhaila2013discrete,
  title={Discrete signal processing on graphs: Graph fourier transform},
  author={Sandryhaila, Aliaksei and Moura, Jos{\'e} MF},
  booktitle={2013 IEEE International Conference on Acoustics, Speech and Signal Processing},
  pages={6167--6170},
  year={2013},
  organization={IEEE}
}


@book{do1992riemannian,
  title={Riemannian geometry},
  author={Do Carmo, Manfredo Perdigao and Flaherty Francis, J},
  volume={2},
  year={1992},
  publisher={Springer}
}
@article{ungar2001hyperbolic,
  title={Hyperbolic trigonometry and its application in the poincar{\'e} ball model of hyperbolic geometry},
  author={Ungar, Abraham A},
  journal={Computers \& Mathematics with Applications},
  volume={41},
  number={1-2},
  pages={135--147},
  year={2001},
  publisher={Elsevier}
}


@inproceedings{bachmann2020constant,
  title={Constant curvature graph convolutional networks},
  author={Bachmann, Gregor and B{\'e}cigneul, Gary and Ganea, Octavian},
  booktitle={International conference on machine learning},
  pages={486--496},
  year={2020},
  organization={PMLR}
}

@book{najman2017modern,
  title={Modern approaches to discrete curvature},
  author={Najman, Laurent and Romon, Pascal},
  volume={2184},
  year={2017},
  publisher={Springer}
}

@article{piccoli2016properties,
  title={On properties of the generalized Wasserstein distance},
  author={Piccoli, Benedetto and Rossi, Francesco},
  journal={Archive for Rational Mechanics and Analysis},
  volume={222},
  pages={1339--1365},
  year={2016},
  publisher={Springer}
}

@article{ollivier2007ricci,
  title={Ricci curvature of metric spaces},
  author={Ollivier, Yann},
  journal={Comptes Rendus Mathematique},
  volume={345},
  number={11},
  pages={643--646},
  year={2007},
  publisher={Elsevier}
}

@article{tanno1988ricci,
  title={Ricci curvatures of contact Riemannian manifolds},
  author={Tanno, Shukichi},
  journal={Tohoku Mathematical Journal, Second Series},
  volume={40},
  number={3},
  pages={441--448},
  year={1988},
  publisher={Mathematical Institute, Tohoku University}
}


@article{zhang2021hyperbolic,
  title={Hyperbolic graph attention network},
  author={Zhang, Yiding and Wang, Xiao and Shi, Chuan and Jiang, Xunqiang and Ye, Yanfang},
  journal={IEEE Transactions on Big Data},
  volume={8},
  number={6},
  pages={1690--1701},
  year={2021},
  publisher={IEEE}
}

@article{velivckovic2017graph,
  title={Graph attention networks},
  author={Veli{\v{c}}kovi{\'c}, Petar and Cucurull, Guillem and Casanova, Arantxa and Romero, Adriana and Lio, Pietro and Bengio, Yoshua},
  journal={arXiv preprint arXiv:1710.10903},
  year={2017}
}

@inproceedings{tang2009social,
  title={Social influence analysis in large-scale networks},
  author={Tang, Jie and Sun, Jimeng and Wang, Chi and Yang, Zi},
  booktitle={Proceedings of the 15th ACM SIGKDD international conference on Knowledge discovery and data mining},
  pages={807--816},
  year={2009}
}


@article{rozemberczki2021multi,
  title={Multi-scale attributed node embedding},
  author={Rozemberczki, Benedek and Allen, Carl and Sarkar, Rik},
  journal={Journal of Complex Networks},
  volume={9},
  number={2},
  pages={cnab014},
  year={2021},
  publisher={Oxford University Press}
}

@inproceedings{mcauley2015image,
  title={Image-based recommendations on styles and substitutes},
  author={McAuley, Julian and Targett, Christopher and Shi, Qinfeng and Van Den Hengel, Anton},
  booktitle={Proceedings of the 38th international ACM SIGIR conference on research and development in information retrieval},
  pages={43--52},
  year={2015}
}

@article{sen2008collective,
  title={Collective classification in network data},
  author={Sen, Prithviraj and Namata, Galileo and Bilgic, Mustafa and Getoor, Lise and Galligher, Brian and Eliassi-Rad, Tina},
  journal={AI magazine},
  volume={29},
  number={3},
  pages={93--93},
  year={2008}
}

@inproceedings{yang2016revisiting,
  title={Revisiting semi-supervised learning with graph embeddings},
  author={Yang, Zhilin and Cohen, William and Salakhudinov, Ruslan},
  booktitle={International conference on machine learning},
  pages={40--48},
  year={2016},
  organization={PMLR}
}

@inproceedings{wang2021mixed,
  title={Mixed-curvature multi-relational graph neural network for knowledge graph completion},
  author={Wang, Shen and Wei, Xiaokai and Nogueira dos Santos, Cicero Nogueira and Wang, Zhiguo and Nallapati, Ramesh and Arnold, Andrew and Xiang, Bing and Yu, Philip S and Cruz, Isabel F},
  booktitle={Proceedings of the web conference 2021},
  pages={1761--1771},
  year={2021}
}



@article{sinkhorn1967concerning,
	title={Concerning nonnegative matrices and doubly stochastic matrices},
	author={Sinkhorn, R. and Knopp, P.},
	journal={Pacific Journal of Mathematics},
	volume={21},
	number={2},
	pages={343--348},
	year={1967}
}

 @article{chung2007heat,
  title={The heat kernel as the pagerank of a graph},
  author={Chung, Fan},
  journal={Proceedings of the National Academy of Sciences},
  volume={104},
  number={50},
  pages={19735--19740},
  year={2007},
  publisher={National Acad Sciences}
}


@article{kuhn1955hungarian,
	title={The Hungarian method for the assignment problem},
	author={Kuhn, H.},
	journal={Naval research logistics quarterly},
	volume={2},
	number={1-2},
	pages={83--97},
	year={1955}
}

@article{gleich2015pagerank,
  title={PageRank beyond the Web},
  author={Gleich, David F},
  journal={Siam Review},
  volume={57},
  number={3},
  pages={321--363},
  year={2015},
  publisher={SIAM}
}


@article{kloumann2017block,
  title={Block models and personalized PageRank},
  author={Kloumann, Isabel M and Ugander, Johan and Kleinberg, Jon},
  journal={Proceedings of the National Academy of Sciences},
  volume={114},
  number={1},
  pages={33--38},
  year={2017},
  publisher={National Acad Sciences}
}

@article{jost2014ollivier,
	title={Ollivier’s {R}icci curvature, local clustering and curvature-dimension inequalities on graphs},
	author={Jost, J. and Liu, S.},
	journal={Discrete \& Computational Geometry},
	volume={51},
	number={2},
	pages={300--322},
	year={2014},
	publisher={Springer}
}
