@inproceedings{EBBkC,
  author={Wang, Kaixin and Yu, Kaiqiang and Long, Cheng},
  title={Efficient k-Clique Listing: An Edge-Oriented Branching Strategy},
  year={2024},
  booktitle={\SIGMOD},
  pages={1--26},
}

@inproceedings{OrderingHeuristics,
    author={Li, Rong-Hua and Gao, Sen and Qin, Lu and Wang, Guoren and Yang, Weihua and Yu, Jeffrey Xu},
    title={Ordering Heuristics for $k$-Clique Listing},
    year={2020},
    booktitle={\VLDB},
    pages={2536--2548}
}

@inproceedings{SetIntersectionSpeedup,
    author={Yuan, Zhirong and Peng, You and Cheng, Peng and Han, Li and Lin, Xuemin and Chen, Lei and Zhang, Wenjie},
    title={Efficient $k$-clique Listing with Set Intersection Speedup}, 
    year={2022},
    booktitle={\ICDE}, 
    pages={1955--1968},
}

@inproceedings{jain2017fast,
  author={Jain, Shweta and Seshadhri, Comandur},
  title={A fast and provable method for estimating clique counts using tur{\'a}n's theorem},
  year={2017},
  booktitle={\WWW},
  pages={441--449},
}

@inproceedings{jain2020power,
  author={Jain, Shweta and Seshadhri, Comandur},
  title={The power of pivoting for exact clique counting},
  year={2020},
  booktitle={\WSDM},
  pages={268--276},
}

@inproceedings{kClist,
    author = {Danisch, Maximilien and Balalau, Oana and Sozio, Mauro},
    title = {Listing $k$-Cliques in Sparse Real-World Graphs},
    year = {2018},
    booktitle = {\WWW},
    pages = {589--598},
}

@article{plex,
    title = {A graph‐theoretic generalization of the clique concept},
    author = {Stephen B. Seidman and Brian L. Foster},
    journal = {The Journal of Mathematical Sociology},
    volume = {6},
    number = {1},
    pages = {139--154},
    year = {1978},
    publisher = {Routledge},
}

@article{turan1941external,
  author={Tur{\'a}n, Paul},
  title={On an external problem in graph theory},
  year={1941},
  journal={Matematikai és Fizikai Lapok},
  volume={48},
  pages={436--452},
}

@inproceedings{ye2022lightning,
  author={Ye, Xiaowei and Li, Rong-Hua and Dai, Qiangqiang and Chen, Hongzhi and Wang, Guoren},
  title={Lightning fast and space efficient K-clique counting},
  year={2022},
  booktitle={\WWW},
  pages={1191--1202},
}

