@inproceedings{kClist,
    author = {Danisch, Maximilien and Balalau, Oana and Sozio, Mauro},
    title = {Listing $k$-Cliques in Sparse Real-World Graphs},
    year = {2018},
    booktitle = {\WWW},
    pages = {589--598},
}

@inproceedings{SetIntersectionSpeedup,
    author={Yuan, Zhirong and Peng, You and Cheng, Peng and Han, Li and Lin, Xuemin and Chen, Lei and Zhang, Wenjie},
    title={Efficient $k$-clique Listing with Set Intersection Speedup}, 
    year={2022},
    booktitle={\ICDE}, 
    pages={1955--1968},
}

@inproceedings{OrderingHeuristics,
    author={Li, Rong-Hua and Gao, Sen and Qin, Lu and Wang, Guoren and Yang, Weihua and Yu, Jeffrey Xu},
    title={Ordering Heuristics for $k$-Clique Listing},
    year={2020},
    booktitle={\VLDB},
    pages={2536--2548}
}

@book{TAOCP3,
  title={The Art of Computer Programming, Vol. 3: Sorting and Searching},
  author={Knuth, Donald E.},
  year={1998},
  publisher={Addison-Wesley, USA}
}

@book{CLRS,
  title={Introduction to Algorithms},
  author={Cormen, Thomas H. and Leiserson, Charles E. and Rivest, Ronald L. and Stein, Clifford},
  year={2022},
  publisher={MIT press, USA}
}

@article{turan1941external,
  author={Tur{\'a}n, Paul},
  title={On an external problem in graph theory},
  year={1941},
  journal={Matematikai Ã©s Fizikai Lapok},
  volume={48},
  pages={436--452},
}

@article{palla2005uncovering,
  author={Palla, Gergely and Der{\'e}nyi, Imre and Farkas, Ill{\'e}s and Vicsek, Tam{\'a}s},
  title={Uncovering the overlapping community structure of complex networks in nature and society},
  year={2005},
  journal={nature},
  volume={435},
  number={7043},
  pages={814--818},
  publisher={Nature Publishing Group}
}

@inproceedings{thilakarathna2013mobile,
  author={Thilakarathna, Kanchana and Viana, Aline C. and Seneviratne, Aruna and Petander, Henrik},
  title={Mobile social networking through friend-to-friend opportunistic content dissemination},
  year={2013},
  booktitle={Proceedings of ACM International Symposium on Mobile ad Hoc Networking and Computing},
  pages={263--266},
}

@article{chiba1985arboricity,
  author={Chiba, Norishige and Nishizeki, Takao},
  title={Arboricity and subgraph listing algorithms},
  year={1985},
  journal={SIAM Journal on computing},
  volume={14},
  number={1},
  pages={210--223},
  publisher={SIAM}
}

@inproceedings{karp1972reducibility,
  author={Karp, Richard M.},
  title={Reducibility among combinatorial problems},
  year={1972},
  booktitle={Proceedings of Symposium on the Complexity of Computer Computations},
  pages={85--103},
}

@inproceedings{jain2020power,
  author={Jain, Shweta and Seshadhri, Comandur},
  title={The power of pivoting for exact clique counting},
  year={2020},
  booktitle={\WSDM},
  pages={268--276},
}

@inproceedings{jain2017fast,
  author={Jain, Shweta and Seshadhri, Comandur},
  title={A fast and provable method for estimating clique counts using tur{\'a}n's theorem},
  year={2017},
  booktitle={\WWW},
  pages={441--449},
}

@inproceedings{ye2022lightning,
  author={Ye, Xiaowei and Li, Rong-Hua and Dai, Qiangqiang and Chen, Hongzhi and Wang, Guoren},
  title={Lightning fast and space efficient K-clique counting},
  year={2022},
  booktitle={\WWW},
  pages={1191--1202},
}

@article{bron1973algorithm,
  title={Algorithm 457: finding all cliques of an undirected graph},
  author={Bron, Coen and Kerbosch, Joep},
  journal={Communications of the ACM},
  volume={16},
  number={9},
  pages={575--577},
  year={1973},
  publisher={ACM New York, NY, USA}
}

@inproceedings{he2023scaling,
  author={He, Yizhang and Wang, Kai and Zhang, Wenjie and Lin, Xuemin and Zhang, Ying},
  title={Scaling Up k-Clique Densest Subgraph Detection},
  year={2023},
  booktitle={\SIGMOD},
  pages={1--26},
}

@inproceedings{tsourakakis2015k,
  author={Tsourakakis, Charalampos},
  title={The k-clique densest subgraph problem},
  booktitle={\WWW},
  pages={1122--1132},
  year={2015}
}

@inproceedings{sun2020kclist++,
  author={Sun, Bintao and Danisch, Maximilien and Chan, Hubert T.-H. and Sozio, Mauro},
  title={Kclist++: A simple algorithm for finding k-clique densest subgraphs in large graphs},
  booktitle={\VLDB},
  pages={1268--1640},
  year={2020}
}

@inproceedings{eppstein2010listing,
  title={Listing all maximal cliques in sparse graphs in near-optimal time},
  author={Eppstein, David and L{\"o}ffler, Maarten and Strash, Darren},
  booktitle={Proceedings of Internal Symposium on Algorithms and Computation},
  pages={403--414},
  year={2010}
}

@book{chang2018cohesive,
  title={Cohesive subgraph computation over large sparse graphs: algorithms, data structures, and programming techniques},
  author={Chang, Lijun and Qin, Lu},
  year={2018},
  publisher={Springer}
}

@inproceedings{chang2022efficient,
  author={Chang, Lijun and Xu, Mouyi and Strash, Darren},
  title={Efficient maximum k-plex computation over large sparse graphs},
  year={2022},
  booktitle={\VLDB},
  pages={127--139},
}

@inproceedings{zhou2021improving,
  title={Improving maximum k-plex solver via second-order reduction and graph color bounding},
  author={Zhou, Yi and Hu, Shan and Xiao, Mingyu and Fu, Zhang-Hua},
  booktitle={Proceedings of the AAAI Conference on Artificial Intelligence},
  volume={35},
  number={14},
  pages={12453--12460},
  year={2021}
}

@inproceedings{jiang2023refined,
  title={A refined upper bound and inprocessing for the maximum k-plex problem},
  author={Jiang, Hua and Xu, Fusheng and Zheng, Zhifei and Wang, Bowen and Zhou, Wei},
  booktitle={Proceedings of the Thirty-Second International Joint Conference on Artificial Intelligence},
  pages={5613--5621},
  year={2023}
}

@inproceedings{dai2022scaling,
  title={Scaling up maximal k-plex enumeration},
  author={Dai, Qiangqiang and Li, Rong-Hua and Qin, Hongchao and Liao, Meihao and Wang, Guoren},
  booktitle={\CIKM},
  pages={345--354},
  year={2022}
}

@inproceedings{yu2023fast,
  title={Fast Maximal Quasi-clique Enumeration: A Pruning and Branching Co-Design Approach},
  author={Yu, Kaiqiang and Long, Cheng},
  booktitle={\SIGMOD},
  pages={1--26},
  year={2023},
}

@inproceedings{gao2022exact,
  title={An exact algorithm with new upper bounds for the maximum k-defective clique problem in massive sparse graphs},
  author={Gao, Jian and Xu, Zhenghang and Li, Ruizhi and Yin, Minghao},
  year={2022},
  booktitle={\AAAI},
  pages={10174--10183},
}

@inproceedings{dai2023maximal,
  author={Dai, Qiangqiang and Li, Rong-Hua and Liao, Meihao and Wang, Guoren},
  title={Maximal Defective Clique Enumeration},
  year={2023},
  booktitle={\SIGMOD},
  pages={1--26},
}

@inproceedings{jain2020provably,
  title={Provably and efficiently approximating near-cliques using the Tur{\'a}n shadow: PEANUTS},
  author={Jain, Shweta and Seshadhri, Comandur},
  booktitle={Proceedings of The Web Conference 2020},
  pages={1966--1976},
  year={2020}
}

@article{benson2016higher,
  title={Higher-order organization of complex networks},
  author={Benson, Austin R and Gleich, David F and Leskovec, Jure},
  journal={Science},
  volume={353},
  number={6295},
  pages={163--166},
  year={2016},
  publisher={American Association for the Advancement of Science}
}

@inproceedings{chang2019efficient,
  title={Efficient maximum clique computation over large sparse graphs},
  author={Chang, Lijun},
  booktitle={\SIGKDD},
  pages={529--538},
  year={2019}
}

@inproceedings{cheng2012fast,
  title={Fast algorithms for maximal clique enumeration with limited memory},
  author={Cheng, James and Zhu, Linhong and Ke, Yiping and Chu, Shumo},
  booktitle={\SIGKDD},
  pages={1240--1248},
  year={2012}
}

@inproceedings{chang2017computing,
  title={Computing a near-maximum independent set in linear time by reducing-peeling},
  author={Chang, Lijun and Li, Wei and Zhang, Wenjie},
  year={2017},
  booktitle={\SIGMOD},
  pages={1181--1196},
}

@article{sariyuce2017nucleus,
  author={Sariy{\"u}ce, Ahmet E. and Seshadhri, Comandur and Pinar, Ali and {\c{C}}ataly{\"u}rek, {\"U}mit V.},
  title={Nucleus decompositions for identifying hierarchy of dense subgraphs},
  journal={ACM Transactions on the Web},
  volume={11},
  number={3},
  pages={1--27},
  year={2017},
}

@inproceedings{angel2012dense,
  author={Angel, Albert and Sarkas, Nikos and Koudas, Nick and Srivastava, Divesh},
  title={Dense subgraph maintenance under streaming edge weight updates for real-time story identification},
  year={2012},
  booktitle={\VLDB},
  pages={574--585},
}

@inproceedings{letsios2016finding,
  title={Finding heaviest k-subgraphs and events in social media},
  author={Letsios, Matthaios and Balalau, Oana Denisa and Danisch, Maximilien and Orsini, Emmanuel and Sozio, Mauro},
  year={2016},
  booktitle={Proceedings of IEEE International Conference on Data Mining Workshops},
  pages={113--120},
}

@article{chen2010dense,
  title={Dense subgraph extraction with application to community detection},
  author={Chen, Jie and Saad, Yousef},
  journal={IEEE Transactions on Knowledge and Data Engineering},
  volume={24},
  number={7},
  pages={1216--1230},
  year={2010},
  publisher={IEEE}
}

@inproceedings{fang2022densest,
  author={Fang, Yixiang and Luo, Wensheng and Ma, Chenhao},
  title={Densest subgraph discovery on large graphs: Applications, challenges, and techniques},
  year={2022},
  booktitle={\VLDB},
  pages={3766--3769},
}

@article{fratkin2006motifcut,
  title={MotifCut: regulatory motifs finding with maximum density subgraphs},
  author={Fratkin, Eugene and Naughton, Brian T and Brutlag, Douglas L and Batzoglou, Serafim},
  journal={Bioinformatics},
  volume={22},
  number={14},
  pages={e150--e157},
  year={2006},
  publisher={Oxford University Press}
}

@article{kumar1999trawling,
  title={Trawling the web for emerging cyber-communities},
  author={Kumar, Ravi and Raghavan, Prabhakar and Rajagopalan, Sridhar and Tomkins, Andrew},
  journal={Computer networks},
  volume={31},
  number={11-16},
  pages={1481--1493},
  year={1999},
  publisher={Elsevier}
}

@inproceedings{sozio2010community,
  title={The community-search problem and how to plan a successful cocktail party},
  author={Sozio, Mauro and Gionis, Aristides},
  booktitle={\SIGKDD},
  pages={939--948},
  year={2010}
}

@article{hui2008human,
  title={Human mobility models and opportunistic communications system design},
  author={Hui, Pan and Crowcroft, Jon},
  journal={Philosophical Transactions of the Royal Society A: Mathematical, Physical and Engineering Sciences},
  volume={366},
  number={1872},
  pages={2005--2016},
  year={2008},
  publisher={The Royal Society London}
}

@inproceedings{gibson2005discovering,
  title={Discovering large dense subgraphs in massive graphs},
  author={Gibson, David and Kumar, Ravi and Tomkins, Andrew},
  booktitle={\VLDB},
  pages={721--732},
  year={2005}
}

@inproceedings{dourisboure2007extraction,
  title={Extraction and classification of dense communities in the web},
  author={Dourisboure, Yon and Geraci, Filippo and Pellegrini, Marco},
  booktitle={\WWW},
  pages={461--470},
  year={2007}
}

@article{cohen2003reachability,
  title={Reachability and distance queries via 2-hop labels},
  author={Cohen, Edith and Halperin, Eran and Kaplan, Haim and Zwick, Uri},
  journal={SIAM Journal on Computing},
  volume={32},
  number={5},
  pages={1338--1355},
  year={2003},
  publisher={SIAM}
}

@inproceedings{jin20093,
  title={3-hop: a high-compression indexing scheme for reachability query},
  author={Jin, Ruoming and Xiang, Yang and Ruan, Ning and Fuhry, David},
  booktitle={SIGMOD},
  pages={813--826},
  year={2009}
}

@article{sanei2021mining,
  title={Mining largest maximal quasi-cliques},
  author={Sanei-Mehri, Seyed-Vahid and Das, Apurba and Hashemi, Hooman and Tirthapura, Srikanta},
  journal={ACM Transactions on Knowledge Discovery from Data},
  volume={15},
  number={5},
  pages={1--21},
  year={2021},
  publisher={ACM New York, NY, USA}
}

@article{zeng2007out,
  title={Out-of-core coherent closed quasi-clique mining from large dense graph databases},
  author={Zeng, Zhiping and Wang, Jianyong and Zhou, Lizhu and Karypis, George},
  journal={ACM Transactions on Database Systems},
  volume={32},
  number={2},
  pages={13--40},
  year={2007},
  publisher={ACM New York, NY, USA}
}

@inproceedings{buehrer2008scalable,
  title={A scalable pattern mining approach to web graph compression with communities},
  author={Buehrer, Gregory and Chellapilla, Kumar},
  booktitle={\WSDM},
  pages={95--106},
  year={2008}
}

@inproceedings{saha2010dense,
  title={Dense subgraphs with restrictions and applications to gene annotation graphs},
  author={Saha, Barna and Hoch, Allison and Khuller, Samir and Raschid, Louiqa and Zhang, Xiao-Ning},
  booktitle={Research in Computational Molecular Biology: 14th Annual International Conference},
  pages={456--472},
  year={2010},
  organization={Springer}
}

@inproceedings{tomita2017efficient,
  title={Efficient algorithms for finding maximum and maximal cliques and their applications},
  author={Tomita, Etsuji},
  booktitle={\WALCOM},
  pages={3--15},
  year={2017},
  organization={Springer}
}

@inproceedings{tomita2010simple,
  title={A simple and faster branch-and-bound algorithm for finding a maximum clique},
  author={Tomita, Etsuji and Sutani, Yoichi and Higashi, Takanori and Takahashi, Shinya and Wakatsuki, Mitsuo},
  booktitle={\WALCOM},
  pages={191--203},
  year={2010},
  organization={Springer}
}

@inproceedings{EBBkC,
  author={Wang, Kaixin and Yu, Kaiqiang and Long, Cheng},
  title={Efficient k-Clique Listing: An Edge-Oriented Branching Strategy},
  year={2024},
  booktitle={\SIGMOD},
  pages={1--26},
}

@article{plex,
    title = {A graphâtheoretic generalization of the clique concept},
    author = {Stephen B. Seidman and Brian L. Foster},
    journal = {The Journal of Mathematical Sociology},
    volume = {6},
    number = {1},
    pages = {139--154},
    year = {1978},
    publisher = {Routledge},
}

@article{clique-1,
  title={A method of matrix analysis of group structure},
  author={Luce, R. Duncan and Perry, Albert D.},
  journal={Psychometrika},
  volume={14},
  number={2},
  pages={95--116},
  year={1949},
  publisher={Springer}
}

@article{clique-2,
  title={Connectivity and generalized cliques in sociometric group structure},
  author={Luce, R. Duncan},
  journal={Psychometrika},
  volume={15},
  number={2},
  pages={169--190},
  year={1950},
  publisher={Springer}
}

@article{quasi-clique,
  title={On maximum clique problems in very large graphs},
  author={Abello, James and Pardalos, Panos M and Resende, Mauricio GC and others},
  journal={External Memory Algorithms},
  volume={50},
  pages={119--130},
  year={1998}
}

@article{defective-clique-1,
  title={Predicting interactions in protein networks by completing defective cliques},
  author={Yu, Haiyuan and Paccanaro, Alberto and Trifonov, Valery and Gerstein, Mark},
  journal={Bioinformatics},
  volume={22},
  number={7},
  pages={823--829},
  year={2006},
  publisher={Oxford University Press}
}

@article{defective-clique-2,
  title={Editing graphs into disjoint unions of dense clusters},
  author={Guo, Jiong and Kanj, Iyad A and Komusiewicz, Christian and Uhlmann, Johannes},
  journal={Algorithmica},
  volume={61},
  pages={949--970},
  year={2011},
  publisher={Springer}
}