@article{10185134,
  author   = {Shen, Tianrui and Wei, Yingmei and Kang, Lai and Wan, Shanshan and Yang, Yee-Hong},
  journal  = {IEEE Transactions on Circuits and Systems for Video Technology},
  title    = {MCCG: A ConvNeXt-Based Multiple-Classifier Method for Cross-View Geo-Localization},
  year     = {2024},
  volume   = {34},
  number   = {3},
  pages    = {1456-1468},
  keywords = {Feature extraction;Drones;Task analysis;Image segmentation;Semantics;Satellites;Data mining;Cross-view;ConvNeXt;image retrieval;multiple feature representation},
  doi      = {10.1109/TCSVT.2023.3296074}
}

@article{10376356,
  author   = {Dai, Ming and Zheng, Enhui and Feng, Zhenhua and Qi, Lei and Zhuang, Jiedong and Yang, Wankou},
  journal  = {IEEE Transactions on Image Processing},
  title    = {Vision-Based UAV Self-Positioning in Low-Altitude Urban Environments},
  year     = {2024},
  volume   = {33},
  number   = {},
  pages    = {493-508},
  keywords = {Autonomous aerial vehicles;Task analysis;Satellite images;Satellites;Location awareness;Drones;Web services;Unmanned aerial vehicle;geo-localization;transformer;image retrieval},
  doi      = {10.1109/TIP.2023.3346279}
}

@article{bakirci2024enhancing,
  title={Enhancing vehicle detection in intelligent transportation systems via autonomous UAV platform and YOLOv8 integration},
  author={Bakirci, Murat},
  journal={Applied Soft Computing},
  volume={164},
  pages={112015},
  year={2024},
  publisher={Elsevier}
}

@article{bromley1993signature,
  title   = {Signature verification using a" siamese" time delay neural network},
  author  = {Bromley, Jane and Guyon, Isabelle and LeCun, Yann and S{\"a}ckinger, Eduard and Shah, Roopak},
  journal = {Advances in neural information processing systems},
  volume  = {6},
  year    = {1993}
}

@article{chen2024fpi,
  title     = {OS-FPI: A Coarse-to-Fine One-Stream Network for UAV Geo-Localization},
  author    = {Chen, Jiahao and Zheng, Enhui and Dai, Ming and Chen, Yifu and Lu, Yusheng},
  journal   = {IEEE Journal of Selected Topics in Applied Earth Observations and Remote Sensing},
  year      = {2024},
  publisher = {IEEE}
}

@article{chen2024sdpl,
  title={SDPL: Shifting-Dense Partition Learning for UAV-View Geo-Localization},
  author={Chen, Quan and Wang, Tingyu and Yang, Zihao and Li, Haoran and Lu, Rongfeng and Sun, Yaoqi and Zheng, Bolun and Yan, Chenggang},
  journal={arXiv preprint arXiv:2403.04172},
  year={2024}
}

@article{cheng2023ai,
  title={AI for UAV-assisted IoT applications: A comprehensive review},
  author={Cheng, Nan and Wu, Shen and Wang, Xiucheng and Yin, Zhisheng and Li, Changle and Chen, Wen and Chen, Fangjiong},
  journal={IEEE Internet of Things Journal},
  volume={10},
  number={16},
  pages={14438--14461},
  year={2023},
  publisher={IEEE}
}

@article{dai2021transformer,
  title={A transformer-based feature segmentation and region alignment method for UAV-view geo-localization},
  author={Dai, Ming and Hu, Jianhong and Zhuang, Jiedong and Zheng, Enhui},
  journal={IEEE Transactions on Circuits and Systems for Video Technology},
  volume={32},
  number={7},
  pages={4376--4389},
  year={2021},
  publisher={IEEE}
}

@article{dai2022finding,
  title   = {Finding point with image: An end-to-end benchmark for vision-based UAV localization},
  author  = {Dai, Ming and Chen, Jiahao and Lu, Yusheng and Hao, Wenlong and Zheng, Enhui},
  journal = {arXiv preprint arXiv:2208.06561},
  year    = {2022}
}

@inproceedings{deuser2023sample4geo,
  title     = {Sample4geo: Hard negative sampling for cross-view geo-localisation},
  author    = {Deuser, Fabian and Habel, Konrad and Oswald, Norbert},
  booktitle = {Proceedings of the IEEE/CVF International Conference on Computer Vision},
  pages     = {16847--16856},
  year      = {2023}
}

@article{dosovitskiy2020image,
  title={An image is worth 16x16 words: Transformers for image recognition at scale},
  author={Dosovitskiy, Alexey},
  journal={arXiv preprint arXiv:2010.11929},
  year={2020}
}

@inproceedings{hadsell2006dimensionality,
  title        = {Dimensionality reduction by learning an invariant mapping},
  author       = {Hadsell, Raia and Chopra, Sumit and LeCun, Yann},
  booktitle    = {2006 IEEE computer society conference on computer vision and pattern recognition (CVPR'06)},
  volume       = {2},
  pages        = {1735--1742},
  year         = {2006},
  organization = {IEEE}
}

@inproceedings{hu2018cvm,
  title     = {Cvm-net: Cross-view matching network for image-based ground-to-aerial geo-localization},
  author    = {Hu, Sixing and Feng, Mengdan and Nguyen, Rang MH and Lee, Gim Hee},
  booktitle = {Proceedings of the IEEE Conference on Computer Vision and Pattern Recognition},
  pages     = {7258--7267},
  year      = {2018}
}

@article{krizhevsky2012imagenet,
  title   = {Imagenet classification with deep convolutional neural networks},
  author  = {Krizhevsky, Alex and Sutskever, Ilya and Hinton, Geoffrey E},
  journal = {Advances in neural information processing systems},
  volume  = {25},
  year    = {2012}
}

@article{lecun1998gradient,
  title     = {Gradient-based learning applied to document recognition},
  author    = {LeCun, Yann and Bottou, L{\'e}on and Bengio, Yoshua and Haffner, Patrick},
  journal   = {Proceedings of the IEEE},
  volume    = {86},
  number    = {11},
  pages     = {2278--2324},
  year      = {1998},
  publisher = {Ieee}
}

@article{liu2024adaptive,
  title     = {Adaptive Global Embedding Learning: A Two-Stage Framework for UAV-View Geo-Localization},
  author    = {Liu, Cuiwei and Li, Shishen and Du, Chong and Qiu, Huaijun},
  journal   = {IEEE Signal Processing Letters},
  year      = {2024},
  publisher = {IEEE}
}

@article{molina2023review,
  title={A review of unmanned aerial vehicle applications in construction management: 2016--2021},
  author={Molina, Andres Acero and Huang, Yilei and Jiang, Yuhan},
  journal={Standards},
  volume={3},
  number={2},
  pages={95--109},
  year={2023},
  publisher={MDPI}
}

@article{shadiev2023systematic,
  title={A systematic review of UAV applications to education},
  author={Shadiev, Rustam and Yi, Suping},
  journal={Interactive Learning Environments},
  volume={31},
  number={10},
  pages={6165--6194},
  year={2023},
  publisher={Taylor \& Francis}
}

@inproceedings{shi2022cvlnet,
  title        = {Cvlnet: Cross-view semantic correspondence learning for video-based camera localization},
  author       = {Shi, Yujiao and Yu, Xin and Wang, Shan and Li, Hongdong},
  booktitle    = {Asian Conference on Computer Vision},
  pages        = {123--141},
  year         = {2022},
  organization = {Springer}
}

@article{wang2021each,
  title     = {Each part matters: Local patterns facilitate cross-view geo-localization},
  author    = {Wang, Tingyu and Zheng, Zhedong and Yan, Chenggang and Zhang, Jiyong and Sun, Yaoqi and Zheng, Bolun and Yang, Yi},
  journal   = {IEEE Transactions on Circuits and Systems for Video Technology},
  volume    = {32},
  number    = {2},
  pages     = {867--879},
  year      = {2021},
  publisher = {IEEE}
}

@article{wang2023wamf,
  title     = {Wamf-fpi: A weight-adaptive multi-feature fusion network for uav localization},
  author    = {Wang, Guirong and Chen, Jiahao and Dai, Ming and Zheng, Enhui},
  journal   = {Remote Sensing},
  volume    = {15},
  number    = {4},
  pages     = {910},
  year      = {2023},
  publisher = {MDPI}
}

@inproceedings{ye2024sg,
  title     = {SG-BEV: Satellite-Guided BEV Fusion for Cross-View Semantic Segmentation},
  author    = {Ye, Junyan and Luo, Qiyan and Yu, Jinhua and Zhong, Huaping and Zheng, Zhimeng and He, Conghui and Li, Weijia},
  booktitle = {Proceedings of the IEEE/CVF Conference on Computer Vision and Pattern Recognition},
  pages     = {27748--27757},
  year      = {2024}
}

@inproceedings{zhang2023cross,
  title     = {Cross-view geo-localization via learning disentangled geometric layout correspondence},
  author    = {Zhang, Xiaohan and Li, Xingyu and Sultani, Waqas and Zhou, Yi and Wshah, Safwan},
  booktitle = {Proceedings of the AAAI Conference on Artificial Intelligence},
  volume    = {37},
  number    = {3},
  pages     = {3480--3488},
  year      = {2023}
}

@inproceedings{zheng2020university,
  title     = {University-1652: A multi-view multi-source benchmark for drone-based geo-localization},
  author    = {Zheng, Zhedong and Wei, Yunchao and Yang, Yi},
  booktitle = {Proceedings of the 28th ACM international conference on Multimedia},
  pages     = {1395--1403},
  year      = {2020}
}

@inproceedings{zhu2022transgeo,
  title     = {Transgeo: Transformer is all you need for cross-view image geo-localization},
  author    = {Zhu, Sijie and Shah, Mubarak and Chen, Chen},
  booktitle = {Proceedings of the IEEE/CVF Conference on Computer Vision and Pattern Recognition},
  pages     = {1162--1171},
  year      = {2022}
}

@article{zhu2023sues,
  title     = {SUES-200: A multi-height multi-scene cross-view image benchmark across drone and satellite},
  author    = {Zhu, Runzhe and Yin, Ling and Yang, Mingze and Wu, Fei and Yang, Yuncheng and Hu, Wenbo},
  journal   = {IEEE Transactions on Circuits and Systems for Video Technology},
  volume    = {33},
  number    = {9},
  pages     = {4825--4839},
  year      = {2023},
  publisher = {IEEE}
}

@article{zhuang2021faster,
  title     = {A faster and more effective cross-view matching method of UAV and satellite images for UAV geolocalization},
  author    = {Zhuang, Jiedong and Dai, Ming and Chen, Xuruoyan and Zheng, Enhui},
  journal   = {Remote Sensing},
  volume    = {13},
  number    = {19},
  pages     = {3979},
  year      = {2021},
  publisher = {MDPI}
}

