@article{dai2021transformer,
  title={A transformer-based feature segmentation and region alignment method for UAV-view geo-localization},
  author={Dai, Ming and Hu, Jianhong and Zhuang, Jiedong and Zheng, Enhui},
  journal={IEEE Transactions on Circuits and Systems for Video Technology},
  volume={32},
  number={7},
  pages={4376--4389},
  year={2021},
  publisher={IEEE}
}

@inproceedings{zheng2020university,
  title     = {University-1652: A multi-view multi-source benchmark for drone-based geo-localization},
  author    = {Zheng, Zhedong and Wei, Yunchao and Yang, Yi},
  booktitle = {Proceedings of the 28th ACM international conference on Multimedia},
  pages     = {1395--1403},
  year      = {2020}
}

@article{krizhevsky2012imagenet,
  title   = {Imagenet classification with deep convolutional neural networks},
  author  = {Krizhevsky, Alex and Sutskever, Ilya and Hinton, Geoffrey E},
  journal = {Advances in neural information processing systems},
  volume  = {25},
  year    = {2012}
}

@article{lecun1998gradient,
  title     = {Gradient-based learning applied to document recognition},
  author    = {LeCun, Yann and Bottou, L{\'e}on and Bengio, Yoshua and Haffner, Patrick},
  journal   = {Proceedings of the IEEE},
  volume    = {86},
  number    = {11},
  pages     = {2278--2324},
  year      = {1998},
  publisher = {Ieee}
}

@article{bromley1993signature,
  title   = {Signature verification using a" siamese" time delay neural network},
  author  = {Bromley, Jane and Guyon, Isabelle and LeCun, Yann and S{\"a}ckinger, Eduard and Shah, Roopak},
  journal = {Advances in neural information processing systems},
  volume  = {6},
  year    = {1993}
}

@inproceedings{hadsell2006dimensionality,
  title        = {Dimensionality reduction by learning an invariant mapping},
  author       = {Hadsell, Raia and Chopra, Sumit and LeCun, Yann},
  booktitle    = {2006 IEEE computer society conference on computer vision and pattern recognition (CVPR'06)},
  volume       = {2},
  pages        = {1735--1742},
  year         = {2006},
  organization = {IEEE}
}

@inproceedings{hu2018cvm,
  title     = {Cvm-net: Cross-view matching network for image-based ground-to-aerial geo-localization},
  author    = {Hu, Sixing and Feng, Mengdan and Nguyen, Rang MH and Lee, Gim Hee},
  booktitle = {Proceedings of the IEEE Conference on Computer Vision and Pattern Recognition},
  pages     = {7258--7267},
  year      = {2018}
}

@article{wang2021each,
  title     = {Each part matters: Local patterns facilitate cross-view geo-localization},
  author    = {Wang, Tingyu and Zheng, Zhedong and Yan, Chenggang and Zhang, Jiyong and Sun, Yaoqi and Zheng, Bolun and Yang, Yi},
  journal   = {IEEE Transactions on Circuits and Systems for Video Technology},
  volume    = {32},
  number    = {2},
  pages     = {867--879},
  year      = {2021},
  publisher = {IEEE}
}

@inproceedings{deuser2023sample4geo,
  title     = {Sample4geo: Hard negative sampling for cross-view geo-localisation},
  author    = {Deuser, Fabian and Habel, Konrad and Oswald, Norbert},
  booktitle = {Proceedings of the IEEE/CVF International Conference on Computer Vision},
  pages     = {16847--16856},
  year      = {2023}
}

@inproceedings{zhu2022transgeo,
  title     = {Transgeo: Transformer is all you need for cross-view image geo-localization},
  author    = {Zhu, Sijie and Shah, Mubarak and Chen, Chen},
  booktitle = {Proceedings of the IEEE/CVF Conference on Computer Vision and Pattern Recognition},
  pages     = {1162--1171},
  year      = {2022}
}

@inproceedings{zhang2023cross,
  title     = {Cross-view geo-localization via learning disentangled geometric layout correspondence},
  author    = {Zhang, Xiaohan and Li, Xingyu and Sultani, Waqas and Zhou, Yi and Wshah, Safwan},
  booktitle = {Proceedings of the AAAI Conference on Artificial Intelligence},
  volume    = {37},
  number    = {3},
  pages     = {3480--3488},
  year      = {2023}
}

@inproceedings{liu2019lending,
  title     = {Lending orientation to neural networks for cross-view geo-localization},
  author    = {Liu, Liu and Li, Hongdong},
  booktitle = {Proceedings of the IEEE/CVF conference on computer vision and pattern recognition},
  pages     = {5624--5633},
  year      = {2019}
}

@inproceedings{shi2022cvlnet,
  title        = {Cvlnet: Cross-view semantic correspondence learning for video-based camera localization},
  author       = {Shi, Yujiao and Yu, Xin and Wang, Shan and Li, Hongdong},
  booktitle    = {Asian Conference on Computer Vision},
  pages        = {123--141},
  year         = {2022},
  organization = {Springer}
}

@inproceedings{ye2024sg,
  title     = {SG-BEV: Satellite-Guided BEV Fusion for Cross-View Semantic Segmentation},
  author    = {Ye, Junyan and Luo, Qiyan and Yu, Jinhua and Zhong, Huaping and Zheng, Zhimeng and He, Conghui and Li, Weijia},
  booktitle = {Proceedings of the IEEE/CVF Conference on Computer Vision and Pattern Recognition},
  pages     = {27748--27757},
  year      = {2024}
}

@article{liu2024adaptive,
  title     = {Adaptive Global Embedding Learning: A Two-Stage Framework for UAV-View Geo-Localization},
  author    = {Liu, Cuiwei and Li, Shishen and Du, Chong and Qiu, Huaijun},
  journal   = {IEEE Signal Processing Letters},
  year      = {2024},
  publisher = {IEEE}
}

@article{zhu2023sues,
  title     = {SUES-200: A multi-height multi-scene cross-view image benchmark across drone and satellite},
  author    = {Zhu, Runzhe and Yin, Ling and Yang, Mingze and Wu, Fei and Yang, Yuncheng and Hu, Wenbo},
  journal   = {IEEE Transactions on Circuits and Systems for Video Technology},
  volume    = {33},
  number    = {9},
  pages     = {4825--4839},
  year      = {2023},
  publisher = {IEEE}
}

@inproceedings{lin2013cross,
  title     = {Cross-view image geolocalization},
  author    = {Lin, Tsung-Yi and Belongie, Serge and Hays, James},
  booktitle = {Proceedings of the IEEE Conference on Computer Vision and Pattern Recognition},
  pages     = {891--898},
  year      = {2013}
}

@inproceedings{he2015delving,
  title     = {Delving deep into rectifiers: Surpassing human-level performance on imagenet classification},
  author    = {He, Kaiming and Zhang, Xiangyu and Ren, Shaoqing and Sun, Jian},
  booktitle = {Proceedings of the IEEE international conference on computer vision},
  pages     = {1026--1034},
  year      = {2015}
}

@article{10506965,
  author   = {Li, Qingge and Yang, Xiaogang and Fan, Jiwei and Lu, Ruitao and Tang, Bin and Wang, Siyu and Su, Shuang},
  journal  = {IEEE Journal of Selected Topics in Applied Earth Observations and Remote Sensing},
  title    = {GeoFormer: An Effective Transformer-Based Siamese Network for UAV Geolocalization},
  year     = {2024},
  volume   = {17},
  number   = {},
  pages    = {9470-9491},
  keywords = {Feature extraction;Autonomous aerial vehicles;Transformers;Location awareness;Semantics;Task analysis;Satellites;Cross-view image retrieval;heterologous scene matching;linear attention;Siamese network;transformer;unmanned aerial vehicle (UAV) geolocalization},
  doi      = {10.1109/JSTARS.2024.3392812}
}

@article{10185134,
  author   = {Shen, Tianrui and Wei, Yingmei and Kang, Lai and Wan, Shanshan and Yang, Yee-Hong},
  journal  = {IEEE Transactions on Circuits and Systems for Video Technology},
  title    = {MCCG: A ConvNeXt-Based Multiple-Classifier Method for Cross-View Geo-Localization},
  year     = {2024},
  volume   = {34},
  number   = {3},
  pages    = {1456-1468},
  keywords = {Feature extraction;Drones;Task analysis;Image segmentation;Semantics;Satellites;Data mining;Cross-view;ConvNeXt;image retrieval;multiple feature representation},
  doi      = {10.1109/TCSVT.2023.3296074}
}

@article{10517694,
  author   = {Ge, Fawei and Zhang, Yunzhou and Wang, Li and Liu, Wei and Liu, Yixiu and Coleman, Sonya and Kerr, Dermot},
  journal  = {IEEE Transactions on Geoscience and Remote Sensing},
  title    = {Multilevel Feedback Joint Representation Learning Network Based on Adaptive Area Elimination for Cross-View Geo-Localization},
  year     = {2024},
  volume   = {62},
  number   = {},
  pages    = {1-15},
  keywords = {Task analysis;Feature extraction;Transformers;Adaptation models;Location awareness;Computational modeling;Interference;Adaptive area elimination;geo-localization;interference information;multilevel feedback},
  doi      = {10.1109/TGRS.2024.3396330}
}

@article{10129939,
  author   = {Sun, Bo and Liu, Ganchao and Yuan, Yuan},
  journal  = {IEEE Transactions on Geoscience and Remote Sensing},
  title    = {F3-Net: Multiview Scene Matching for Drone-Based Geo-Localization},
  year     = {2023},
  volume   = {61},
  number   = {},
  pages    = {1-11},
  keywords = {Feature extraction;Measurement;Semantics;Visualization;Drones;Robustness;Satellites;Geo-localization;metric learning;multiview;scene matching},
  doi      = {10.1109/TGRS.2023.3278257}
}

@article{10506984,
  author   = {Liu, Cuiwei and Li, Shishen and Du, Chong and Qiu, Huaijun},
  journal  = {IEEE Signal Processing Letters},
  title    = {Adaptive Global Embedding Learning: A Two-Stage Framework for UAV-View Geo-Localization},
  year     = {2024},
  volume   = {31},
  number   = {},
  pages    = {1239-1243},
  keywords = {Training;Task analysis;Prototypes;Head;Adaptive systems;Location awareness;Satellites;Cross-view matching loss;global embedding;part-wise representations;UAV-view geo-localization},
  doi      = {10.1109/LSP.2024.3392676}
}

@inproceedings{schroff2015facenet,
  title     = {Facenet: A unified embedding for face recognition and clustering},
  author    = {Schroff, Florian and Kalenichenko, Dmitry and Philbin, James},
  booktitle = {Proceedings of the IEEE conference on computer vision and pattern recognition},
  pages     = {815--823},
  year      = {2015}
}

@article{ding2020practical,
  title     = {A practical cross-view image matching method between UAV and satellite for UAV-based geo-localization},
  author    = {Ding, Lirong and Zhou, Ji and Meng, Lingxuan and Long, Zhiyong},
  journal   = {Remote Sensing},
  volume    = {13},
  number    = {1},
  pages     = {47},
  year      = {2020},
  publisher = {MDPI}
}

@article{cheng2023ai,
  title={AI for UAV-assisted IoT applications: A comprehensive review},
  author={Cheng, Nan and Wu, Shen and Wang, Xiucheng and Yin, Zhisheng and Li, Changle and Chen, Wen and Chen, Fangjiong},
  journal={IEEE Internet of Things Journal},
  volume={10},
  number={16},
  pages={14438--14461},
  year={2023},
  publisher={IEEE}
}

@article{shadiev2023systematic,
  title={A systematic review of UAV applications to education},
  author={Shadiev, Rustam and Yi, Suping},
  journal={Interactive Learning Environments},
  volume={31},
  number={10},
  pages={6165--6194},
  year={2023},
  publisher={Taylor \& Francis}
}

@article{molina2023review,
  title={A review of unmanned aerial vehicle applications in construction management: 2016--2021},
  author={Molina, Andres Acero and Huang, Yilei and Jiang, Yuhan},
  journal={Standards},
  volume={3},
  number={2},
  pages={95--109},
  year={2023},
  publisher={MDPI}
}

@article{bakirci2024enhancing,
  title={Enhancing vehicle detection in intelligent transportation systems via autonomous UAV platform and YOLOv8 integration},
  author={Bakirci, Murat},
  journal={Applied Soft Computing},
  volume={164},
  pages={112015},
  year={2024},
  publisher={Elsevier}
}

@ARTICLE{10517350,
  author={Xu, Jianhao and Fan, Xiangtao and Jian, Hongdeng and Xu, Chen and Bei, Weijia and Ge, Qifeng and Zhao, Teng},
  journal={IEEE Transactions on Geoscience and Remote Sensing}, 
  title={YoloOW: A Spatial Scale Adaptive Real-Time Object Detection Neural Network for Open Water Search and Rescue From UAV Aerial Imagery}, 
  year={2024},
  volume={62},
  number={},
  pages={1-15},
  keywords={Autonomous aerial vehicles;Feature extraction;Object detection;Search problems;Detectors;Boats;Training;Object detection;open water search and rescue;unmanned aerial vehicle (UAV) aerial imagery;unmanned aerial vehicle (UAV) metadata;water surface flares},
  doi={10.1109/TGRS.2024.3395483}}

@ARTICLE{10119181,
  author={Zhang, Yunzuo and Wu, Cunyu and Guo, Wei and Zhang, Tian and Li, Wei},
  journal={IEEE Transactions on Geoscience and Remote Sensing}, 
  title={CFANet: Efficient Detection of UAV Image Based on Cross-Layer Feature Aggregation}, 
  year={2023},
  volume={61},
  number={},
  pages={1-11},
  keywords={Object detection;Feature extraction;Autonomous aerial vehicles;Cross layer design;Detectors;Semantics;Task analysis;Aerial image;feature aggregation;small object detection;unmanned aerial vehicle (UAV)},
  doi={10.1109/TGRS.2023.3273314}}

@ARTICLE{9611255,
  author={Yu, Dawen and Ji, Shunping},
  journal={IEEE Transactions on Geoscience and Remote Sensing}, 
  title={A New Spatial-Oriented Object Detection Framework for Remote Sensing Images}, 
  year={2022},
  volume={60},
  number={},
  pages={1-16},
  keywords={Remote sensing;Object detection;Feature extraction;Proposals;Graphical models;Distribution functions;Detectors;Convolutional neural network (CNN);object detection;object spatial distribution;object-based proposal box inference;remote sensing images},
  doi={10.1109/TGRS.2021.3127232}}

@INPROCEEDINGS{10620851,
  author={Kong, Jeong Min and Sousa, Elvino},
  booktitle={IEEE INFOCOM 2024 - IEEE Conference on Computer Communications Workshops (INFOCOM WKSHPS)}, 
  title={Piggybacking on UAV Package Delivery Systems to Simultaneously Provide Wireless Coverage: A Deep Reinforcement Learning-Based Trajectory Design}, 
  year={2024},
  volume={},
  number={},
  pages={1-6},
  keywords={Wireless communication;Q-learning;Autonomous aerial vehicles;Downlink;Product delivery;Transceivers;Trajectory;6G;UAV;Multi-Purpose UAV;UAV-Based Delivery;UAV-Assisted Communications;Deep Reinforcement Learning;Deep Q-Learning},
  doi={10.1109/INFOCOMWKSHPS61880.2024.10620851}}

@ARTICLE{9933782,
  author={Qin, Yujie and Kishk, Mustafa A. and Alouini, Mohamed-Slim},
  journal={IEEE Internet of Things Journal}, 
  title={Stochastic-Geometry-Based Analysis of Multipurpose UAVs for Package and Data Delivery}, 
  year={2023},
  volume={10},
  number={5},
  pages={4664-4676},
  keywords={Internet of Things;Autonomous aerial vehicles;Drones;Trajectory;Product delivery;Wireless communication;Stochastic processes;Data collection;Internet of Things (IoT) devices;multipurpose unmanned aerial vehicle (UAV);package delivery;Poisson point process;stochastic geometry},
  doi={10.1109/JIOT.2022.3218674}}

@INPROCEEDINGS{9700861,
  author={Kloeker, Laurent and Moers, Tobias and Vater, Lennart and Zlocki, Adrian and Eckstein, Lutz},
  booktitle={2021 5th International Conference on Vision, Image and Signal Processing (ICVISP)}, 
  title={Utilization and Potentials of Unmanned Aerial Vehicles (UAVs) in the Field of Automated Driving: A Survey}, 
  year={2021},
  volume={},
  number={},
  pages={9-17},
  keywords={Wireless communication;Costs;Roads;Surveillance;Signal processing;Autonomous aerial vehicles;Trajectory;Unmanned Aerial Vehicles;UAVs;Automated Driving;Potentials;Survey},
  doi={10.1109/ICVISP54630.2021.00012}}

@article{pliego2021quaternion,
  title={Quaternion-based adaptive control for trajectory tracking of quadrotor unmanned aerial vehicles},
  author={Pliego-Jim{\'e}nez, Javier},
  journal={International Journal of Adaptive Control and Signal Processing},
  volume={35},
  number={5},
  pages={628--641},
  year={2021},
  publisher={Wiley Online Library}
}

@ARTICLE{10644040,
  author={Wu, Qiong and Wan, Yi and Zheng, Zhi and Zhang, Yongjun and Wang, Guangshuai and Zhao, Zhenyang},
  journal={IEEE Transactions on Geoscience and Remote Sensing}, 
  title={CAMP: A Cross-View Geo-Localization Method Using Contrastive Attributes Mining and Position-Aware Partitioning}, 
  year={2024},
  volume={62},
  number={},
  pages={1-14},
  keywords={Feature extraction;Contrastive learning;Task analysis;Drones;Satellite images;Data mining;Visualization;Cross-view geo-localization (CVGL);image retrieval;remote sensing;satellite image;unmanned aerial vehicles (UAVs)},
  doi={10.1109/TGRS.2024.3448499}}

@ARTICLE{10601183,
  author={Ahn, Woo-Jin and Park, So-Yeon and Pae, Dong-Sung and Choi, Hyun-Duck and Lim, Myo-Taeg},
  journal={IEEE Transactions on Geoscience and Remote Sensing}, 
  title={Bridging Viewpoints in Cross-View Geo-Localization With Siamese Vision Transformer}, 
  year={2024},
  volume={62},
  number={},
  pages={1-12},
  keywords={Feature extraction;Transformers;Transforms;Visualization;Global Positioning System;Location awareness;Layout;Cross-view geo-localization (CVGL);deep learning;image retrieval;polar transform;Siamese network;vision transformer (ViT)},
  doi={10.1109/TGRS.2024.3429570}}

@ARTICLE{10473752,
  author={Ge, Fawei and Zhang, Yunzhou and Liu, Yixiu and Wang, Guiyuan and Coleman, Sonya and Kerr, Dermot and Wang, Li},
  journal={IEEE Transactions on Geoscience and Remote Sensing}, 
  title={Multibranch Joint Representation Learning Based on Information Fusion Strategy for Cross-View Geo-Localization}, 
  year={2024},
  volume={62},
  number={},
  pages={1-16},
  keywords={Feature extraction;Task analysis;Representation learning;Location awareness;Deep learning;Context modeling;Layout;Geo-localization;hybrid information fusion strategies (IFSs);joint representation learning;multibranch},
  doi={10.1109/TGRS.2024.3378453}}

@article{chen2024sdpl,
  title={SDPL: Shifting-Dense Partition Learning for UAV-View Geo-Localization},
  author={Chen, Quan and Wang, Tingyu and Yang, Zihao and Li, Haoran and Lu, Rongfeng and Sun, Yaoqi and Zheng, Bolun and Yan, Chenggang},
  journal={arXiv preprint arXiv:2403.04172},
  year={2024}
}

@article{dosovitskiy2020image,
  title={An image is worth 16x16 words: Transformers for image recognition at scale},
  author={Dosovitskiy, Alexey},
  journal={arXiv preprint arXiv:2010.11929},
  year={2020}
}

@inproceedings{liu2021swin,
  title={Swin transformer: Hierarchical vision transformer using shifted windows},
  author={Liu, Ze and Lin, Yutong and Cao, Yue and Hu, Han and Wei, Yixuan and Zhang, Zheng and Lin, Stephen and Guo, Baining},
  booktitle={Proceedings of the IEEE/CVF international conference on computer vision},
  pages={10012--10022},
  year={2021}
}

@inproceedings{liu2022swin,
  title={Swin transformer v2: Scaling up capacity and resolution},
  author={Liu, Ze and Hu, Han and Lin, Yutong and Yao, Zhuliang and Xie, Zhenda and Wei, Yixuan and Ning, Jia and Cao, Yue and Zhang, Zheng and Dong, Li and others},
  booktitle={Proceedings of the IEEE/CVF conference on computer vision and pattern recognition},
  pages={12009--12019},
  year={2022}
}

@ARTICLE{10387514,
  author={Zhao, Hu and Ren, Keyan and Yue, Tianyi and Zhang, Chun and Yuan, Shuai},
  journal={IEEE Transactions on Geoscience and Remote Sensing}, 
  title={TransFG: A Cross-View Geo-Localization of Satellite and UAVs Imagery Pipeline Using Transformer-Based Feature Aggregation and Gradient Guidance}, 
  year={2024},
  volume={62},
  number={},
  pages={1-12},
  keywords={Feature extraction;Image matching;Transformers;Data mining;Task analysis;Pipelines;Drones;Cross-view geo-localization;feature aggregation (FA);image matching;transformer;unmanned aerial vehicles (UAVs)},
  doi={10.1109/TGRS.2024.3352418}}

@ARTICLE{10288351,
  author={Song, Haoshuai and Wang, Zhen and Lei, Yi and Shi, Dianxi and Tong, Xiaochong and Lei, Yaxian and Qiu, Chunping},
  journal={IEEE Geoscience and Remote Sensing Letters}, 
  title={Learning Visual Representation Clusters for Cross-View Geo-Location}, 
  year={2023},
  volume={20},
  number={},
  pages={1-5},
  keywords={Feature extraction;Task analysis;Buildings;Training;Visualization;Satellites;Drones;Categorized cluster loss;geo-localization;image retrieval;OSNet},
  doi={10.1109/LGRS.2023.3326005}}

@ARTICLE{9779991,
  author={Lin, Jinliang and Zheng, Zhedong and Zhong, Zhun and Luo, Zhiming and Li, Shaozi and Yang, Yi and Sebe, Nicu},
  journal={IEEE Transactions on Image Processing}, 
  title={Joint Representation Learning and Keypoint Detection for Cross-View Geo-Localization}, 
  year={2022},
  volume={31},
  number={},
  pages={3780-3792},
  keywords={Feature extraction;Convolution;Task analysis;Location awareness;Visualization;Visual systems;Representation learning;Geo-localization;representation learning;keypoint;attention},
  doi={10.1109/TIP.2022.3175601}}

@article{dai2022finding,
  title   = {Finding point with image: An end-to-end benchmark for vision-based UAV localization},
  author  = {Dai, Ming and Chen, Jiahao and Lu, Yusheng and Hao, Wenlong and Zheng, Enhui},
  journal = {arXiv preprint arXiv:2208.06561},
  year    = {2022}
}

@article{wang2023wamf,
  title     = {Wamf-fpi: A weight-adaptive multi-feature fusion network for uav localization},
  author    = {Wang, Guirong and Chen, Jiahao and Dai, Ming and Zheng, Enhui},
  journal   = {Remote Sensing},
  volume    = {15},
  number    = {4},
  pages     = {910},
  year      = {2023},
  publisher = {MDPI}
}

@article{chen2024fpi,
  title     = {OS-FPI: A Coarse-to-Fine One-Stream Network for UAV Geo-Localization},
  author    = {Chen, Jiahao and Zheng, Enhui and Dai, Ming and Chen, Yifu and Lu, Yusheng},
  journal   = {IEEE Journal of Selected Topics in Applied Earth Observations and Remote Sensing},
  year      = {2024},
  publisher = {IEEE}
}

@article{zhuang2021faster,
  title     = {A faster and more effective cross-view matching method of UAV and satellite images for UAV geolocalization},
  author    = {Zhuang, Jiedong and Dai, Ming and Chen, Xuruoyan and Zheng, Enhui},
  journal   = {Remote Sensing},
  volume    = {13},
  number    = {19},
  pages     = {3979},
  year      = {2021},
  publisher = {MDPI}
}

@article{dai2024simvg,
  title   = {SimVG: A Simple Framework for Visual Grounding with Decoupled Multi-modal Fusion},
  author  = {Dai, Ming and Yang, Lingfeng and Xu, Yihao and Feng, Zhenhua and Yang, Wankou},
  journal = {arXiv preprint arXiv:2409.17531},
  year    = {2024}
}


@article{4781575,
  author   = {Berni, Jose A. J. and Zarco-Tejada, Pablo J. and Suarez, Lola and Fereres, Elias},
  journal  = {IEEE Transactions on Geoscience and Remote Sensing},
  title    = {Thermal and Narrowband Multispectral Remote Sensing for Vegetation Monitoring From an Unmanned Aerial Vehicle},
  year     = {2009},
  volume   = {47},
  number   = {3},
  pages    = {722-738},
  keywords = {Remote monitoring;Narrowband;Unmanned aerial vehicles;Vegetation mapping;Spatial resolution;Image resolution;Remote sensing;Reflectivity;Image sensors;Crops;Multispectral;narrowband;radiative transfer modeling;remote sensing;stress detection;thermal;unmanned aerial system (UAS);unmanned aerial vehicles (UAVs)},
  doi      = {10.1109/TGRS.2008.2010457}
}


@article{9919263,
  author   = {Sun, Yueming and Shao, Zhenfeng and Cheng, Gui and Huang, Xiao and Wang, Zhongyuan},
  journal  = {IEEE Transactions on Geoscience and Remote Sensing},
  title    = {Road and Car Extraction Using UAV Images via Efficient Dual Contextual Parsing Network},
  year     = {2022},
  volume   = {60},
  number   = {},
  pages    = {1-13},
  keywords = {Feature extraction;Automobiles;Roads;Autonomous aerial vehicles;Remote sensing;Data mining;Convolutional neural networks;Attention mechanism;car extraction;lightweight network;road extraction;unmanned aerial vehicle (UAV) images},
  doi      = {10.1109/TGRS.2022.3214246}
}

@article{9913952,
  author   = {Lu, Xiufan and Luo, Siqi and Zhu, Yingying},
  journal  = {IEEE Transactions on Geoscience and Remote Sensing},
  title    = {It’s Okay to Be Wrong: Cross-View Geo-Localization With Step-Adaptive Iterative Refinement},
  year     = {2022},
  volume   = {60},
  number   = {},
  pages    = {1-13},
  keywords = {Iterative methods;Task analysis;Visualization;Estimation;Transforms;Location awareness;Transient analysis;Adaptive estimation;convolutional neural network;cross-view geo-localization;image retrieval;iterative refinement},
  doi      = {10.1109/TGRS.2022.3210195}
}

@article{10226220,
  author   = {Sun, Yuxi and Ye, Yunming and Kang, Jian and Fernandez-Beltran, Ruben and Feng, Shanshan and Li, Xutao and Luo, Chuyao and Zhang, Puzhao and Plaza, Antonio},
  journal  = {IEEE Transactions on Geoscience and Remote Sensing},
  title    = {Cross-View Object Geo-Localization in a Local Region With Satellite Imagery},
  year     = {2023},
  volume   = {61},
  number   = {},
  pages    = {1-16},
  keywords = {Satellite images;Task analysis;Location awareness;Visualization;Drones;Sun;Smart cities;Content-based remote sensing image retrieval;cross-view geo-localization;hashing for localization;multisource remote sensing images},
  doi      = {10.1109/TGRS.2023.3307508}
}

@inproceedings{woo2018cbam,
  title     = {Cbam: Convolutional block attention module},
  author    = {Woo, Sanghyun and Park, Jongchan and Lee, Joon-Young and Kweon, In So},
  booktitle = {Proceedings of the European conference on computer vision (ECCV)},
  pages     = {3--19},
  year      = {2018}
}

@inproceedings{liu2022convnet,
  title     = {A convnet for the 2020s},
  author    = {Liu, Zhuang and Mao, Hanzi and Wu, Chao-Yuan and Feichtenhofer, Christoph and Darrell, Trevor and Xie, Saining},
  booktitle = {Proceedings of the IEEE/CVF conference on computer vision and pattern recognition},
  pages     = {11976--11986},
  year      = {2022}
}

@article{10376356,
  author   = {Dai, Ming and Zheng, Enhui and Feng, Zhenhua and Qi, Lei and Zhuang, Jiedong and Yang, Wankou},
  journal  = {IEEE Transactions on Image Processing},
  title    = {Vision-Based UAV Self-Positioning in Low-Altitude Urban Environments},
  year     = {2024},
  volume   = {33},
  number   = {},
  pages    = {493-508},
  keywords = {Autonomous aerial vehicles;Task analysis;Satellite images;Satellites;Location awareness;Drones;Web services;Unmanned aerial vehicle;geo-localization;transformer;image retrieval},
  doi      = {10.1109/TIP.2023.3346279}
}


######

@article{7508986,
  author   = {Dong, Jing and Liu, Haibo},
  journal  = {IEEE Transactions on Circuits and Systems for Video Technology},
  title    = {Video Stabilization for Strict Real-Time Applications},
  year     = {2017},
  volume   = {27},
  number   = {4},
  pages    = {716-724},
  keywords = {Streaming media;Orbits;Voltage control;Trajectory;Real-time systems;Robustness;Kalman filters;Frame orbits;Kalman filter;mosaic;motion estimation;normalized cross correlation (NCC);optical flow;video stabilization},
  doi      = {10.1109/TCSVT.2016.2589860}
}

@article{8672115,
  author   = {Liang, Xi and Zhang, Jing and Zhuo, Li and Li, Yuzhao and Tian, Qi},
  journal  = {IEEE Transactions on Circuits and Systems for Video Technology},
  title    = {Small Object Detection in Unmanned Aerial Vehicle Images Using Feature Fusion and Scaling-Based Single Shot Detector With Spatial Context Analysis},
  year     = {2020},
  volume   = {30},
  number   = {6},
  pages    = {1758-1770},
  keywords = {Object detection;Feature extraction;Detectors;Unmanned aerial vehicles;Deconvolution;Photography;Remote sensing;Unmanned aerial vehicle (UAV) image;small object detection;feature fusion;feature scaling;single shot detector;spatial context analysis},
  doi      = {10.1109/TCSVT.2019.2905881}
}

@article{10330002,
  author   = {Yu, Youjiang and Zhang, Kaibing and Wang, Xiaohua and Wang, Nannan and Gao, Xinbo},
  journal  = {IEEE Transactions on Circuits and Systems for Video Technology},
  title    = {An Adaptive Region Proposal Network With Progressive Attention Propagation for Tiny Person Detection From UAV Images},
  year     = {2024},
  volume   = {34},
  number   = {6},
  pages    = {4392-4406},
  keywords = {Proposals;Feature extraction;Object detection;Detectors;Autonomous aerial vehicles;Visualization;Task analysis;Tiny object detection;region proposal network;attention mechanism},
  doi      = {10.1109/TCSVT.2023.3335157}
}

@article{6668877,
  author   = {Angelopoulou, Maria E. and Bouganis, Christos-Savvas},
  journal  = {IEEE Transactions on Circuits and Systems for Video Technology},
  title    = {Vision-Based Egomotion Estimation on FPGA for Unmanned Aerial Vehicle Navigation},
  year     = {2014},
  volume   = {24},
  number   = {6},
  pages    = {1070-1083},
  keywords = {Estimation;Random access memory;Field programmable gate arrays;Feature extraction;Optical imaging;Three-dimensional displays;Cameras;Unmanned Aerial Vehicle (UAV);navigation;field programmable gate array (FPGA);egomotion estimation;optical flow;Egomotion estimation;field-programmable gate array (FPGA);navigation;optical flow;unmanned aerial vehicle (UAV)},
  doi      = {10.1109/TCSVT.2013.2291356}
}

@article{10194407,
  author   = {Jiao, Bingliang and Yang, Lu and Gao, Liying and Wang, Peng and Zhang, Shizhou and Zhang, Yanning},
  journal  = {IEEE Transactions on Circuits and Systems for Video Technology},
  title    = {Vehicle Re-Identification in Aerial Images and Videos: Dataset and Approach},
  year     = {2024},
  volume   = {34},
  number   = {3},
  pages    = {1586-1603},
  keywords = {Autonomous aerial vehicles;Feature extraction;Cameras;Annotations;Vehicle dynamics;Deformation;Adaptation models;Vehicle re-identification;aerial imagery;dataset;orientation-adaptive;dynamic convolution;attention},
  doi      = {10.1109/TCSVT.2023.3298788}
}

@article{9583266,
  author   = {Tian, Xiaoyang and Shao, Jie and Ouyang, Deqiang and Shen, Heng Tao},
  journal  = {IEEE Transactions on Circuits and Systems for Video Technology},
  title    = {UAV-Satellite View Synthesis for Cross-View Geo-Localization},
  year     = {2022},
  volume   = {32},
  number   = {7},
  pages    = {4804-4815},
  keywords = {Satellites;Unmanned aerial vehicles;Feature extraction;Task analysis;Location awareness;Image matching;Visualization;Cross-view image matching;geo-localization;image synthesis},
  doi      = {10.1109/TCSVT.2021.3121987}
}

@article{10177194,
  author   = {Wang, Teng and Li, Jiawen and Sun, Changyin},
  journal  = {IEEE Transactions on Circuits and Systems for Video Technology},
  title    = {DeHi: A Decoupled Hierarchical Architecture for Unaligned Ground-to-Aerial Geo-Localization},
  year     = {2024},
  volume   = {34},
  number   = {3},
  pages    = {1927-1940},
  keywords = {Transformers;Feature extraction;Convolutional neural networks;Computational modeling;Location awareness;Hierarchical systems;Unaligned cross-view geo-localization;decoupled hierarchical architecture;factorized transformer model;multi-level deep supervision},
  doi      = {10.1109/TCSVT.2023.3293514}
}

@article{10713505,
  author   = {Zhang, Xupei and Qin, Hanlin and Ma, Lin and Yu, Yue and Ma, Yang and Hu, Yanhao},
  journal  = {IEEE Transactions on Aerospace and Electronic Systems},
  title    = {Deep Feature Matching of Different-modal Images for Visual Geo-Localization of UAVs},
  year     = {2024},
  volume   = {},
  number   = {},
  pages    = {1-19},
  keywords = {Visualization;Feature extraction;Location awareness;Imaging;Real-time systems;Cameras;Autonomous aerial vehicles;Logic gates;Lighting;Aerospace and electronic systems;Aircraft navigation;Image matching;Feature extraction},
  doi      = {10.1109/TAES.2024.3478169}
}

@article{10158513,
  author   = {Tran, Tung Minh and Vu, Tu N. and Nguyen, Tam V. and Nguyen, Khang},
  journal  = {IEEE Journal of Selected Topics in Applied Earth Observations and Remote Sensing},
  title    = {UIT-ADrone: A Novel Drone Dataset for Traffic Anomaly Detection},
  year     = {2023},
  volume   = {16},
  number   = {},
  pages    = {5590-5601},
  keywords = {Anomaly detection;Drones;Feature extraction;Training;Video surveillance;Real-time systems;Object detection;Benchmark;convolutional neural networks (CNNs);drone-based surveillance;object detection;traffic anomaly detection},
  doi      = {10.1109/JSTARS.2023.3285905}
}

@article{9119818,
  author   = {Chen, Hao and Gao, Tong and Qian, Guodong and Chen, Wen and Zhang, Ye},
  journal  = {IEEE Journal of Selected Topics in Applied Earth Observations and Remote Sensing},
  title    = {Tensored Generalized Hough Transform for Object Detection in Remote Sensing Images},
  year     = {2020},
  volume   = {13},
  number   = {},
  pages    = {3503-3520},
  keywords = {Feature extraction;Tensors;Object detection;Remote sensing;Shape;Transforms;Object recognition;Multiorder binary-tree-based searching method;object detection;tensor-space-based contour extraction;tensor-space-based false alarms (FAs) removal;tensored generalized Hough transform (TGHT)},
  doi      = {10.1109/JSTARS.2020.3003137}
}

@article{10582419,
  author   = {Khurshid, Mansoor and Shahzad, Muhammad and Khattak, Hasan Ali and Malik, Muhammad Imran and Fraz, Muhammad Moazam},
  journal  = {IEEE Journal of Selected Topics in Applied Earth Observations and Remote Sensing},
  title    = {Vision-Based 3-D Localization of UAV Using Deep Image Matching},
  year     = {2024},
  volume   = {17},
  number   = {},
  pages    = {12020-12030},
  keywords = {Estimation;Autonomous aerial vehicles;Feature extraction;Cameras;Three-dimensional displays;Image matching;Location awareness;3-D localization of UAV;computer vision;deep image matching;feature detection;UAV height estimation;unmanned aerial vehicles (UAVs)},
  doi      = {10.1109/JSTARS.2024.3422310}
}

@article{10256085,
  author   = {Xu, Haoran and Wang, Lizhe and Han, Wei and Yang, Yixin and Li, Jiabao and Lu, Yue and Li, Jun},
  journal  = {IEEE Journal of Selected Topics in Applied Earth Observations and Remote Sensing},
  title    = {A Survey on UAV Applications in Smart City Management: Challenges, Advances, and Opportunities},
  year     = {2023},
  volume   = {16},
  number   = {},
  pages    = {8982-9010},
  keywords = {Autonomous aerial vehicles;Urban areas;Monitoring;Artificial intelligence;Systematics;Sustainable development;Surveys;Sustainable development;unmanned aerial vehicle (UAV);urban management},
  doi      = {10.1109/JSTARS.2023.3317500}
}

@article{10835173,
  author   = {Yang, Jiaqiang and Qin, Danyang and Tang, Huapeng and Tao, Sili and Bie, Haoze and Ma, Lin},
  journal  = {IEEE Robotics and Automation Letters},
  title    = {DINOv2-Based UAV Visual Self-Localization in Low-Altitude Urban Environments},
  year     = {2025},
  volume   = {10},
  number   = {2},
  pages    = {2080-2087},
  keywords = {Autonomous aerial vehicles;Visualization;Transformers;Location awareness;Feature extraction;Satellites;Adaptation models;Accuracy;Head;Satellite images;Aerial systems: Applications;deep learning for visual perception;localization;recognition},
  doi      = {10.1109/LRA.2025.3527762}
}




