@article{davidse2006older,
  title={Older drivers and ADAS: Which systems improve road safety?},
  author={Davidse, Ragnhild J},
  journal={IATSS research},
  volume={30},
  number={1},
  pages={6--20},
  year={2006},
  publisher={Elsevier}
}

@article{nandavar2023exploring,
  title={Exploring the factors influencing acquisition and learning experiences of cars fitted with advanced driver assistance systems (ADAS)},
  author={Nandavar, Sonali and Kaye, Sherrie-Anne and Senserrick, Teresa and Oviedo-Trespalacios, Oscar},
  journal={Transportation research part F: traffic psychology and behaviour},
  volume={94},
  pages={341--352},
  year={2023},
  publisher={Elsevier}
}

@article{vaezipour2015reviewing,
  title={Reviewing in-vehicle systems to improve fuel efficiency and road safety},
  author={Vaezipour, Atiyeh and Rakotonirainy, Andry and Haworth, Narelle},
  journal={Procedia Manufacturing},
  volume={3},
  pages={3192--3199},
  year={2015},
  publisher={Elsevier}
}

@article{wood2024exploring,
  title={Exploring perceptions of Advanced Driver Assistance Systems (ADAS) in older drivers with age-related declines},
  author={Wood, Joanne M and Henry, Emily and Kaye, Sherrie-Anne and Black, Alex A and Glaser, S{\'e}bastien and Anstey, Kaarin J and Rakotonirainy, Andry},
  journal={Transportation research part F: traffic psychology and behaviour},
  volume={100},
  pages={419--430},
  year={2024},
  publisher={Elsevier}
}

@article{xu2021modeling,
  title={Modeling commercial vehicle drivers' acceptance of advanced driving assistance system (ADAS)},
  author={Xu, Yueru and Ye, Zhirui and Wang, Chao},
  journal={Journal of intelligent and connected vehicles},
  volume={4},
  number={3},
  pages={125--135},
  year={2021},
  publisher={TUP}
}

