@article{dingus2016driver,
  title={Driver crash risk factors and prevalence evaluation using naturalistic driving data},
  author={Dingus, Thomas A and Guo, Feng and Lee, Suzie and Antin, Jonathan F and Perez, Miguel and Buchanan-King, Mindy and Hankey, Jonathan},
  journal={Proceedings of the National Academy of Sciences},
  volume={113},
  number={10},
  pages={2636--2641},
  year={2016},
  publisher={National Acad Sciences}
}

@article{khattak2024acceptance,
  title={Acceptance towards advanced driver assistance systems (ADAS): A validation of the unified model of driver acceptance (UMDA) using structural equation modelling},
  author={Khattak, Muhammad Wisal and Brijs, Kris and Tran, Thi MD and Trinh, T{\'u} Anh and Vu, Anh Tuan and Brijs, Tom},
  journal={Transportation research part F: traffic psychology and behaviour},
  volume={105},
  pages={284--305},
  year={2024},
  publisher={Elsevier}
}

@article{staubach2009factors,
  title={Factors correlated with traffic accidents as a basis for evaluating Advanced Driver Assistance Systems},
  author={Staubach, Maria},
  journal={Accident Analysis \& Prevention},
  volume={41},
  number={5},
  pages={1025--1033},
  year={2009},
  publisher={Elsevier}
}

@article{kwak2020association,
  title={Association of social network size and composition with physical activity in Korean middle-aged adults},
  author={Kwak, Moon Su and Cho, So Mi Jemma and Shim, Jee-Seon and Kim, Dae Jung and Youm, Yoosik and Kim, Hyeon Chang},
  journal={Epidemiology and health},
  volume={42},
  year={2020},
  publisher={Korean Society of Epidemiology}
}

@article{adnan2018trust,
  title={How trust can drive forward the user acceptance to the technology? In-vehicle technology for autonomous vehicle},
  author={Adnan, Nadia and Nordin, Shahrina Md and bin Bahruddin, Mohamad Ariff and Ali, Murad},
  journal={Transportation research part A: policy and practice},
  volume={118},
  pages={819--836},
  year={2018},
  publisher={Elsevier}
}

@article{jadaan2017connected,
  title={Connected vehicles: an innovative transport technology},
  author={Jadaan, Khair and Zeater, Sana and Abukhalil, Yazan},
  journal={Procedia Engineering},
  volume={187},
  pages={641--648},
  year={2017},
  publisher={Elsevier}
}

@article{nandavar2023exploring,
  title={Exploring the factors influencing acquisition and learning experiences of cars fitted with advanced driver assistance systems (ADAS)},
  author={Nandavar, Sonali and Kaye, Sherrie-Anne and Senserrick, Teresa and Oviedo-Trespalacios, Oscar},
  journal={Transportation research part F: traffic psychology and behaviour},
  volume={94},
  pages={341--352},
  year={2023},
  publisher={Elsevier}
}

@article{cicchino2017effectiveness,
  title={Effectiveness of forward collision warning and autonomous emergency braking systems in reducing front-to-rear crash rates},
  author={Cicchino, Jessica B},
  journal={Accident Analysis \& Prevention},
  volume={99},
  pages={142--152},
  year={2017},
  publisher={Elsevier}
}


@article{yue2018assessment,
  title={Assessment of the safety benefits of vehicles’ advanced driver assistance, connectivity and low level automation systems},
  author={Yue, Lishengsa and Abdel-Aty, Mohamed and Wu, Yina and Wang, Ling},
  journal={Accident Analysis \& Prevention},
  volume={117},
  pages={55--64},
  year={2018},
  publisher={Elsevier}
}

@article{wood2024exploring,
  title={Exploring perceptions of Advanced Driver Assistance Systems (ADAS) in older drivers with age-related declines},
  author={Wood, Joanne M and Henry, Emily and Kaye, Sherrie-Anne and Black, Alex A and Glaser, S{\'e}bastien and Anstey, Kaarin J and Rakotonirainy, Andry},
  journal={Transportation research part F: traffic psychology and behaviour},
  volume={100},
  pages={419--430},
  year={2024},
  publisher={Elsevier}
}

@article{lyu2019field,
  title={A field operational test in China: Exploring the effect of an advanced driver assistance system on driving performance and braking behavior},
  author={Lyu, Nengchao and Deng, Chao and Xie, Lian and Wu, Chaozhong and Duan, Zhihcheng},
  journal={Transportation research part F: traffic psychology and behaviour},
  volume={65},
  pages={730--747},
  year={2019},
  publisher={Elsevier}
}

@techreport{ervin2005automotive,
  title={Automotive collision avoidance system field operational test report: Methodology and results},
  author={Ervin, R and Sayer, J and LeBlanc, D and Bogard, S and Mefford, M and Hagan, M and Bareket, Z and Winkler, C},
  year={2005}
}

@article{cicchino2015experiences,
  title={Experiences of model year 2011 Dodge and Jeep owners with collision avoidance and related technologies},
  author={Cicchino, Jessica B and McCartt, Anne T},
  journal={Traffic injury prevention},
  volume={16},
  number={3},
  pages={298--303},
  year={2015},
  publisher={Taylor \& Francis}
}

@article{eichelberger2014volvo,
  title={Volvo drivers’ experiences with advanced crash avoidance and related technologies},
  author={Eichelberger, Angela H and McCartt, Anne T},
  journal={Traffic injury prevention},
  volume={15},
  number={2},
  pages={187--195},
  year={2014},
  publisher={Taylor \& Francis}
}

@article{eichelberger2016toyota,
  title={Toyota drivers' experiences with dynamic radar cruise control, pre-collision system, and lane-keeping assist},
  author={Eichelberger, Angela H and McCartt, Anne T},
  journal={Journal of safety research},
  volume={56},
  pages={67--73},
  year={2016},
  publisher={Elsevier}
}

@article{li2015field,
  title={Field operational test of advanced driver assistance systems in typical Chinese road conditions: The influence of driver gender, age and aggression},
  author={Li, Guofa and Eben Li, S and Cheng, Bo},
  journal={International Journal of Automotive Technology},
  volume={16},
  pages={739--750},
  year={2015},
  publisher={Springer}
}

@article{hungund2021systematic,
  title={Systematic review of research on driver distraction in the context of advanced driver assistance systems},
  author={Hungund, Apoorva P and Pai, Ganesh and Pradhan, Anuj K},
  journal={Transportation research record},
  volume={2675},
  number={9},
  pages={756--765},
  year={2021},
  publisher={SAGE Publications Sage CA: Los Angeles, CA}
}

@article{hagl2020safe,
  title={Safe on the road--does Advanced driver-assistance systems Use affect Road Risk Perception?},
  author={Hagl, Maria and Kouabenan, Dongo R{\'e}mi},
  journal={Transportation research part F: traffic psychology and behaviour},
  volume={73},
  pages={488--498},
  year={2020},
  publisher={Elsevier}
}

@article{kinosada2021trusting,
  title={Trusting other vehicles’ automatic emergency braking decreases self-protective driving},
  author={Kinosada, Yasunori and Kobayashi, Takashi and Shinohara, Kazumitsu},
  journal={Human factors},
  volume={63},
  number={5},
  pages={880--895},
  year={2021},
  publisher={SAGE Publications Sage CA: Los Angeles, CA}
}

@article{xu2021modeling,
  title={Modeling commercial vehicle drivers' acceptance of advanced driving assistance system (ADAS)},
  author={Xu, Yueru and Ye, Zhirui and Wang, Chao},
  journal={Journal of intelligent and connected vehicles},
  volume={4},
  number={3},
  pages={125--135},
  year={2021},
  publisher={TUP}
}

@article{von2021transparency,
  title={Transparency and the black box problem: Why we do not trust AI},
  author={Von Eschenbach, Warren J},
  journal={Philosophy \& Technology},
  volume={34},
  number={4},
  pages={1607--1622},
  year={2021},
  publisher={Springer}
}

@article{ngeni2024prediction,
  title={Prediction of bike-sharing station demand using explainable artificial intelligence},
  author={Ngeni, Frank and Kutela, Boniphace and Chengula, Tumlumbe Juliana and Ruseruka, Cuthbert and Musau, Hannah and Novat, Norris and Indah, Debbie Aisiana and Kasomi, Sarah},
  journal={Machine Learning with Applications},
  volume={17},
  pages={100582},
  year={2024},
  publisher={Elsevier}
}

@article{chengula2024spatial,
  title={Spatial instability of crash prediction models: A case of scooter crashes},
  author={Chengula, Tumlumbe Juliana and Kutela, Boniphace and Novat, Norris and Shita, Hellen and Kinero, Abdallah and Tamakloe, Reuben and Kasomi, Sarah},
  journal={Machine Learning with Applications},
  volume={17},
  pages={100574},
  year={2024},
  publisher={Elsevier}
}

@article{salih2025perspective,
  title={A perspective on explainable artificial intelligence methods: SHAP and LIME},
  author={Salih, Ahmed M and Raisi-Estabragh, Zahra and Galazzo, Ilaria Boscolo and Radeva, Petia and Petersen, Steffen E and Lekadir, Karim and Menegaz, Gloria},
  journal={Advanced Intelligent Systems},
  volume={7},
  number={1},
  pages={2400304},
  year={2025},
  publisher={Wiley Online Library}
}

@article{kovaceva2022importance,
  title={On the importance of driver models for the development and assessment of active safety: A new collision warning system to make overtaking cyclists safer},
  author={Kovaceva, Jordanka and B{\"a}rgman, Jonas and Dozza, Marco},
  journal={Accident Analysis \& Prevention},
  volume={165},
  pages={106513},
  year={2022},
  publisher={Elsevier}
}

@article{davidse2006older,
  title={Older drivers and ADAS: Which systems improve road safety?},
  author={Davidse, Ragnhild J},
  journal={IATSS research},
  volume={30},
  number={1},
  pages={6--20},
  year={2006},
  publisher={Elsevier}
}

@article{vaezipour2015reviewing,
  title={Reviewing in-vehicle systems to improve fuel efficiency and road safety},
  author={Vaezipour, Atiyeh and Rakotonirainy, Andry and Haworth, Narelle},
  journal={Procedia Manufacturing},
  volume={3},
  pages={3192--3199},
  year={2015},
  publisher={Elsevier}
}

@article{masello2022road,
  title={On the road safety benefits of advanced driver assistance systems in different driving contexts},
  author={Masello, Leandro and Castignani, German and Sheehan, Barry and Murphy, Finbarr and McDonnell, Kevin},
  journal={Transportation research interdisciplinary perspectives},
  volume={15},
  pages={100670},
  year={2022},
  publisher={Elsevier}
}

@article{young2012examining,
  title={Examining the relationship between driver distraction and driving errors: A discussion of theory, studies and methods},
  author={Young, Kristie L and Salmon, Paul M},
  journal={Safety science},
  volume={50},
  number={2},
  pages={165--174},
  year={2012},
  publisher={Elsevier}
}

@article{ahangarnejad2021review,
  title={A review of vehicle active safety control methods: From antilock brakes to semiautonomy},
  author={Ahangarnejad, Arash Hosseinian and Radmehr, Ahmad and Ahmadian, Mehdi},
  journal={Journal of Vibration and Control},
  volume={27},
  number={15-16},
  pages={1683--1712},
  year={2021},
  publisher={SAGE Publications Sage UK: London, England}
}

@misc{qualtricsQualtricsExperience,
	author = {Qualtrics},
	title = {{Q}ualtrics {X}{M} - {E}xperience {M}anagement {S}oftware --- qualtrics.com},
	howpublished = {\url{https://www.qualtrics.com/}},
	year = {2025},
	note = {[Accessed 19-02-2025]},
}

@inproceedings{ribeiro2016should,
  title={" Why should i trust you?" Explaining the predictions of any classifier},
  author={Ribeiro, Marco Tulio and Singh, Sameer and Guestrin, Carlos},
  booktitle={Proceedings of the 22nd ACM SIGKDD international conference on knowledge discovery and data mining},
  pages={1135--1144},
  year={2016}
}

@article{schwab2019cxplain,
  title={Cxplain: Causal explanations for model interpretation under uncertainty},
  author={Schwab, Patrick and Karlen, Walter},
  journal={Advances in neural information processing systems},
  volume={32},
  year={2019}
}

@article{petsiuk2018rise,
  title={Rise: Randomized Input Sampling for Explanation of black-box models},
  author={Petsiuk, V},
  journal={arXiv preprint arXiv:1806.07421},
  year={2018}
}

@article{lundberg2017unified,
  title={A unified approach to interpreting model predictions},
  author={Lundberg, Scott},
  journal={arXiv preprint arXiv:1705.07874},
  year={2017}
}

@article{moradi2021post,
  title={Post-hoc explanation of black-box classifiers using confident itemsets},
  author={Moradi, Milad and Samwald, Matthias},
  journal={Expert Systems with Applications},
  volume={165},
  pages={113941},
  year={2021},
  publisher={Elsevier}
}

@inproceedings{ahmad2018interpretable,
  title={Interpretable machine learning in healthcare},
  author={Ahmad, Muhammad Aurangzeb and Eckert, Carly and Teredesai, Ankur},
  booktitle={Proceedings of the 2018 ACM international conference on bioinformatics, computational biology, and health informatics},
  pages={559--560},
  year={2018}
}

@inproceedings{zhou2018interpretable,
  title={Interpretable basis decomposition for visual explanation},
  author={Zhou, Bolei and Sun, Yiyou and Bau, David and Torralba, Antonio},
  booktitle={Proceedings of the European Conference on Computer Vision (ECCV)},
  pages={119--134},
  year={2018}
}

@article{aydin2020blotch,
  title={Blotch detection in archive films based on visual saliency map},
  author={Aydin, Yildiz and Dizdaro{\u{g}}lu, Bekir},
  journal={Complexity},
  volume={2020},
  number={1},
  pages={5965387},
  year={2020},
  publisher={Wiley Online Library}
}

@inproceedings{fong2017interpretable,
  title={Interpretable explanations of black boxes by meaningful perturbation},
  author={Fong, Ruth C and Vedaldi, Andrea},
  booktitle={Proceedings of the IEEE international conference on computer vision},
  pages={3429--3437},
  year={2017}
}

@article{ghorbani2019towards,
  title={Towards automatic concept-based explanations},
  author={Ghorbani, Amirata and Wexler, James and Zou, James Y and Kim, Been},
  journal={Advances in neural information processing systems},
  volume={32},
  year={2019}
}

@article{tao2018attacks,
  title={Attacks meet interpretability: Attribute-steered detection of adversarial samples},
  author={Tao, Guanhong and Ma, Shiqing and Liu, Yingqi and Zhang, Xiangyu},
  journal={Advances in neural information processing systems},
  volume={31},
  year={2018}
}

@article{sagi2020explainable,
  title={Explainable decision forest: Transforming a decision forest into an interpretable tree},
  author={Sagi, Omer and Rokach, Lior},
  journal={Information Fusion},
  volume={61},
  pages={124--138},
  year={2020},
  publisher={Elsevier}
}


@article{etmann2019connection,
  title={On the connection between adversarial robustness and saliency map interpretability},
  author={Etmann, Christian and Lunz, Sebastian and Maass, Peter and Sch{\"o}nlieb, Carola-Bibiane},
  journal={arXiv preprint arXiv:1905.04172},
  year={2019}
}

@inproceedings{yin2014dirichlet,
  title={A dirichlet multinomial mixture model-based approach for short text clustering},
  author={Yin, Jianhua and Wang, Jianyong},
  booktitle={Proceedings of the 20th ACM SIGKDD international conference on Knowledge discovery and data mining},
  pages={233--242},
  year={2014}
}