@article{Bodnar_Day_Lió_2020,  
 title={Proximal Distilled Evolutionary Reinforcement Learning}, 
 url={http://dx.doi.org/10.1609/aaai.v34i04.5728}, 
 DOI={10.1609/aaai.v34i04.5728}, 
 journal={AAAI Conference on Artificial Intelligence}, 
 author={Bodnar, Cristian and Day, Ben and Lió, Pietro}, 
 year={2020}, 
 month={Jun}, 
 pages={3283–3290}, 
 language={en-US} 
 }

@article{Bäck_Schwefel_1993,  
 title={An Overview of Evolutionary Algorithms for Parameter Optimization}, 
 url={http://dx.doi.org/10.1162/evco.1993.1.1.1}, 
 DOI={10.1162/evco.1993.1.1.1}, 
 journal={Evolutionary Computation}, 
 author={Bäck, Thomas and Schwefel, Hans-Paul}, 
 year={1993}, 
 month={Mar}, 
 pages={1–23}, 
 language={en-US} 
 }

@article{Caruana_Pratt_Thrun_2017,
  title={Multitask learning},
  author={Caruana, Rich},
  journal={Machine learning},
  volume={28},
  pages={41--75},
  year={1997},
  publisher={Springer}
}

@article{Eigen_Ranzato_Sutskever_2013,  
 title={Learning Factored Representations in a Deep Mixture of Experts}, 
 journal={arXiv preprint arXiv:1312.4314}, 
 author={Eigen, David and Ranzato, Marc’Aurelio and Sutskever, Ilya}, 
 year={2013}, 
 month={Dec}, 
 language={en-US} 
 }

@article{Fernando_Banarse_Blundell_Zwols_Ha_Rusu_Pritzel_Wierstra_2017,  
 title={PathNet: Evolution Channels Gradient Descent in Super Neural Networks}, 
 journal={arXiv preprint arXiv:1701.08734}, 
 author={Fernando, Chrisantha and Banarse, Dylan and Blundell, Charles and Zwols, Yori and Ha, David and Rusu, Andrei and Pritzel, Alexander and Wierstra, Daan}, 
 year={2017}, 
 month={Jan}, 
 language={en-US} 
 }

@article{He_Li_Zang_Fu_Fu_Xing_Cheng_2023,  
 title={Not All Tasks Are Equally Difficult: Multi-Task Reinforcement Learning with Dynamic Depth Routing}, 
 author={He, Jinmin and Li, Kai and Zang, Yifan and Fu, Haobo and Fu, Qiang and Xing, Junliang and Cheng, Jian}, 
 journal={AAAI Conference on Artificial Intelligence},
 year={2023}, 
 month={Dec}, 
 language={en-US} 
 }

@article{Hendawy_Peters_D’Eramo_2023,  
 title={Multi-Task Reinforcement Learning with Mixture of Orthogonal Experts}, 
 journal={arXiv preprint arXiv:2311.11385},
 author={Hendawy, Ahmed and Peters, Jan and D’Eramo, Carlo}, 
 year={2023}, 
 month={Nov}, 
 language={en-US} 
 }

@article{Khadka_Majumdar_Nassar_Dwiel_Tumer_Miret_Liu_Tumer_2019,  
 title={Collaborative Evolutionary Reinforcement Learning}, 
 journal={International Conference on Machine Learning}, 
 author={Khadka, Shauharda and Majumdar, Somdeb and Nassar, Tarek and Dwiel, Zach and Tumer, Evren and Miret, Santiago and Liu, Yinyin and Tumer, Kagan}, 
 year={2019}, 
 month={May}, 
 language={en-US} 
 }

@article{Khadka_Tumer_2018,  
 title={Evolution-Guided Policy Gradient in Reinforcement Learning}, 
 journal={Advances in Neural Information Processing Systems}, 
 author={Khadka, Shauharda and Tumer, Kagan}, 
 year={2018}, 
 month={Jan}, 
 language={en-US} 
 }

@article{Lan_Zhang_Yi_Guo_Peng_Gao_Wu_Chen_Du_Hu_et,  
 title={Contrastive Modules with Temporal Attention for Multi-Task Reinforcement Learning}, 
 author={Lan, Siming and Zhang, Rui and Yi, Qi and Guo, Jiaming and Peng, Shaohui and Gao, Yunkai and Wu, Fan and Chen, Ruizhi and Du, Zidong and Hu, Xing and Zhang, Xishan and Li, Ling and Chen, Yunji}, 
 journal={Advances in Neural Information Processing Systems},
 year={2023}, 
 month={Nov}, 
 language={en-US} 
 }

@article{Li_Tang_Hao_Zheng_Fu_Meng_2022,  
 title={ERL-Re$^2$: Efficient Evolutionary Reinforcement Learning with Shared State Representation and Individual Policy Representation}, 
 journal={International Conference on Learning Representations},
 author={Li, Pengyi and Tang, Hongyao and Hao, Jianye and Zheng, Yan and Fu, Xian and Meng, Zhaopeng}, 
 year={2022}, 
 month={Oct}, 
 language={en-US} 
 }

@article{Parisotto_Ba_Salakhutdinov_2015,  
 title={Actor-Mimic: Deep Multitask and Transfer Reinforcement Learning}, 
 journal={arXiv preprint arXiv:1511.06342}, 
 author={Parisotto, Emilio and Ba, Jimmy and Salakhutdinov, Ruslan}, 
 year={2015}, 
 month={Nov}, 
 language={en-US} 
 }

@article{Pourchot_Sigaud_2018,  
 title={CEM-RL: Combining evolutionary and gradient-based methods for policy search}, 
 journal={International Conference on Learning Representations}, 
 author={Pourchot, Pourchot and Sigaud, Sigaud}, 
 year={2018}, 
 month={Sep}, 
 language={en-US} 
 }

@article{Rusu_Colmenarejo_Gulcehre_Desjardins_Kirkpatrick_Pascanu_Mnih_Kavukcuoglu_Hadsell_2015,  
 title={Policy Distillation}, 
 journal={arXiv preprint arXiv:1511.06295}, 
 author={Rusu, Andrei and Colmenarejo, SergioGomez and Gulcehre, Caglar and Desjardins, Guillaume and Kirkpatrick, James and Pascanu, Razvan and Mnih, Volodymyr and Kavukcuoglu, Koray and Hadsell, Raia}, 
 year={2015}, 
 month={Nov}, 
 language={en-US} 
 }

@article{Stanley_Clune_Lehman_Miikkulainen_2018,  
 title={Designing neural networks through neuroevolution}, 
 url={http://dx.doi.org/10.1038/s42256-018-0006-z}, 
 DOI={10.1038/s42256-018-0006-z}, 
 journal={Nature Machine Intelligence}, 
 author={Stanley, Kenneth O. and Clune, Jeff and Lehman, Joel and Miikkulainen, Risto}, 
 year={2018}, 
 month={Dec}, 
 pages={24–35}, 
 language={en-US} 
 }

@article{Stanley_Miikkulainen_2002,  
 title={Evolving Neural Networks through Augmenting Topologies}, 
 url={http://dx.doi.org/10.1162/106365602320169811}, 
 DOI={10.1162/106365602320169811}, 
 journal={Evolutionary Computation}, 
 author={Stanley, Kenneth O. and Miikkulainen, Risto}, 
 year={2002}, 
 month={Jun}, 
 pages={99–127}, 
 language={en-US} 
 }

@article{Teh_Bapst_Czarnecki_Quan_Kirkpatrick_Hadsell_Heess_Pascanu_2017,  
 title={Distral: Robust Multitask Reinforcement Learning}, 
 journal={Advances in Neural Information Processing Systems},
 author={Teh, YeeWhye and Bapst, Victor and Czarnecki, WojciechMarian and Quan, John and Kirkpatrick, James and Hadsell, Raia and Heess, Nicolas and Pascanu, Razvan}, 
 year={2017}, 
 month={Jul}, 
 language={en-US} 
 }

@article{Yang_Xu_Wu_Wang_2020,  
 title={Multi-Task Reinforcement Learning with Soft Modularization}, 
 journal={Advances in Neural Information Processing Systems},
 author={Yang, Ruihan and Xu, Huazhe and Wu, Yi and Wang, Xiaolong}, 
 year={2020}, 
 month={Mar}, 
 language={en-US} 
 }

@article{calandriello2014sparse,
  title={Sparse multi-task reinforcement learning},
  author={Calandriello, Daniele and Lazaric, Alessandro and Restelli, Marcello},
  journal={Advances in Neural Information Processing Systems},
  volume={27},
  year={2014}
}

@inproceedings{chen2019restart,
  title={A Restart-based Rank-1 Evolution Strategy for Reinforcement Learning.},
  author={Chen, Zefeng and Zhou, Yuren and He, Xiaoyu and Jiang, Siyu},
  booktitle={International Joint Conference on Artificial Intelligence},
  pages={2130--2136},
  year={2019}
}

@article{liu2021conflict,
  title={Conflict-averse gradient descent for multi-task learning},
  author={Liu, Bo and Liu, Xingchao and Jin, Xiaojie and Stone, Peter and Liu, Qiang},
  journal={Advances in Neural Information Processing Systems},
  volume={34},
  pages={18878--18890},
  year={2021}
}

@article{xu2020knowledge,
  title={Knowledge transfer in multi-task deep reinforcement learning for continuous control},
  author={Xu, Zhiyuan and Wu, Kun and Che, Zhengping and Tang, Jian and Ye, Jieping},
  journal={Advances in Neural Information Processing Systems},
  volume={33},
  pages={15146--15155},
  year={2020}
}

@article{yang2017multi,
  title={Multi-Task Deep Reinforcement Learning for Continuous Action Control.},
  author={Yang, Zhaoyang and Merrick, Kathryn E and Abbass, Hussein A and Jin, Lianwen},
  journal={International Joint Conference on Artificial Intelligence},
  volume={17},
  pages={3301--3307},
  year={2017}
}

