@article{corsini2024self,
  title={Self-Labeling the Job Shop Scheduling Problem},
  author={Corsini, Andrea and Porrello, Angelo and Calderara, Simone and Dell'Amico, Mauro},
  journal={arXiv preprint arXiv:2401.11849},
  year={2024}
}

@article{drakulic2024bq,
  title={Bq-nco: Bisimulation quotienting for efficient neural combinatorial optimization},
  author={Drakulic, Darko and Michel, Sofia and Mai, Florian and Sors, Arnaud and Andreoli, Jean-Marc},
  journal={Advances in Neural Information Processing Systems},
  volume={36},
  year={2024}
}

@inproceedings{echeverria2024multi,
  title={Multi-Assignment Scheduler: A New Behavioral Cloning Method for the Job-Shop Scheduling Problem},
  author={Echeverria, Imanol and Murua, Maialen and Santana, Roberto},
  booktitle={International Conference on Learning and Intelligent Optimization},
  pages={138--152},
  year={2024},
  organization={Springer}
}

@article{echeverria2024offline,
  title={Offline reinforcement learning for job-shop scheduling problems},
  author={Echeverria, Imanol and Murua, Maialen and Santana, Roberto},
  journal={arXiv preprint arXiv:2410.15714},
  year={2024}
}

@article{garmendia2023neural,
  title={Neural improvement heuristics for graph combinatorial optimization problems},
  author={Garmendia, Andoni I and Ceberio, Josu and Mendiburu, Alexander},
  journal={IEEE Transactions on Neural Networks and Learning Systems},
  year={2023},
  publisher={IEEE}
}

@article{kool2018attention,
  title={Attention, learn to solve routing problems!},
  author={Kool, Wouter and Van Hoof, Herke and Welling, Max},
  journal={arXiv preprint arXiv:1803.08475},
  year={2018}
}

@article{kwon2020pomo,
  title={{POMO}: Policy optimization with multiple optima for reinforcement learning},
  author={Kwon, Yeong-Dae and Choo, Jinho and Kim, Byoungjip and Yoon, Iljoo and Gwon, Youngjune and Min, Seungjai},
  journal={Advances in Neural Information Processing Systems},
  volume={33},
  pages={21188--21198},
  year={2020}
}

@article{pirnay2024self,
  title={Self-Improvement for Neural Combinatorial Optimization: Sample without Replacement, but Improvement},
  author={Pirnay, Jonathan and Grimm, Dominik G},
  journal={arXiv preprint arXiv:2403.15180},
  year={2024}
}

@article{song2022flexible,
  title={Flexible job-shop scheduling via graph neural network and deep reinforcement learning},
  author={Song, Wen and Chen, Xinyang and Li, Qiqiang and Cao, Zhiguang},
  journal={IEEE Transactions on Industrial Informatics},
  volume={19},
  number={2},
  pages={1600--1610},
  year={2022},
  publisher={IEEE}
}

@inproceedings{tassel2023end,
  title={An end-to-end reinforcement learning approach for job-shop scheduling problems based on constraint programming},
  author={Tassel, Pierre and Gebser, Martin and Schekotihin, Konstantin},
  booktitle={Proceedings of the International Conference on Automated Planning and Scheduling},
  volume={33},
  pages={614--622},
  year={2023}
}

@inproceedings{vinyals2015pointer,
  title={Pointer networks},
  author={Vinyals, Oriol and Fortunato, Meire and Jaitly, Navdeep},
  booktitle={Advances in Neural Information Processing Systems},
  volume={28},
  year={2015}
}

@article{wang2023flexible,
  title={Flexible Job Shop Scheduling via Dual Attention Network-Based Reinforcement Learning},
  author={Wang, Runqing and Wang, Gang and Sun, Jian and Deng, Fang and Chen, Jie},
  journal={IEEE Transactions on Neural Networks and Learning Systems},
  year={2023},
  volume={35},
  pages={3091--3102},
  publisher={IEEE}
}

@inproceedings{zhang2024deep,
  title={Deep reinforcement learning guided improvement heuristic for job shop scheduling},
  author={Zhang, Cong and Cao, Zhiguang and Song, Wen and Wu, Yaoxin and Zhang, Jie},
  booktitle={The Twelfth International Conference on Learning Representations},
  year={2024}
}

