@book{papadimitriou1998,
  title={Computational Complexity},
  author={Papadimitriou, Christos H.},
  publisher={Addison-Wesley},
  year={1998}
}

@article{blum2003metaheuristics,
  title={Metaheuristics in combinatorial optimization: Overview and conceptual comparison},
  author={Blum, Christian and Roli, Andrea},
  journal={ACM Computing Surveys (CSUR)},
  volume={35},
  number={3},
  pages={268--308},
  year={2003},
  publisher={ACM New York, NY, USA}
}

@inproceedings{ross2010efficient,
  title={Efficient reductions for imitation learning},
  author={Ross, St{\'e}phane and Bagnell, Drew},
  booktitle={Proceedings of the Thirteenth International Conference on Artificial Intelligence and Statistics},
  pages={661--668},
  year={2010},
  organization={JMLR Workshop and Conference Proceedings}
}

@article{rusu2015policy,
  title={Policy distillation},
  author={Rusu, Andrei A and Colmenarejo, Sergio Gomez and Gulcehre, Caglar and Desjardins, Guillaume and Kirkpatrick, James and Pascanu, Razvan and Mnih, Volodymyr and Kavukcuoglu, Koray and Hadsell, Raia},
  journal={arXiv preprint arXiv:1511.06295},
  year={2015}
}

@inproceedings{kumar2021should,
  title={Should i run offline reinforcement learning or behavioral cloning?},
  author={Kumar, Aviral and Hong, Joey and Singh, Anikait and Levine, Sergey},
  booktitle={International Conference on Learning Representations},
  year={2021}
}

@article{drakulic2024bq,
  title={Bq-nco: Bisimulation quotienting for efficient neural combinatorial optimization},
  author={Drakulic, Darko and Michel, Sofia and Mai, Florian and Sors, Arnaud and Andreoli, Jean-Marc},
  journal={Advances in Neural Information Processing Systems},
  volume={36},
  year={2024}
}


@inproceedings{vinyals2015pointer,
  title={Pointer networks},
  author={Vinyals, Oriol and Fortunato, Meire and Jaitly, Navdeep},
  booktitle={Advances in Neural Information Processing Systems},
  volume={28},
  year={2015}
}

@inproceedings{echeverria2024multi,
  title={Multi-Assignment Scheduler: A New Behavioral Cloning Method for the Job-Shop Scheduling Problem},
  author={Echeverria, Imanol and Murua, Maialen and Santana, Roberto},
  booktitle={International Conference on Learning and Intelligent Optimization},
  pages={138--152},
  year={2024},
  organization={Springer}
}


@inproceedings{bello2017neural,
  title={Neural combinatorial optimization with reinforcement learning},
  author={Bello, Irwan and Pham, Hieu and Le, Quoc V and Norouzi, Mohammad and Bengio, Samy},
  booktitle={Proceedings of the 5th International Conference on Learning Representations (ICLR) Workshop Track},
  year={2017}
}

@inproceedings{zhang2019heterogeneous,
  title={Heterogeneous graph neural network},
  author={Zhang, Chuxu and Song, Dongjin and Huang, Chao and Swami, Ananthram and Chawla, Nitesh V},
  booktitle={Proceedings of the 25th ACM SIGKDD international conference on knowledge discovery \& data mining},
  pages={793--803},
  year={2019}
}


@inproceedings{lee2019set,
  title={Set transformer: A framework for attention-based permutation-invariant neural networks},
  author={Lee, Juho and Lee, Yoonho and Kim, Jungtaek and Kosiorek, Adam and Choi, Seungjin and Teh, Yee Whye},
  booktitle={International Conference on Machine Learning},
  pages={3744--3753},
  year={2019},
  organization={PMLR}
}

@article{xie2024self,
  title={Self-evaluation guided beam search for reasoning},
  author={Xie, Yuxi and Kawaguchi, Kenji and Zhao, Yiran and Zhao, James Xu and Kan, Min-Yen and He, Junxian and Xie, Michael},
  journal={Advances in Neural Information Processing Systems},
  volume={36},
  year={2024}
}

@article{garmendia2023neural,
  title={Neural improvement heuristics for graph combinatorial optimization problems},
  author={Garmendia, Andoni I and Ceberio, Josu and Mendiburu, Alexander},
  journal={IEEE Transactions on Neural Networks and Learning Systems},
  year={2023},
  publisher={IEEE}
}

@article{kool2018attention,
  title={Attention, learn to solve routing problems!},
  author={Kool, Wouter and Van Hoof, Herke and Welling, Max},
  journal={arXiv preprint arXiv:1803.08475},
  year={2018}
}

@article{kwon2020pomo,
  title={{POMO}: Policy optimization with multiple optima for reinforcement learning},
  author={Kwon, Yeong-Dae and Choo, Jinho and Kim, Byoungjip and Yoon, Iljoo and Gwon, Youngjune and Min, Seungjai},
  journal={Advances in Neural Information Processing Systems},
  volume={33},
  pages={21188--21198},
  year={2020}
}

@article{song2022flexible,
  title={Flexible job-shop scheduling via graph neural network and deep reinforcement learning},
  author={Song, Wen and Chen, Xinyang and Li, Qiqiang and Cao, Zhiguang},
  journal={IEEE Transactions on Industrial Informatics},
  volume={19},
  number={2},
  pages={1600--1610},
  year={2022},
  publisher={IEEE}
}

@article{wang2023flexible,
  title={Flexible Job Shop Scheduling via Dual Attention Network-Based Reinforcement Learning},
  author={Wang, Runqing and Wang, Gang and Sun, Jian and Deng, Fang and Chen, Jie},
  journal={IEEE Transactions on Neural Networks and Learning Systems},
  year={2023},
  volume={35},
  pages={3091--3102},
  publisher={IEEE}
}

@article{corsini2024self,
  title={Self-Labeling the Job Shop Scheduling Problem},
  author={Corsini, Andrea and Porrello, Angelo and Calderara, Simone and Dell'Amico, Mauro},
  journal={arXiv preprint arXiv:2401.11849},
  year={2024}
}


@article{pirnay2024self,
  title={Self-Improvement for Neural Combinatorial Optimization: Sample without Replacement, but Improvement},
  author={Pirnay, Jonathan and Grimm, Dominik G},
  journal={arXiv preprint arXiv:2403.15180},
  year={2024}
}

@article{ECHEVERRIA2025125895,
title = {Leveraging constraint programming in a deep learning approach for dynamically solving the flexible job-shop scheduling problem},
journal = {Expert Systems with Applications},
volume = {265},
pages = {125895},
year = {2025},
issn = {0957-4174},
doi = {https://doi.org/10.1016/j.eswa.2024.125895},
author = {Imanol Echeverria and Maialen Murua and Roberto Santana},
}

@article{andres2025using,
  title={Using offline data to speed up Reinforcement Learning in procedurally generated environments},
  author={Andres, Alain and Sch{\"a}fer, Lukas and Albrecht, Stefano V and Del Ser, Javier},
  journal={Neurocomputing},
  volume={618},
  pages={129079},
  year={2025},
  publisher={Elsevier}
}

@software{cpsatlp,
  title = {CP-SAT},
  version = { v9.10 },
  author = {Laurent Perron and Frédéric Didier},
  organization = {Google},
  url = {https://developers.google.com/optimization/cp/cp_solver/},
  date = { 2024-05-07 }
}

@article{demirkol1998benchmarks,
  title={Benchmarks for shop scheduling problems},
  author={Demirkol, Ebru and Mehta, Sanjay and Uzsoy, Reha},
  journal={European Journal of Operational Research},
  volume={109},
  number={1},
  pages={137--141},
  year={1998},
  publisher={Elsevier}
}

@article{echeverria2024offline,
  title={Offline reinforcement learning for job-shop scheduling problems},
  author={Echeverria, Imanol and Murua, Maialen and Santana, Roberto},
  journal={arXiv preprint arXiv:2410.15714},
  year={2024}
}

@article{echeverria2025diverse,
  title={Diverse policy generation for the flexible job-shop scheduling problem via deep reinforcement learning with a novel graph representation},
  author={Echeverria, Imanol and Murua, Maialen and Santana, Roberto},
  journal={Engineering Applications of Artificial Intelligence},
  volume={139},
  pages={109488},
  year={2025},
  publisher={Elsevier}
}

@misc{brown2020language,
  title={Language models are few-shot learners},
  author={Brown, Tom B. and Mann, Benjamin and Ryder, Nick and et al.},
  year={2020},
  archivePrefix={arXiv},
  primaryClass={cs.CL}
}

@misc{chowdhery2022palm,
  title={PaLM: Scaling Language Modeling with Pathways},
  author={Chowdhery, Aakanksha and et al.},
  year={2022},
  archivePrefix={arXiv},
  primaryClass={cs.CL}
}

@misc{kadavath2022,
  title={Language Models (Mostly) Know What They Know},
  author={Kadavath, Shibani and et al.},
  year={2022},
  archivePrefix={arXiv},
  primaryClass={cs.CL}
}

@misc{rae2021scaling,
  title={Scaling language models: Methods, analysis & insights from training Gopher},
  author={Rae, Jack and et al.},
  year={2021},
  archivePrefix={arXiv},
  primaryClass={cs.CL}
}

@misc{paul2023chain,
  title={Chain-of-Thought Prompting Elicits Reasoning in Large Language Models},
  author={Paul, Shan and et al.},
  year={2023},
  archivePrefix={arXiv},
  primaryClass={cs.CL}
}

@article{brody2021attentive,
  title={How attentive are graph attention networks?},
  author={Brody, Shaked and Alon, Uri and Yahav, Eran},
  journal={arXiv preprint arXiv:2105.14491},
  year={2021}
}

@misc{shinn2023reflexion,
  title={Reflexion: an autonomous agent with dynamic memory and self-reflection},
  author={Shinn, Adam and Labash, Joseph and Majumder, Bodhisattwa Prasad},
  year={2023},
  archivePrefix={arXiv},
  primaryClass={cs.AI}
}


@misc{nazari2018reinforcement,
  title={Reinforcement learning for solving the vehicle routing problem},
  author={Nazari, Mohammad and Oroojlooy, Amir and Snyder, Lawrence V. and Takác, Martin},
  year={2018},
  archivePrefix={arXiv},
  primaryClass={cs.LG}
}

@article{wei2022chain,
  title={Chain-of-thought prompting elicits reasoning in large language models},
  author={Wei, Jason and Wang, Xuezhi and Schuurmans, Dale and Bosma, Maarten and Xia, Fei and Chi, Ed and Le, Quoc V and Zhou, Denny and others},
  journal={Advances in Neural Information Processing Systems},
  volume={35},
  pages={24824--24837},
  year={2022}
}

@article{madaan2024self,
  title={Self-refine: Iterative refinement with self-feedback},
  author={Madaan, Aman and Tandon, Niket and Gupta, Prakhar and Hallinan, Skyler and Gao, Luyu and Wiegreffe, Sarah and Alon, Uri and Dziri, Nouha and Prabhumoye, Shrimai and Yang, Yiming and others},
  journal={Advances in Neural Information Processing Systems},
  volume={36},
  year={2024}
}

@article{taillard1993benchmarks,
  title={Benchmarks for basic scheduling problems},
  author={Taillard, Eric},
  journal={European Journal of Operational Research},
  volume={64},
  number={2},
  pages={278--285},
  year={1993},
  publisher={Elsevier}
}

@article{ho2024residual,
  title={Residual Scheduling: A New Reinforcement Learning Approach to Solving Job Shop Scheduling Problem},
  author={Ho, Kuo-Hao and Cheng, Jui-Yu and Wu, Ji-Han and Chiang, Fan and Chen, Yen-Chi and Wu, Yuan-Yu and Wu, I-Chen},
  journal={IEEE Access},
  year={2024},
  publisher={IEEE}
}

@inproceedings{tassel2023end,
  title={An end-to-end reinforcement learning approach for job-shop scheduling problems based on constraint programming},
  author={Tassel, Pierre and Gebser, Martin and Schekotihin, Konstantin},
  booktitle={Proceedings of the International Conference on Automated Planning and Scheduling},
  volume={33},
  pages={614--622},
  year={2023}
}

@inproceedings{falkner2022learning,
  title={Learning to Control Local Search for Combinatorial Optimization},
  author={Falkner, Jonas K and Thyssens, Daniela and Bdeir, Ahmad and Schmidt-Thieme, Lars},
  booktitle={Joint European Conference on Machine Learning and Knowledge Discovery in Databases},
  pages={361--376},
  year={2022},
  organization={Springer}
}


@article{chen2024self,
  title={Self-play fine-tuning converts weak language models to strong language models},
  author={Chen, Zixiang and Deng, Yihe and Yuan, Huizhuo and Ji, Kaixuan and Gu, Quanquan},
  journal={arXiv preprint arXiv:2401.01335},
  year={2024}
}

@misc{kool2019attention,
  title={Attention, learn to solve routing problems!},
  author={Kool, Wouter and van Hoof, Herke and Welling, Max},
  year={2019},
  archivePrefix={arXiv},
  primaryClass={cs.LG}
}

@inproceedings{mao2019learning,
  title={Learning scheduling algorithms for data processing clusters},
  author={Mao, Hongzi and Schwarzkopf, Malte and Venkatakrishnan, Sivasankar and Meng, Ze and Alizadeh, Mohammad},
  booktitle={Proceedings of the ACM Special Interest Group on Data Communication},
  pages={270--288},
  year={2019}
}

@article{zhang2020learning,
  title={Learning-based priority dispatching for flexible job shop scheduling under uncertainties},
  author={Zhang, Yan and et al.},
  journal={Robotics and Computer-Integrated Manufacturing},
  volume={61},
  pages={101844},
  year={2020},
  publisher={Elsevier}
}

@misc{deudon2018learning,
  title={Learning heuristics for the TSP by policy gradient},
  author={Deudon, Mickael and Cournut, Paul and Lacoste, Alexandre and Adulyasak, Yossiri and Rousseau, Louis-Martin},
  year={2018},
  archivePrefix={arXiv},
  primaryClass={cs.LG}
}

@misc{joshi2020learning,
  title={Learning TSP Requires Rethinking Generalization},
  author={Joshi, Chaitanya K. and Cappart, Quentin and Rousseau, Louis-Martin and Laurent, Thomas and Bresson, Xavier},
  year={2020},
  archivePrefix={arXiv},
  primaryClass={cs.LG}
}

@article{levine2020offline,
  title={Offline reinforcement learning: Tutorial, review, and perspectives on open problems},
  author={Levine, Sergey and Kumar, Aviral and Tucker, George and Fu, Justin},
  journal={arXiv preprint arXiv:2005.01643},
  year={2020}
}

@misc{kumar2019stabilizing,
  title={Stabilizing off-policy Q-learning via bootstrapping error reduction},
  author={Kumar, Aviral and Zhou, Aurick and Tucker, George and Levine, Sergey},
  year={2019},
  archivePrefix={arXiv},
  primaryClass={cs.LG}
}

@misc{kairy2023bqnco,
  title={BQ-NCO: Bisimulation Quotienting for Efficient Neural Combinatorial Optimization},
  author={Kairy, John and et al.},
  year={2023},
  archivePrefix={arXiv},
  primaryClass={cs.LG}
}

@inproceedings{zhang2024deep,
  title={Deep reinforcement learning guided improvement heuristic for job shop scheduling},
  author={Zhang, Cong and Cao, Zhiguang and Song, Wen and Wu, Yaoxin and Zhang, Jie},
  booktitle={The Twelfth International Conference on Learning Representations},
  year={2024}
}