@book{fmm18,
  author = {Mehryar Mohri and Afshin Rostamizadeh and Ameet Talwalkar},
  publisher = {MIT Press},
  title = {Foundations of Machine Learning},
  year = 2018
}

@article{hu2021lora,
  title={Lora: Low-rank adaptation of large language models},
  author={Hu, Edward J and Shen, Yelong and Wallis, Phillip and Allen-Zhu, Zeyuan and Li, Yuanzhi and Wang, Shean and Wang, Lu and Chen, Weizhu},
  journal={arXiv preprint arXiv:2106.09685},
  year={2021}
}

@article{loraxs,
  title={{LoRA-XS: Low-Rank Adaptation with Extremely Small Number of Parameters}},
  author={Klaudia Balazy and Mohammadreza Banaei and Karl Aberer and Jacek Tabor},
  journal={arXiv preprint arXiv:2405.17604},
  year={2024}
}

@InProceedings{lotfi2024nonvacuousLLM,
  author    = {Sanae Lotfi and Marc Anton Finzi and Yilun Kuang and Tim G. J. Rudner and Micah Goldblum and Andrew Gordon Wilson},
  booktitle = {Forty-first International Conference on Machine Learning},
  title     = {Non-Vacuous Generalization Bounds for Large Language Models},
  url       = {https://openreview.net/forum?id=6Kg9p8URlj},
  keywords  = {certification},
  year      = {2024},
}

@inproceedings{meta_pac_bayes,
  title={{More Flexible PAC-Bayesian Meta-Learning by Learning Learning Algorithms}},
  author={Hossein Zakerinia and Amin Behjati and Christoph H. Lampert},
  conference={International Conference on Machine Learning},
  year={2024}
}

@inproceedings{metadiff,
  title={{MetaDiff: Meta-Learning with Conditional Diffusion for Few-Shot Learning}},
  author={Baoquan Zhang and Chuyao Luo and Demin Yu and Huiwei Lin and Xutao Li and Yunming Ye and Bowen Zhang},
  conference={AAAI},
  year={2024}
}

@article{nndiffu,
  title={{Neural Network Diffusion}},
  author={Kai Wang and Dongwen Tang and Boya Zeng and Yida Yin and Zhaopan Xu and Yukun Zhou and Zelin Zang and Trevor Darrell and Zhuang Liu and Yang You},
  journal={arXiv preprint arXiv:2402.13144},
  year={2024}
}

@Article{ortiz2021tighter,
  author  = {Maria Perez-Ortiz and Omar Rivasplata and John Shawe-Taylor and Csaba SzepesvÃ¡ri},
  title   = {Tighter Risk Certificates for Neural Networks},
  number  = {227},
  pages   = {1--40},
  url     = {http://jmlr.org/papers/v22/20-879.html},
  volume  = {22},
  journal = {Journal of Machine Learning Research},
  year    = {2021},
}

@inproceedings{protodiff,
  title={{ProtoDiff: Learning to Learn Prototypical Networks by Task-Guided Diffusion}},
  author={Yingjun Du and Zehao Xiao and Shengcai Liao and Cees Snoek},
  booktitle={Advances in Neural Information Processing Systems},
  year={2023}
}

@article{protonet,
  author    = {Jake Snell and
               Kevin Swersky and
               Richard S. Zemel},
  title     = {Prototypical Networks for Few-shot Learning},
  journal   = {CoRR},
  volume    = {abs/1703.05175},
  year      = {2017},
  url       = {http://arxiv.org/abs/1703.05175},
  archivePrefix = {arXiv},
  eprint    = {1703.05175},
  timestamp = {Wed, 07 Jun 2017 14:41:38 +0200},
  biburl    = {http://dblp.org/rec/bib/journals/corr/SnellSZ17},
  bibsource = {dblp computer science bibliography, http://dblp.org}
}

@Book{shalev2014understanding,
  author    = {Shalev-Shwartz, Shai and Ben-David, Shai},
  title     = {Understanding machine learning: From theory to algorithms},
  publisher = {Cambridge university press},
  year      = {2014},
}

@book{vapnik95,
  author = {Vapnik, Vladimir N.},
  publisher = {Springer-Verlag New York, Inc.},
  title = {The nature of statistical learning theory},
  year = 1995
}

@inproceedings{vera,
  title = {{VeRA: Vector-based Random Matrix Adaptation}},
  author = {Dawid J. Kopiczko and Tijmen Blankevoort and Yuki M. Asano},
  booktitle = {International Conference on Learning Representations},
  year = {2024}
}

