


@Book{shalev2014understanding,
  author    = {Shalev-Shwartz, Shai and Ben-David, Shai},
  title     = {Understanding machine learning: From theory to algorithms},
  publisher = {Cambridge university press},
  year      = {2014},
}

@Article{ortiz2021tighter,
  author  = {Maria Perez-Ortiz and Omar Rivasplata and John Shawe-Taylor and Csaba SzepesvÃ¡ri},
  title   = {Tighter Risk Certificates for Neural Networks},
  number  = {227},
  pages   = {1--40},
  url     = {http://jmlr.org/papers/v22/20-879.html},
  volume  = {22},
  journal = {Journal of Machine Learning Research},
  year    = {2021},
}

@article{user_friendly,
  title={{User-friendly introduction to PAC-Bayes bounds}},
  author={Pierre Alquier},
  journal={arXiv preprint arXiv:2110.11216},
  year={2021}
}

@inproceedings{meta_pac_bayes,
  title={{More Flexible PAC-Bayesian Meta-Learning by Learning Learning Algorithms}},
  author={Hossein Zakerinia and Amin Behjati and Christoph H. Lampert},
  conference={International Conference on Machine Learning},
  year={2024}
}

@book{vapnik95,
  author = {Vapnik, Vladimir N.},
  publisher = {Springer-Verlag New York, Inc.},
  title = {The nature of statistical learning theory},
  year = 1995
}

@book{fmm18,
  author = {Mehryar Mohri and Afshin Rostamizadeh and Ameet Talwalkar},
  publisher = {MIT Press},
  title = {Foundations of Machine Learning},
  year = 2018
}

@InProceedings{lotfi2024nonvacuousLLM,
  author    = {Sanae Lotfi and Marc Anton Finzi and Yilun Kuang and Tim G. J. Rudner and Micah Goldblum and Andrew Gordon Wilson},
  booktitle = {Forty-first International Conference on Machine Learning},
  title     = {Non-Vacuous Generalization Bounds for Large Language Models},
  url       = {https://openreview.net/forum?id=6Kg9p8URlj},
  keywords  = {certification},
  year      = {2024},
}

@article{hu2021lora,
  title={Lora: Low-rank adaptation of large language models},
  author={Hu, Edward J and Shen, Yelong and Wallis, Phillip and Allen-Zhu, Zeyuan and Li, Yuanzhi and Wang, Shean and Wang, Lu and Chen, Weizhu},
  journal={arXiv preprint arXiv:2106.09685},
  year={2021}
}

@article{loraxs,
  title={{LoRA-XS: Low-Rank Adaptation with Extremely Small Number of Parameters}},
  author={Klaudia Balazy and Mohammadreza Banaei and Karl Aberer and Jacek Tabor},
  journal={arXiv preprint arXiv:2405.17604},
  year={2024}
}

@article{nndiffu,
  title={{Neural Network Diffusion}},
  author={Kai Wang and Dongwen Tang and Boya Zeng and Yida Yin and Zhaopan Xu and Yukun Zhou and Zelin Zang and Trevor Darrell and Zhuang Liu and Yang You},
  journal={arXiv preprint arXiv:2402.13144},
  year={2024}
}

@inproceedings{protodiff,
  title={{ProtoDiff: Learning to Learn Prototypical Networks by Task-Guided Diffusion}},
  author={Yingjun Du and Zehao Xiao and Shengcai Liao and Cees Snoek},
  booktitle={Advances in Neural Information Processing Systems},
  year={2023}
}

@inproceedings{metadiff,
  title={{MetaDiff: Meta-Learning with Conditional Diffusion for Few-Shot Learning}},
  author={Baoquan Zhang and Chuyao Luo and Demin Yu and Huiwei Lin and Xutao Li and Yunming Ye and Bowen Zhang},
  conference={AAAI},
  year={2024}
}





@inproceedings{dps,
  title={{Diffusion Posterior Sampling for General Noisy Inverse Problems}},
  author={Hyungjin Chung and Jeongsol Kim and Michael T. Mccann and Marc L. Klasky and Jong Chul Ye},
  conference={International Conference on Learning Representations},
  year={2023}
}

@book{robbins,
 author = "Herbert E. Robbins",
 title = "An empirical bayes approach to statistics",
 publisher = "In Breakthroughs in statistics, Springer",
 year = 1992
}

@article{tweedie,
 author = {Bradley Efron},
 title = {Tweedie's formula and selection bias},
 journal = {Journal of the American Statistical Association},
 year = {2011},
 volume = {106},
 number = {496},
 pages = {1602--1614}
}
    






@misc{ddpm,
 author = {Jonathan Ho and Ajay Jain and Pieter Abbeel},
 title = {{Denoising Diffusion Probabilistic Models}},
 note = {In Advances in Neural Information Processing Systems},
 year = 2020
}

@article{bayestune,
  title={{BayesTune: Bayesian Sparse Deep Model Fine-tuning}},
  author={Kim, Minyoung and Hospedales, Timothy},
  journal={Advances in Neural Information Processing Systems},
  year={2023}
}

@inproceedings{mars_finetune,
  title={{Distance-Based Regularisation of Deep Networks for Fine-Tuning}},
  author={Gouk, Henry and Hospedales, Timothy M and Pontil, Massimiliano},
  conference={International Conference on Learning Representations},
  year={2021}
}

@article{adaptformer,
title={{AdaptFormer: Adapting Vision Transformers for Scalable Visual Recognition}},
author={Chen, Shoufa and Ge, Chongjian and Tong, Zhan and Wang, Jiangliu and Song, Yibing and Wang, Jue and Luo, Ping},
journal={Advances in Neural Information Processing Systems},
year={2022}
}

@inproceedings{vera,
  title = {{VeRA: Vector-based Random Matrix Adaptation}},
  author = {Dawid J. Kopiczko and Tijmen Blankevoort and Yuki M. Asano},
  booktitle = {International Conference on Learning Representations},
  year = {2024}
}

@inproceedings{platipus,
  title={{Probabilistic Model-Agnostic Meta-Learning}},
  author={Chelsea Finn and Kelvin Xu and Sergey Levine},
  booktitle={Advances in Neural Information Processing Systems},
  year={2018}
}

@Article{wang2019fewShotSurvey,
  author    = {Wang, Yaqing and Yao, Quanming and Kwok, James T. and Ni, Lionel M.},
  title     = {Generalizing from a Few Examples: A Survey on Few-Shot Learning},
  journal   = {ACM Comput. Surv.},
  year      = {2020},
  volume    = {53},
  number    = {3},
  month     = jun,
  doi       = {10.1145/3386252},
  articleno = {63},
  keywords  = {small sample learning, Few-shot learning, low-shot learning, meta-learning, one-shot learning, prior knowledge},
  numpages  = {34},
}

@Article{hospedales20201metaSurveyPAMI,
  author  = {Hospedales, Timothy M and Antoniou, Antreas and Micaelli, Paul and Storkey, Amos J.},
  title   = {{Meta-Learning in Neural Networks: A Survey}},
  doi     = {10.1109/TPAMI.2021.3079209},
  pages   = {1-1},
  journal = {IEEE Transactions on Pattern Analysis and Machine Intelligence},
  year    = {2021},
}

@article{protonet,
  author    = {Jake Snell and
               Kevin Swersky and
               Richard S. Zemel},
  title     = {Prototypical Networks for Few-shot Learning},
  journal   = {CoRR},
  volume    = {abs/1703.05175},
  year      = {2017},
  url       = {http://arxiv.org/abs/1703.05175},
  archivePrefix = {arXiv},
  eprint    = {1703.05175},
  timestamp = {Wed, 07 Jun 2017 14:41:38 +0200},
  biburl    = {http://dblp.org/rec/bib/journals/corr/SnellSZ17},
  bibsource = {dblp computer science bibliography, http://dblp.org}
}

@inproceedings{r2d2,
  title = {{Meta-learning with differentiable closed-form solvers}},
  author = {Luca Bertinetto and Joao F Henriques and Philip HS Torr and Andrea Vedaldi},
  booktitle = {International Conference on Learning Representations},
  year = {2019}
}


@Article{dziugaite2017computing,
  author  = {Dziugaite, Gintare Karolina and Roy, Daniel M},
  title   = {Computing nonvacuous generalization bounds for deep (stochastic) neural networks with many more parameters than training data},
  journal = {UAI},
  year    = {2017},
}




@inproceedings{ddim,
  title = {{Denoising Diffusion Implicit Models}},
  author = {Jiaming Song and Chenlin Meng and Stefano Ermon},
  booktitle = {International Conference on Learning Representations},
  year = {2021}
}


@InProceedings{overparam_blo,
  title = 	 {{On Implicit Bias in Overparameterized Bilevel Optimization}},
  author =       {Vicol, Paul and Lorraine, Jonathan P and Pedregosa, Fabian and Duvenaud, David and Grosse, Roger B},
  booktitle = 	 {International Conference on Machine Learning},
  year = 	 {2022},
}


@inproceedings{hpo_partition,
 title = {{Hyperparameter Optimization through Neural Network Partitioning}},
 author  = {Bruno Kacper Mlodozeniec and Matthias Reisser and Christos Louizos},
 year  = {2023},
 booktitle = {International Conference on Learning Representations}
}

@book{pml1Book,
 author = "Kevin P. Murphy",
 title = "Probabilistic Machine Learning: An introduction",
 publisher = "MIT Press",
 year = 2022,
 url = "probml.ai"
}

@inproceedings{lila,
  title={{Invariance Learning in Deep Neural Networks with Differentiable Laplace Approximations}},
  author={Alexander Immer and Tycho F.A. van der Ouderaa and Vincent Fortuin and Gunnar R\"{a}tsch and Mark van der Wilk},
  booktitle={Advances in Neural Information Processing Systems},
  year={2022}
}

@misc{ift,
 author = {Jonathan Lorraine and Paul Vicol and David Duvenaud},
 title = {{Optimizing Millions of Hyperparameters by Implicit Differentiation}},
 note = {AI and Statistics (AISTATS)},
 year = 2020
}


@inproceedings{clml,
 title = {{Bayesian Model Selection, the Marginal Likelihood, and Generalization}},
 author  = {Sanae Lotfi and Pavel Izmailov and Gregory Benton and Micah Goldblum and Andrew Gordon Wilson},
 year  = {2022},
 booktitle = {International Conference on Machine Learning}
}


@inproceedings{sgld,
 title = {{Bayesian Learning via Stochastic Gradient Langevin Dynamics}},
 author  = {Max Welling and Yee Whye Teh},
 year  = {2011},
 booktitle = {International Conference on Machine Learning}
}

@inproceedings{swa,
  title={{Averaging weights leads to wider optima and better generalization}},
  author={Pavel Izmailov and Dmitrii Podoprikhin and Timur Garipov and Dmitry Vetrov and Andrew Gordon Wilson},
  booktitle={Uncertainty in Artificial Intelligence},
  year={2018}
}

@article{swag,
  title={{A Simple Baseline for Bayesian Uncertainty in Deep Learning}},
  author={Wesley Maddox and Timur Garipov and Pavel Izmailov and Dmitry Vetrov and Andrew Gordon Wilson},
  journal={arXiv preprint arXiv:1902.02476},
  year={2019}
}






@inproceedings{mc_dropout,
 title = {{Dropout as a Bayesian Approximation: Representing Model Uncertainty in Deep Learning}},
 author  = {Yarin Gal and Zoubin Ghahramani},
 year  = {2016},
 booktitle = {International Conference on Machine Learning}
}

@book{cover_thomas,
 author = {Thomas M. Cover and Joy A. Thomas},
 title = {Elements of Information Theory},
 publisher = {Wiley-Interscience},
 year = 2006
}
 






@inproceedings{otke,
  title = {A Trainable Optimal Transport Embedding for Feature Aggregation and its Relationship to Attention},
  author = {Gr\'{e}goire Mialon and Dexiong Chen and Alexandre d'Aspremont and Julien Mairal},
  booktitle = {International Conference on Learning Representations},
  year = {2021}
}

@Book{ot_villani,
  author = 	 "Villani, C\'{e}dric",
  title = 	 "Optimal Transport: Old and New",
  publisher = 	 "Springer",
  year = 	 "2008",
}

@inproceedings{ot_cuturi,
  title={{Sinkhorn Distances: Lightspeed Computation of Optimal Transportation Distances}},
  author={Marco Cuturi},
  booktitle={Advances in Neural Information Processing Systems},
  year={2013}
}

@inproceedings{transformer,
  title={Attention Is All You Need},
  author={Ashish Vaswani and Noam Shazeer and Niki Parmar and Jakob Uszkoreit and Llion Jones and Aidan N. Gomez and Lukasz Kaiser and Illia Polosukhin},
  booktitle={Advances in Neural Information Processing Systems},
  year={2017}
}

@article{emd_kernel,
  title={The Earth Mover's Distance as a Metric for Image Retrieval},
  author={Yossi Rubner and Carlo Tomasi and Leonidas J. Guibas},
  journal={International Journal of Computer Vision},
  year={2000},
  volume = {40},
  pages = {99--121}
}

@article{comp_ot,
  title={Computational optimal transport},
  author={Gabriel Peyre and Marco Cuturi},
  journal={Foundations and Trends in Machine Learning},
  year={2019},
  volume = {11},
  number = {5-6},
  pages = {355--206}
}


@Book{kernel_book,
  author = {Bernhard Sch\"{o}lkopf and Alexander J. Smola},
  title = {Learning with Kernels},
  publisher = {MIT Press, Cambridge},
  year = {2002},
}

@article{deepsf,
  title={{DeepSF: Deep convolutional neural network for mapping protein sequences to folds}},
  author={Jie Hou and Badri Adhikari and Jianlin Cheng},
  journal={Bioinformatics},
  year={2019},
  volume = {34},
  number = {8},
  pages = {1295--1303}
}

@article{ckn,
  title={{Biological sequence modeling with convolutional kernel networks}},
  author={Dexiong Chen and Laurent Jacob and Julien Mairal},
  journal={Bioinformatics},
  year={2019},
  volume = {35},
  number = {18},
  pages = {3294--3302}
}

@inproceedings{rkn,
  title={Recurrent kernel networks},
  author={Dexiong Chen and Laurent Jacob and Julien Mairal},
  booktitle={Advances in Neural Information Processing Systems},
  year={2019}
}

@misc{rep_the_set,
 author = {Konstantinos Skianis and Giannis Nikolentzos and Stratis Limnios and Michalis Vazirgiannis},
 title = {{Rep the set: Neural networks for learning set representations}},
 note = {AI and Statistics (AISTATS)},
 year = 2020
}

@inproceedings{nystrom,
  title={{Using the Nystr\"{o}m method to speed up kernel machines}},
  author={Christopher K. I. Williams and Matthias Seeger},
  booktitle={Advances in Neural Information Processing Systems},
  year={2001}
}

@InProceedings{set_transformer,
    title={Set Transformer: A Framework for Attention-based Permutation-Invariant Neural Networks},
    author={Lee, Juho and Lee, Yoonho and Kim, Jungtaek and Kosiorek, Adam and Choi, Seungjin and Teh, Yee Whye},
    booktitle={Proceedings of the 36th International Conference on Machine Learning},
    pages={3744--3753},
    year={2019}
}




@Book{bishop:2006:PRML,
  author = 	 "Christopher M. Bishop",
  title = 	 "Pattern Recognition and Machine Learning",
  publisher = 	 "Springer",
  year = 	 "2006",
}

@article{metaqda,
  title={{Shallow Bayesian Meta Learning for Real-World Few-Shot Recognition}},
  author={Xueting Zhang and Debin Meng and Henry Gouk and Timothy Hospedales},
  journal={arXiv preprint arXiv:2101.02833},
  year={2021}
}

@inproceedings{gpdkt,
  title={Bayesian Meta-Learning for the Few-Shot Setting via Deep Kernels},
  author={Patacchiola, Massimiliano and Turner, Jack and Crowley, Elliot J. and Storkey, Amos},
  booktitle={Advances in Neural Information Processing Systems},
  year={2020}
}

@misc{dkl16,
 author = {Andrew Gordon Wilson and Zhiting Hu and Ruslan Salakhutdinov and Eric P. Xing},
 title = {Deep Kernel Learning},
 note = {AI and Statistics (AISTATS)},
 year = 2016
}

@article{simpleshot,
  title={SimpleShot: Revisiting Nearest-Neighbor Classification for Few-Shot Learning},
  author={Wang, Yan and Chao, Wei-Lun and Weinberger, Kilian Q.  and van der Maaten, Laurens},
  journal={arXiv preprint arXiv:1911.04623},
  year={2019}
}







@inproceedings{nguyen2018variational,
  title = {Variational Continual Learning},
  author = {Nguyen, Cuong V. and Li, Yingzhen and Bui, Thang D. and Turner, Richard E.},
  booktitle = {International Conference on Learning Representations},
  year = {2018}
}



@inproceedings{neural_statistician,
  title = {Towards a Neural Statistician},
  author = {Harrison Edwards and Amos Storkey},
  booktitle = {International Conference on Learning Representations},
  year = {2017}
}

@InProceedings{pa_cvpr20,
  author = {Kim, Sungyeon and Kim, Dongwon and Cho, Minsu and Kwak, Suha},
  title = {Proxy Anchor Loss for Deep Metric Learning},
  booktitle = {IEEE/CVF Conference on Computer Vision and Pattern Recognition (CVPR)},
  month = {June},
  year = {2020}
}

@Article{he2019moco,
  author  = {Kaiming He and Haoqi Fan and Yuxin Wu and Saining Xie and Ross Girshick},
  title   = {Momentum Contrast for Unsupervised Visual Representation Learning},
  journal = {arXiv preprint arXiv:1911.05722},
  year    = {2019},
}



@misc{adam,
 author = {D. P. Kingma and L. J. Ba},
 title = {{Adam: A Method for Stochastic Optimization}},
 note = {{International Conference on Learning Representations (ICLR)}},
 year = 2015
}



@article{kmeans,
 author = {J. Wang and J. Wang and J. Song and X. Xu and H. Shen and S. Li},
 title = {Optimized cartesian k-means},
 journal = {IEEE Transactions on Knowledge and Data Engineering},
 year = {2015},
 volume = {27},
 number = {1},
 pages = {180--192}
}


@manual{mpmath,
  key     = {mpmath},
  author  = {Fredrik Johansson and others},
  title   = {mpmath: a {P}ython library for arbitrary-precision floating-point arithmetic (version 0.18)},
  note    = {{\tt http://mpmath.org/}},
  month   = {December},
  year    = {2013},
}

@article{banerjee05,
 author = {Arindam Banerjee and Inderjit S. Dhillon and Joydeep Ghosh and Suvrit Sra},
 title = {Clustering on the Unit Hypersphere using von Mises-Fisher Distributions},
 journal = {Journal of Machine Learning Research},
 year = {2005},
 volume = {6},
 pages = {1345--1382}
}

@article{s-vae18,
  title={Hyperspherical Variational Auto-Encoders},
  author={Davidson, Tim R. and
          Falorsi, Luca and
          De Cao, Nicola and
          Kipf, Thomas and
          Tomczak, Jakub M.},
  journal={34th Conference on Uncertainty in Artificial Intelligence (UAI-18)},
  year={2018}
}

@article{vmf_samp,
 author = {Gary Ulrich},
 title = {Computer Generation of Distributions on the m-Sphere},
 journal = {Journal of the Royal Statistical Society. Series C (Applied Statistics)},
 year = {1984},
 volume = {33},
 number = {2},
 pages = {158--163}
}

@article{sem,
 author = {Olivier Capp\'{e} and Eric Moulines},
 title = {On-Line Expectation-Maximization Algorithm for Latent Data Models},
 journal = {Journal of the Royal Statistical Society. Series B (Statistical Methodology)},
 year = {2009},
 volume = {71},
 number = {3},
 pages = {593--613}
}

@misc{sem_var,
 author = {Jianfei Chen and Jun Zhu and Yee Whye Teh and Tong Zhang},
 title = {Stochastic Expectation Maximization with Variance Reduction},
 note = {In Advances in Neural Information Processing Systems},
 year = 2018
}

@article{em77,
 author = {A. P. Dempster and N. M. Laird and D. B. Rubin},
 title = {Maximum Likelihood from Incomplete Data via the EM Algorithm},
 journal = {Journal of the Royal Statistical Society. Series B (Methodological)},
 year = {1977},
 volume = {39},
 number = {1},
 pages = {1--38}
}

@article{robbins_monro,
 author = {Herbert Robbins and Sutton Monro},
 title = {A Stochastic Approximation Method},
 journal = {Annals of Mathematical Statistics},
 year = {1951},
 volume = {22},
 number = {3},
 pages = {400--407}
}
    













@misc{funcgrad_friedman,
 author = {Friedman, J.},
 title = {Greedy function approximation: {A} gradient boosting machine},
 note = {Technical Report, Dept. of Statistics, Stanford University.},
 year = 1999
}

@book{funcgrad_mason,
 author = {Mason, L. and Baxter, J. and Bartlett, P. and Frean, M.},
 title = {Functional gradient techniques for combining hypotheses},
 publisher = {In Advances in Large Margin Classifiers, MIT Press},
 year = 1999
}



@article{hmoe,
 author = {M. I. Jordan and R. A. Jacobs},
 title = {Hierarchical mixtures of experts and the {EM} algorithm},
 journal = {Neural Computation},
 year = {1994},
 volume = {6},
 number = {2},
 pages = {181--214}
}

@inproceedings{bhmoe,
 title = {Bayesian hierarchical mixtures of experts},
 author  = {C. M. Bishop and M. Svensen},
 year  = {2003},
 booktitle = {Uncertainty in Artificial Intelligence}
}

@inproceedings{hessian_domke,
 title = {Generic Methods for Optimization-based Modeling},
 author  = {Domke, Justin},
 year  = {2012},
 booktitle = {Artificial Intelligence and Statistics}
}

@misc{hessian_lecun,
 author = {LeCun, Yann and Simard, Patrice and Pearlmutter, Barak},
 title = {Automatic Learning Rate Maximization by On-line Estimation of
the Hessians Eigenvectors},
 note = {In Advances in Neural Information Processing Systems},
 year = 1993
}

@inproceedings{maml,
 title = {Model-Agnostic Meta-Learning for Fast Adaptation of Deep Networks},
 author  = {Chelsea Finn and Pieter Abbeel and Sergey Levine},
 year  = {2017},
 booktitle = {International Conference on Machine Learning}
}

@inproceedings{vlae,
 title = {Variational Laplace Autoencoders},
 author  = {Yookoon Park and Chris Kim and Gunhee Kim},
 year  = {2019},
 booktitle = {International Conference on Machine Learning}
}

@inproceedings{savae_krishnan,
 title = {On the challenges of learning with inference networks on sparse high-dimensional data},
 author  = {Krishnan, R. G. and Liang, D. and Hoffman, M. D.},
 year  = {2018},
 booktitle = {Artificial Intelligence and Statistics}
}

@inproceedings{savae_marino,
 title = {Iterative amortized inference},
 author  = {Marino, J. and Yisong, Y. and Mandt, S.},
 year  = {2018},
 booktitle = {International Conference on Machine Learning}
}

@inproceedings{savae_ykim,
 title = {Semi-amortized variational autoencoders},
 author  = {Kim, Y. and Wiseman, S. and Millter, A. C. and Sontag, D. and Rush,
A. M.},
 year  = {2018},
 booktitle = {International Conference on Machine Learning}
}

@inproceedings{cremer18,
 title = {Inference Suboptimality in Variational Autoencoders},
 author  = {Chris Cremer and Xuechen Li and David Duvenaud},
 year  = {2018},
 booktitle = {International Conference on Machine Learning}
}

@article{svi,
 author = {Hoffman, Matthew D. and Blei, David M. and Wang, Chong and Paisley,
John},
 title = {Stochastic Variational Inference},
 journal = {Journal of Machine Learning Research},
 year = {2013},
 volume = {13},
 pages = {1303--1347}
}


@inproceedings{adversarial_kl,
 title = {An Alternative Update Rule for Generative Adversarial Networks},
 author  = {Ferenc Husz\'{a}r},
 year  = {2016},
 URL = {http://www.inference.vc/an-alternative-update-rule-for-generative-adversarial-networks/},
 booktitle = {Personal blog post}
}

@misc{mirror_vae,
 title = {Enforcing Disentanglement of Latent Factors: Mirror-Factor {VAE}},
 author  = {Minyoung Kim and Vladimir Pavlovic},
 year  = {2018},
 note = {Unpublished manuscript}
}

@inproceedings{nica17,
 title = {Learning independent features with adversarial nets for non-linear {ICA}},
 author  = {Brakel, P. and Bengio, Y.},
 year  = {2017},
 URL = {https://arxiv.org/abs/1710.05050},
 booktitle = {arXiv preprint}
}

@inproceedings{inv_ae,
 title = {Invertible Autoencoder for domain adaptation},
 author  = {Yunfei Teng and Anna Choromanska and Mariusz Bojarski},
 year  = {2018},
 URL = {https://arxiv.org/abs/1802.06869},
 booktitle = {arXiv preprint}
}

@inproceedings{sdae,
 title = {Extracting and Composing Robust Features with Denoising Autoencoders},
 author  = {P. Vincent and H. Larochelle and Y. Bengio and P.A. Manzagol},
 year  = {2008},
 booktitle = {Proceedings of the Twenty-fifth International Conference on Machine Learning}
}


@book{ica_book,
 author = {A. Hyv\"{a}rinen and J. Karhunen and E. Oja},
 title = {Independent Component Analysis},
 publisher = {John Wiley \& Sons, New York},
 year = 2001
}

@article{fast_ica,
 author = {A. Hyv\"{a}rinen and E. Oja},
 title = {A fast fixed point algorithm for independent component analysis},
 journal = {Neural Computation},
 year = {1997},
 volume = {9},
 number = {7},
 pages = {1483--1492}
}

@book{semi_param_book,
 author = {P. J. Bickel and C. A. J. Klaassen and Y. Ritov and J. A. Wellner},
 title = {Efficient and Adaptive Estimation for Semiparametric Models},
 publisher = {Springer-Verlag, New York},
 year = 1998
}

@article{kernel_ica,
 author = {F. Bach and M. I. Jordan},
 title = {Kernel independent component analysis},
 journal = {Journal of Machine Learning Research},
 year = {2002},
 volume = {3},
 pages = {1--48}
}

@misc{amari_ica,
 author = {S. Amari and A. Cichocki and H. H. Yang},
 title = {A new learning algorithm for blind signal separation},
 note = {In Advances in Neural Information Processing Systems},
 year = 1996
}

@article{comon_ica,
 author = {P. Comon},
 title = {{Independent component analysis, A new concept?}},
 journal = {Signal Processing},
 year = {1994},
 volume = {36},
 number = {3},
 pages = {287--314}
}


@article{density_ratio_jordan,
 author = {Nguyen, X. and Wainwright, M. J. and Jordan, M. I.},
 title = {Estimating divergence functionals and the likelihood ratio by convex risk minimization},
 journal = {IEEE Transactions on Information Theory},
 year = {2010},
 volume = {56},
 number = {11},
 pages = {5847--5861}
}

@article{density_ratio_sugiyama,
 author = {Sugiyama, M. and Suzuki, T. and Kanamori, T.},
 title = {Density-ratio matching under the {Bregman} divergence: {A} unified framework of density-ratio estimation},
 journal = {Annals of the Institute of Statistical Mathematics},
 year = {2012},
 volume = {64},
 number = {5},
 pages = {1009--1044}
}

@misc{gan,
 author = {Goodfellow, I. and Pouget-Abadie, J. and Mirza, M. and Xu, B. and Warde-Farley, D. and Ozair, S. and Courville, A. and Bengio, Y.},
 title = {Generative Adversarial Nets},
 note = {In Advances in Neural Information Processing Systems},
 year = 2014
}




@misc{vae14,
 author = {Kingma, Diederik P. and Welling, Max},
 title = {Auto-Encoding Variational {B}ayes},
 note = {In Proceedings of the Second International
Conference on Learning Representations, ICLR},
 year = 2014
}

@inproceedings{aae16,
 title = {Adversarial Autoencoders},
 author  = {Alireza Makhzani and Jonathon Shlens and Navdeep Jaitly and Ian Goodfellow and Brendan Frey},
 year  = {2016},
 URL = {http://arxiv.org/abs/1511.05644},
 booktitle = {International Conference on Learning Representations}
}

@unpublished{factor_vae18,
  author = {Kim, H. and Mnih, A.},
  note = {ArXiv e-prints: arXiv:1802.05983},
  title = {Disentangling by Factorising},
  year = {2018}
}

@inproceedings{beta_vae17,
 title = {{Beta-VAE}: Learning basic visual concepts with a constrained variational framework.},
 author  = {Higgins, I. and Matthey, L. and Pal, A. and Burgess, C. and Glorot, X. and Botvinick, M. and Mohamed, S. and Lerchner, A.},
 year  = {2017},
 booktitle = {International Conference on Learning Representations}
}

@inproceedings{dip_vae18,
 title = {Variation inference of disentangled latent concepts from unlabeled observations},
 author  = {Kumar, A. and Sattigeri, P. and Balakrishnan, A},
 year  = {2018},
 booktitle = {International Conference on Learning Representations}
}

@misc{infogan16,
 author = {Chen, X. and Duan, Y. and Houthooft, R. and Schulman, J. and Sutskever, I. and Abbeel, P.},
 title = {{InfoGAN: Interpretable representation learning by information maximizing Generative Adversarial Nets}},
 note = {In Advances in Neural Information Processing Systems},
 year = 2016
}

@inproceedings{dsprites,
 title = {{dSprites: Disentanglement testing Sprites dataset}},
 author  = {Matthey, L. and Higgins, I. and Hassabis, D. and Lerchner, A.},
 year  = {2017},
 URL = {https://github.com/deepmind/dsprites-dataset/},
 booktitle = {}
}

 .








@inproceedings{DuvMacetal15nfp,
	booktitle = {Neural Information Processing Systems},
	title     = {Convolutional Networks on Graphs for Learning Molecular Fingerprints},
	author    = {David Duvenaud and Dougal Maclaurin and Jorge Aguilera-Iparraguirre and Rafael G\'omez-Bombarelli and Timothy Hirzel and Al\'an Aspuru-Guzik and Ryan P. Adams},
	year      = {2015}
}

@misc{rfdnn17,
 author = {K. Cutajar and E. V. Bonilla and P. Michiardi and M. Filippone},
 title = {Random Feature Expansions for Deep {G}aussian Processes},
 note = {International Conference on Machine Learning},
 year = 2017
}

@misc{deepgp13,
 author = {Damianou, Andreas C. and Lawrence, Neil D.},
 title = {Deep {G}aussian Processes},
 note = {In Proceedings of the Sixteenth International
Conference on Artificial Intelligence and Statistics},
 year = 2013
}

@misc{rf_arccos,
 author = {Cho, Youngmin and Saul, Lawrence K.},
 title = {Kernel methods for deep learning},
 note = {In Advances in Neural Information Processing Systems},
 year = 2009
}

@misc{rf_fourier,
 author = {Rahimi, Ali and Recht, Benjamin},
 title = {Random Features for Large-Scale Kernel Machines},
 note = {In Platt, J. C., Koller, D., Singer, Y., and Roweis, S. T. (eds.), 
Advances in Neural Information Processing Systems 20},
 year = 2008
}

@book{rudin_book,
 author = {W. Rudin},
 title = {Fourier Analysis on Groups. Wiley Classics Library},
 publisher = {Wiley-Interscience, New York},
 year = 1994
}

@book{gpml_book,
 author = {Carl Edward Rasmussen and Christopher K. I. Williams},
 title = {Gaussian Processes for Machine Learning},
 publisher = {The MIT Press},
 year = 2006
}

@misc{titsias09,
 author = {M. K. Titsias},
 title = {Variational Learning of Inducing Variables in Sparse {G}aussian Processes},
 note = {In Proceedings of the Twelfth International Conference on 
Artificial Intelligence and Statistics},
 year = 2009
}

@misc{dezfouli15,
 author = {A. Dezfouli and E. V. Bonilla},
 title = {Scalable Inference for {G}aussian Process Models with Black-Box Likelihoods},
 note = {In Advances in Neural Information Processing Systems},
 year = 2015
}










@misc{gpmil_icml10,
 author = {Minyoung Kim and Fernando {De la Torre}},
 title = {Gaussian Process Multiple Instance Learning},
 note = {International Conference on Machine Learning},
 year = 2010
}

@article{Dietterich97,
 author = {Thomas G. Dietterich and Richard H. Lathrop and Tomas Lozano-Perez},
 title = {Solving the Multiple-Instance Problem with Axis-Parallel Rectangles},
 journal = {Artificial Intelligence},
 year = {1997},
 volume = {89},
 pages = {31--71}
}

@article{mil_real,
 author = {Daniel R. Dooly and Qi Zhang and Sally A. Goldman and Robert A. Amar},
 title = {Multiple-Instance Learning of Real-Valued Data},
 journal = {Journal of Machine Learning Research},
 year = {2002},
 volume = {3},
 pages = {651--678}
}

@misc{mik02,
 author = {Thomas G\"{a}rtner and Peter A. Flach and Adam Kowalczyk and Alex J. Smola},
 title = {Multi-Instance Kernels},
 note = {International Conference on Machine Learning},
 year = 2002
}

@misc{hausdorff00,
 author = {Jun Wang and Jean-Daniel Zucker},
 title = {Solving the Multiple-Instance Problem: {A} Lazy Learning Approach},
 note = {International Conference on Machine Learning},
 year = 2000
}

@misc{bmil08,
 author = {Vikas C. Raykar and Balaji Krishnapuram and Jinbo Bi and Murat Dundar and R. Bharat Rao},
 title = {Bayesian multiple instance learning: {A}utomatic feature selection and inductive transfer},
 note = {International Conference on Machine Learning},
 year = 2008
}

@misc{missl06,
 author = {Rouhollah Rahmani and Sally A. Goldman},
 title = {{MISSL: M}ultiple-Instance Semi-Supervised Learning},
 note = {International Conference on Machine Learning},
 year = 2006
}

@misc{ihs05,
 author = {Zhang, H. and Fritts, J.},
 title = {Improved hierarchical segmentation},
 note = {{Technical Report, Washington University in St Louis}},
 year = 2005
}




@article{miles06,
 author = {Yixin Chen and Jinbo Bi and J. Z. Wang},
 title = {{MILES}: {M}ultiple-Instance Learning via Embedded Instance Selection},
 journal = {IEEE Trans. on Pattern Analysis and Machine Intelligence},
 year = {2006},
 volume = {28},
 number = {12},
 pages = {1931--1947}
}

@misc{dd98,
 author = {Oded Maron and Tomas Lozano-Perez},
 title = {A Framework for Multiple-Instance Learning},
 note = {Neural Information Processing Systems},
 year = 1998
}

@misc{tao04,
 author = {Qingping Tao and Stephen Scott and N. V. Vinodchandran and Thomas Takeo Osugi},
 title = {{SVM}-Based Generalized Multiple-Instance Learning via Approximate Box Counting},
 note = {International Conference on Machine Learning},
 year = 2004
}

@misc{emdd,
 author = {Qi Zhang and Sally A. Goldman and Wei Yu and Jason E. Fritts},
 title = {Content-Based Image Retrieval Using Multiple-Instance Learning},
 note = {International Conference on Machine Learning},
 year = 2002
}

@article{mica,
 author = {O. L. Mangasarian and E. W. Wild},
 title = {Multiple Instance Classification via Successive Linear Programming},
 journal = {Journal of Optimization Theory and Applications },
 year = {2008},
 volume = {137},
 number = {3},
 pages = {555--568}
}

@misc{mil_boost05,
 author = {Paul A. Viola and John C. Platt and Cha Zhang},
 title = {Multiple Instance Boosting for Object Detection},
 note = {Neural Information Processing Systems},
 year = 2005
}

@misc{mil_svm03,
 author = {Stuart Andrews and Ioannis Tsochantaridis and Thomas Hofmann},
 title = {Support vector machines for multiple-instance learning},
 note = {Neural Information Processing Systems},
 year = 2003
}

@misc{mil_da07,
 author = {Peter V. Gehler and Olivier Chapelle},
 title = {Deterministic Annealing for Multiple-Instance Learning},
 note = {AI and Statistics (AISTATS)},
 year = 2007
}

@misc{semisup_gpc07,
 author = {Vikas Sindhwani and Wei Chu and S. S. Keerthi},
 title = {Semi-Supervised {G}aussian Process Classifiers},
 note = {International Joint Conferences on Artificial Intelligence (IJCAI)},
 year = {2007},
}

@misc{semisup_kernel05,
 author = {Vikas Sindhwani and Partha Niyogi and M. Belkin},
 title = {Beyond the point cloud: {F}rom transductive to semi-supervised learning},
 note = {International Conference on Machine Learning},
 year = {2005},
}

@misc{bennett00,
 author = {Ayhan Demiriz and Kristin P. Bennett},
 title = {Optimization Approaches to Semi-Supervised Learning},
 note = {Applications and Algorithms of Complementarity},
 year = {2000}
}

@misc{joachims99,
 author = {Thorsten Joachims},
 title = {Transductive Inference for Text Classification using Support Vector Machines},
 note = {International Conference on Machine Learning},
 year = {1999},
}

@misc{Friedman99,
 author = {J. Friedman},
 title = {Greedy Function Approximation: a Gradient Boosting Machine},
 note = {Technical Report, Dept. of Statistics, Stanford University},
 year = 1999,
}




@article{emep,
 author = {Hyun-Chul Kim and Zoubin Ghahramani},
 title = {{B}ayesian {G}aussian Process Classification with the {EM-EP} Algorithm},
 journal = {IEEE Transactions on Pattern Analysis and Machine Intelligence},
 volume = 28,
 number = 12,  
 pages = {1948--1959}, 
 year = 2006
}

@misc{cvx_a,
 author = {M. Grant and S. Boyd},
 title = {{CVX}: {Matlab} software for disciplined convex programming (web page and software)},
 note = {http://stanford.edu/~boyd/cvx},
 year = 2009
}

@misc{cvx_b,
 author = {M. Grant and S. Boyd},
 title = {Graph implementations for nonsmooth convex programs},
 note = {Recent Advances in Learning and Control (a tribute to M. Vidyasagar), V. Blondel, S. Boyd, and H. Kimura, editors, pages 95-110, Lecture Notes in Control and Information Sciences, Springer},
 year = 2008
}

@book{wilcoxon,
 author = {Hollander, M. and D. A. Wolfe},
 title = {Nonparametric Statistical Methods},
 publisher = {Wiley},
 year = 1973
}



@article{zhang01,
 author = {Tong Zhang and Frank J. Oles},
 title = {Text Categorization Based on Regularized Linear Classification Methods},
 journal = {Information Retrieval},
 volume = {4},
 pages = {5--31},
 year = 2000
}

@misc{ep,
 author = {Thomas Minka},
 title = {A family of algorithms for approximate {B}ayesian inference},
 note = {MIT PhD thesis},
 year = 2001
}

@misc{ep_gpc,
 author = {Matthias Seeger},
 title = {Notes on {M}inka's Expectation Propagation for {G}aussian process classification},
 note = {Technical Report, University of Edinburgh},
 year = 2002
}

@misc{salemi2024lamplargelanguagemodels,
      title={LaMP: When Large Language Models Meet Personalization}, 
      author={Alireza Salemi and Sheshera Mysore and Michael Bendersky and Hamed Zamani},
      year={2024},
      eprint={2304.11406},
      archivePrefix={arXiv},
      primaryClass={cs.CL},
      url={https://arxiv.org/abs/2304.11406}, 
}

@inproceedings{tan-etal-2024-personalized,
    title = "Personalized Pieces: Efficient Personalized Large Language Models through Collaborative Efforts",
    author = "Tan, Zhaoxuan  and
      Liu, Zheyuan  and
      Jiang, Meng",
    editor = "Al-Onaizan, Yaser  and
      Bansal, Mohit  and
      Chen, Yun-Nung",
    booktitle = "Proceedings of the 2024 Conference on Empirical Methods in Natural Language Processing",
    month = nov,
    year = "2024",
    address = "Miami, Florida, USA",
    publisher = "Association for Computational Linguistics",
    url = "https://aclanthology.org/2024.emnlp-main.371/",
    doi = "10.18653/v1/2024.emnlp-main.371",
    pages = "6459--6475",
}

@article{flant5,
  author={Hyung Won Chung and Le Hou and Shayne Longpre and Barret Zoph and Yi Tay and William Fedus and Yunxuan Li and Xuezhi Wang and Mostafa Dehghani and Siddhartha Brahma and Albert Webson and Shixiang Shane Gu and Zhuyun Dai and Mirac Suzgun and Xinyun Chen and Aakanksha Chowdhery and Alex Castro-Ros and Marie Pellat and Kevin Robinson and Dasha Valter and Sharan Narang and Gaurav Mishra and Adams Yu and Vincent Y. Zhao and Yanping Huang and Andrew M. Dai and Hongkun Yu and Slav Petrov and Ed H. Chi and Jeff Dean and Jacob Devlin and Adam Roberts and Denny Zhou and Quoc V. Le and Jason Wei},
  title={Scaling Instruction-Finetuned Language Models},
  year={2024},
  cdate={1704067200000},
  journal={J. Mach. Learn. Res.},
  volume={25},
  pages={70:1-70:53},
  url={https://jmlr.org/papers/v25/23-0870.html}
}

@misc{
baazy2024loraxs,
title={Lo{RA}-{XS}: Low-Rank Adaptation with Extremely Small Number of Parameters},
author={Klaudia Ba{\l}azy and Mohammadreza Banaei and Karl Aberer and Jacek Tabor},
year={2024},
url={https://openreview.net/forum?id=l80AgHoRaN}
}

@inproceedings{
huang2024lorahub,
title={LoraHub: Efficient Cross-Task Generalization via Dynamic Lo{RA} Composition},
author={Chengsong Huang and Qian Liu and Bill Yuchen Lin and Tianyu Pang and Chao Du and Min Lin},
booktitle={First Conference on Language Modeling},
year={2024},
url={https://openreview.net/forum?id=TrloAXEJ2B}
}

@inproceedings{
malladi2023finetuning,
title={Fine-Tuning Language Models with Just Forward Passes},
author={Sadhika Malladi and Tianyu Gao and Eshaan Nichani and Alex Damian and Jason D. Lee and Danqi Chen and Sanjeev Arora},
booktitle={Thirty-seventh Conference on Neural Information Processing Systems},
year={2023},
url={https://openreview.net/forum?id=Vota6rFhBQ}
}

@techreport{cubirds,
	Title = {Cubirds Dataset},
	Author = {Wah, C. and Branson, S. and Welinder, P. and Perona, P. and Belongie, S.},
	Year = {2011},
	Institution = {California Institute of Technology},
	Number = {CNS-TR-2011-001}
}

@InProceedings{dtd,
Author    = {M. Cimpoi and S. Maji and I. Kokkinos and S. Mohamed and and A. Vedaldi},
Title     = {Describing Textures in the Wild},
Booktitle = {Proceedings of the {IEEE} Conf. on Computer Vision and Pattern Recognition ({CVPR})},
Year      = {2014}}

@techreport{aircrafts,
   title         = {Fine-Grained Visual Classification of Aircraft},
   author        = {S. Maji and J. Kannala and E. Rahtu
                    and M. Blaschko and A. Vedaldi},
   year          = {2013},
   archivePrefix = {arXiv},
   eprint        = {1306.5151},
   primaryClass  = "cs-cv",
}

@INPROCEEDINGS{flowers,

  author={Nilsback, Maria-Elena and Zisserman, Andrew},

  booktitle={2008 Sixth Indian Conference on Computer Vision, Graphics \& Image Processing}, 

  title={Automated Flower Classification over a Large Number of Classes}, 

  year={2008},

  volume={},

  number={},

  pages={722-729},

  keywords={Shape;Kernel;Distributed computing;Support vector machines;Support vector machine classification;object classification;segmentation},

  doi={10.1109/ICVGIP.2008.47}}

@inproceedings{
metadataset,
title={Meta-Dataset: A Dataset of Datasets for Learning to Learn from Few Examples},
author={Eleni Triantafillou and Tyler Zhu and Vincent Dumoulin and Pascal Lamblin and Utku Evci and Kelvin Xu and Ross Goroshin and Carles Gelada and Kevin Swersky and Pierre-Antoine Manzagol and Hugo Larochelle},
booktitle={International Conference on Learning Representations},
year={2020},
url={https://openreview.net/forum?id=rkgAGAVKPr}
}

@misc{arnold2020learn2learnlibrarymetalearningresearch,
      title={learn2learn: A Library for Meta-Learning Research}, 
      author={Sébastien M. R. Arnold and Praateek Mahajan and Debajyoti Datta and Ian Bunner and Konstantinos Saitas Zarkias},
      year={2020},
      eprint={2008.12284},
      archivePrefix={arXiv},
      primaryClass={cs.LG},
      url={https://arxiv.org/abs/2008.12284}, 
}

@article{zhou2022coop,
    title={Learning to Prompt for Vision-Language Models},
    author={Zhou, Kaiyang and Yang, Jingkang and Loy, Chen Change and Liu, Ziwei},
    journal={International Journal of Computer Vision (IJCV)},
    year={2022}
}

@inproceedings{bbpt,
  title     = {Black-box Prompt Tuning for Vision-Language Model as a Service},
  author    = {Yu, Lang and Chen, Qin and Lin, Jiaju and He, Liang},
  booktitle = {Proceedings of the Thirty-Second International Joint Conference on
               Artificial Intelligence, {IJCAI-23}},
  publisher = {International Joint Conferences on Artificial Intelligence Organization},
  editor    = {Edith Elkind},
  pages     = {1686--1694},
  year      = {2023},
  month     = {8},
  note      = {Main Track},
  doi       = {10.24963/ijcai.2023/187},
  url       = {https://doi.org/10.24963/ijcai.2023/187},
}

@misc{you2020largebatchoptimizationdeep,
      title={Large Batch Optimization for Deep Learning: Training BERT in 76 minutes}, 
      author={Yang You and Jing Li and Sashank Reddi and Jonathan Hseu and Sanjiv Kumar and Srinadh Bhojanapalli and Xiaodan Song and James Demmel and Kurt Keutzer and Cho-Jui Hsieh},
      year={2020},
      eprint={1904.00962},
      archivePrefix={arXiv},
      primaryClass={cs.LG},
      url={https://arxiv.org/abs/1904.00962}, 
}

@misc{smith2018superconvergencefasttrainingneural,
      title={Super-Convergence: Very Fast Training of Neural Networks Using Large Learning Rates}, 
      author={Leslie N. Smith and Nicholay Topin},
      year={2018},
      eprint={1708.07120},
      archivePrefix={arXiv},
      primaryClass={cs.LG},
      url={https://arxiv.org/abs/1708.07120}, 
}

@inproceedings{
rezk2024liouna,
title={Liouna: Biologically Plausible Learning for Efficient Pre-Training of Transferrable Deep Models},
author={Fady Rezk and Antreas Antoniou and Henry Gouk and Timothy Hospedales},
booktitle={2nd Workshop on Advancing Neural Network Training: Computational Efficiency, Scalability, and Resource Optimization (WANT@ICML 2024)},
year={2024},
url={https://openreview.net/forum?id=bYwg5Awx6n}
}

@inproceedings{
staab2024beyond,
title={Beyond Memorization: Violating Privacy via Inference with Large Language Models},
author={Robin Staab and Mark Vero and Mislav Balunovic and Martin Vechev},
booktitle={The Twelfth International Conference on Learning Representations},
year={2024},
url={https://openreview.net/forum?id=kmn0BhQk7p}
}

@misc{miranda2024preservingprivacylargelanguage,
      title={Preserving Privacy in Large Language Models: A Survey on Current Threats and Solutions}, 
      author={Michele Miranda and Elena Sofia Ruzzetti and Andrea Santilli and Fabio Massimo Zanzotto and Sébastien Bratières and Emanuele Rodolà},
      year={2024},
      eprint={2408.05212},
      archivePrefix={arXiv},
      primaryClass={cs.CR},
      url={https://arxiv.org/abs/2408.05212}, 
}

@article{Waelen2023,
  title = {The ethics of computer vision: an overview in terms of power},
  volume = {4},
  ISSN = {2730-5961},
  url = {http://dx.doi.org/10.1007/s43681-023-00272-x},
  DOI = {10.1007/s43681-023-00272-x},
  number = {2},
  journal = {AI and Ethics},
  publisher = {Springer Science and Business Media LLC},
  author = {Waelen,  Rosalie A.},
  year = {2023},
  month = mar,
  pages = {353–362}
}