@article{amouyal2022qampari,
  author       = {Samuel Joseph Amouyal and
                  Ohad Rubin and
                  Ori Yoran and
                  Tomer Wolfson and
                  Jonathan Herzig and
                  Jonathan Berant},
  title        = {{QAMPARI:} : An Open-domain Question Answering Benchmark for Questions
                  with Many Answers from Multiple Paragraphs},
  journal      = {CoRR},
  volume       = {abs/2205.12665},
  year         = {2022},
  url          = {https://doi.org/10.48550/arXiv.2205.12665},
  doi          = {10.48550/ARXIV.2205.12665},
  eprinttype    = {arXiv},
  eprint       = {2205.12665},
  timestamp    = {Mon, 30 May 2022 15:47:29 +0200},
  biburl       = {https://dblp.org/rec/journals/corr/abs-2205-12665.bib},
  bibsource    = {dblp computer science bibliography, https://dblp.org}
}

@article{balepur2024reverse,
  author       = {Nishant Balepur and
                  Feng Gu and
                  Abhilasha Ravichander and
                  Shi Feng and
                  Jordan L. Boyd{-}Graber and
                  Rachel Rudinger},
  title        = {Reverse Question Answering: Can an {LLM} Write a Question so Hard
                  (or Bad) that it Can't Answer?},
  journal      = {CoRR},
  volume       = {abs/2410.15512},
  year         = {2024},
  url          = {https://doi.org/10.48550/arXiv.2410.15512},
  doi          = {10.48550/ARXIV.2410.15512},
  eprinttype    = {arXiv},
  eprint       = {2410.15512},
  timestamp    = {Tue, 26 Nov 2024 15:54:16 +0100},
  biburl       = {https://dblp.org/rec/journals/corr/abs-2410-15512.bib},
  bibsource    = {dblp computer science bibliography, https://dblp.org}
}

@article{chang2024goldfish,
  author       = {Tyler A. Chang and
                  Catherine Arnett and
                  Zhuowen Tu and
                  Benjamin K. Bergen},
  title        = {Goldfish: Monolingual Language Models for 350 Languages},
  journal      = {CoRR},
  volume       = {abs/2408.10441},
  year         = {2024},
  url          = {https://doi.org/10.48550/arXiv.2408.10441},
  doi          = {10.48550/ARXIV.2408.10441},
  eprinttype    = {arXiv},
  eprint       = {2408.10441},
  timestamp    = {Tue, 24 Sep 2024 17:36:31 +0200},
  biburl       = {https://dblp.org/rec/journals/corr/abs-2408-10441.bib},
  bibsource    = {dblp computer science bibliography, https://dblp.org}
}

@inproceedings{chao2018context,
  author       = {Zhaohui Chao and
                  Lin Li},
  title        = {The Combination of Context Information to Enhance Simple Question
                  Answering},
  booktitle    = {5th International Conference on Behavioral, Economic, and Socio-Cultural
                  Computing, {BESC} 2018, Kaohsiung, Taiwan, November 12-14, 2018},
  pages        = {109--114},
  publisher    = {{IEEE}},
  year         = {2018},
  url          = {https://doi.org/10.1109/BESC.2018.8697305},
  doi          = {10.1109/BESC.2018.8697305},
  timestamp    = {Mon, 03 May 2021 09:07:14 +0200},
  biburl       = {https://dblp.org/rec/conf/besc/ChaoL18.bib},
  bibsource    = {dblp computer science bibliography, https://dblp.org}
}

@article{grindrod2024modelling,
  author       = {Alexander V. Spirov and
                  Ekaterina M. Myasnikova},
  title        = {Linguistic modelling of gene regulation: Translation from the language
                  of experiments to the language of modelling},
  journal      = {{ICT} Express},
  volume       = {5},
  number       = {3},
  pages        = {182--186},
  year         = {2019},
  url          = {https://doi.org/10.1016/j.icte.2018.10.008},
  doi          = {10.1016/J.ICTE.2018.10.008},
  timestamp    = {Tue, 05 Jan 2021 18:09:59 +0100},
  biburl       = {https://dblp.org/rec/journals/ict-express/SpirovM19.bib},
  bibsource    = {dblp computer science bibliography, https://dblp.org}
}

@article{houghton2023psycholinguistics,
  author       = {Conor J. Houghton and
                  Nina Kazanina and
                  Priyanka Sukumaran},
  title        = {Beyond the limitations of any imaginable mechanism: large language
                  models and psycholinguistics},
  journal      = {CoRR},
  volume       = {abs/2303.00077},
  year         = {2023},
  url          = {https://doi.org/10.48550/arXiv.2303.00077},
  doi          = {10.48550/ARXIV.2303.00077},
  eprinttype    = {arXiv},
  eprint       = {2303.00077},
  timestamp    = {Thu, 09 Mar 2023 09:08:53 +0100},
  biburl       = {https://dblp.org/rec/journals/corr/abs-2303-00077.bib},
  bibsource    = {dblp computer science bibliography, https://dblp.org}
}

@article{hu2023qan,
  author       = {Xinghang Hu},
  title        = {Enhancing Answer Selection in Community Question Answering with Pre-trained
                  and Large Language Models},
  journal      = {CoRR},
  volume       = {abs/2311.17502},
  year         = {2023},
  url          = {https://doi.org/10.48550/arXiv.2311.17502},
  doi          = {10.48550/ARXIV.2311.17502},
  eprinttype    = {arXiv},
  eprint       = {2311.17502},
  timestamp    = {Tue, 05 Dec 2023 14:40:42 +0100},
  biburl       = {https://dblp.org/rec/journals/corr/abs-2311-17502.bib},
  bibsource    = {dblp computer science bibliography, https://dblp.org}
}

@inproceedings{hwang2022conversational,
  author       = {Seonjeong Hwang and
                  Gary Geunbae Lee},
  editor       = {Nicoletta Calzolari and
                  Chu{-}Ren Huang and
                  Hansaem Kim and
                  James Pustejovsky and
                  Leo Wanner and
                  Key{-}Sun Choi and
                  Pum{-}Mo Ryu and
                  Hsin{-}Hsi Chen and
                  Lucia Donatelli and
                  Heng Ji and
                  Sadao Kurohashi and
                  Patrizia Paggio and
                  Nianwen Xue and
                  Seokhwan Kim and
                  Younggyun Hahm and
                  Zhong He and
                  Tony Kyungil Lee and
                  Enrico Santus and
                  Francis Bond and
                  Seung{-}Hoon Na},
  title        = {Conversational {QA} Dataset Generation with Answer Revision},
  booktitle    = {Proceedings of the 29th International Conference on Computational
                  Linguistics, {COLING} 2022, Gyeongju, Republic of Korea, October 12-17,
                  2022},
  pages        = {1636--1644},
  publisher    = {International Committee on Computational Linguistics},
  year         = {2022},
  url          = {https://aclanthology.org/2022.coling-1.140},
  timestamp    = {Thu, 13 Oct 2022 17:29:38 +0200},
  biburl       = {https://dblp.org/rec/conf/coling/HwangL22.bib},
  bibsource    = {dblp computer science bibliography, https://dblp.org}
}

@article{liu2024bioinformatics,
  author       = {Jiajia Liu and
                  Mengyuan Yang and
                  Yankai Yu and
                  Haixia Xu and
                  Kang Li and
                  Xiaobo Zhou},
  title        = {Large language models in bioinformatics: applications and perspectives},
  journal      = {CoRR},
  volume       = {abs/2401.04155},
  year         = {2024},
  url          = {https://doi.org/10.48550/arXiv.2401.04155},
  doi          = {10.48550/ARXIV.2401.04155},
  eprinttype    = {arXiv},
  eprint       = {2401.04155},
  timestamp    = {Fri, 26 Jan 2024 12:45:12 +0100},
  biburl       = {https://dblp.org/rec/journals/corr/abs-2401-04155.bib},
  bibsource    = {dblp computer science bibliography, https://dblp.org}
}

@article{ma2024llama,
  author       = {Mingrui Ma and
                  Yu Yang},
  title        = {LLaMA-Reg: Using LLaMA 2 for Unsupervised Medical Image Registration},
  journal      = {CoRR},
  volume       = {abs/2405.18774},
  year         = {2024},
  url          = {https://doi.org/10.48550/arXiv.2405.18774},
  doi          = {10.48550/ARXIV.2405.18774},
  eprinttype    = {arXiv},
  eprint       = {2405.18774},
  timestamp    = {Fri, 21 Jun 2024 22:39:18 +0200},
  biburl       = {https://dblp.org/rec/journals/corr/abs-2405-18774.bib},
  bibsource    = {dblp computer science bibliography, https://dblp.org}
}

@article{muller2022cedille,
  author       = {Martin M{\"{u}}ller and
                  Florian Laurent},
  title        = {Cedille: {A} large autoregressive French language model},
  journal      = {CoRR},
  volume       = {abs/2202.03371},
  year         = {2022},
  url          = {https://arxiv.org/abs/2202.03371},
  eprinttype    = {arXiv},
  eprint       = {2202.03371},
  timestamp    = {Wed, 09 Feb 2022 15:43:35 +0100},
  biburl       = {https://dblp.org/rec/journals/corr/abs-2202-03371.bib},
  bibsource    = {dblp computer science bibliography, https://dblp.org}
}

@article{nicholas2023lost,
  author       = {Gabriel Nicholas and
                  Aliya Bhatia},
  title        = {Lost in Translation: Large Language Models in Non-English Content
                  Analysis},
  journal      = {CoRR},
  volume       = {abs/2306.07377},
  year         = {2023},
  url          = {https://doi.org/10.48550/arXiv.2306.07377},
  doi          = {10.48550/ARXIV.2306.07377},
  eprinttype    = {arXiv},
  eprint       = {2306.07377},
  timestamp    = {Sat, 17 Jun 2023 18:52:05 +0200},
  biburl       = {https://dblp.org/rec/journals/corr/abs-2306-07377.bib},
  bibsource    = {dblp computer science bibliography, https://dblp.org}
}

@inproceedings{ojo2023african,
  author       = {Jessica Ojo and
                  Kelechi Ogueji},
  title        = {How good are Commercial Large Language Models on African Languages?}

@inproceedings{tang2020subquestions,
  author       = {Yixuan Tang and
                  Hwee Tou Ng and
                  Anthony K. H. Tung},
  editor       = {Paola Merlo and
                  J{\"{o}}rg Tiedemann and
                  Reut Tsarfaty},
  title        = {Do Multi-Hop Question Answering Systems Know How to Answer the Single-Hop
                  Sub-Questions?},
  booktitle    = {Proceedings of the 16th Conference of the European Chapter of the
                  Association for Computational Linguistics: Main Volume, {EACL} 2021,
                  Online, April 19 - 23, 2021},
  pages        = {3244--3249},
  publisher    = {Association for Computational Linguistics},
  year         = {2021},
  url          = {https://doi.org/10.18653/v1/2021.eacl-main.283},
  doi          = {10.18653/V1/2021.EACL-MAIN.283},
  timestamp    = {Sat, 30 Sep 2023 09:39:11 +0200},
  biburl       = {https://dblp.org/rec/conf/eacl/TangNT21.bib},
  bibsource    = {dblp computer science bibliography, https://dblp.org}
}

@article{veres2022precis,
  author       = {Csaba Veres},
  title        = {A Precis of Language Models are not Models of Language},
  journal      = {CoRR},
  volume       = {abs/2205.07634},
  year         = {2022},
  url          = {https://doi.org/10.48550/arXiv.2205.07634},
  doi          = {10.48550/ARXIV.2205.07634},
  eprinttype    = {arXiv},
  eprint       = {2205.07634},
  timestamp    = {Wed, 18 May 2022 10:38:32 +0200},
  biburl       = {https://dblp.org/rec/journals/corr/abs-2205-07634.bib},
  bibsource    = {dblp computer science bibliography, https://dblp.org}
}

@inproceedings{wang2022covqa,
  author       = {Ruonan Wang and
                  Yuxi Qian and
                  Fangxiang Feng and
                  Xiaojie Wang and
                  Huixing Jiang},
  editor       = {Smaranda Muresan and
                  Preslav Nakov and
                  Aline Villavicencio},
  title        = {Co-VQA : Answering by Interactive Sub Question Sequence},
  booktitle    = {Findings of the Association for Computational Linguistics: {ACL} 2022,
                  Dublin, Ireland, May 22-27, 2022},
  pages        = {2396--2408},
  publisher    = {Association for Computational Linguistics},
  year         = {2022},
  url          = {https://doi.org/10.18653/v1/2022.findings-acl.188},
  doi          = {10.18653/V1/2022.FINDINGS-ACL.188},
  timestamp    = {Mon, 01 Aug 2022 16:27:47 +0200},
  biburl       = {https://dblp.org/rec/conf/acl/WangQFWJ22.bib},
  bibsource    = {dblp computer science bibliography, https://dblp.org}
}

@article{wang2024insectmamba,
  title={Insectmamba: Insect pest classification with state space model},
  author={Wang, Qianning and Wang, Chenglin and Lai, Zhixin and Zhou, Yucheng},
  journal={arXiv preprint arXiv:2404.03611},
  year={2024}
}

@inproceedings{zhang2020product,
  author       = {Shiwei Zhang and
                  Xiuzhen Zhang and
                  Jey Han Lau and
                  Jeffrey Chan and
                  C{\'{e}}cile Paris},
  editor       = {Frank Hutter and
                  Kristian Kersting and
                  Jefrey Lijffijt and
                  Isabel Valera},
  title        = {Less Is More: Rejecting Unreliable Reviews for Product Question Answering},
  booktitle    = {Machine Learning and Knowledge Discovery in Databases - European Conference,
                  {ECML} {PKDD} 2020, Ghent, Belgium, September 14-18, 2020, Proceedings,
                  Part {III}},
  series       = {Lecture Notes in Computer Science},
  volume       = {12459},
  pages        = {567--583},
  publisher    = {Springer},
  year         = {2020},
  url          = {https://doi.org/10.1007/978-3-030-67664-3\_34},
  doi          = {10.1007/978-3-030-67664-3\_34},
  timestamp    = {Fri, 17 Nov 2023 11:42:42 +0100},
  biburl       = {https://dblp.org/rec/conf/pkdd/ZhangZLCP20.bib},
  bibsource    = {dblp computer science bibliography, https://dblp.org}
}

@inproceedings{zhou2022claret,
  title={ClarET: Pre-training a Correlation-Aware Context-To-Event Transformer for Event-Centric Generation and Classification},
  author={Zhou, Yucheng and Shen, Tao and Geng, Xiubo and Long, Guodong and Jiang, Daxin},
  booktitle={Proceedings of the 60th Annual Meeting of the Association for Computational Linguistics (Volume 1: Long Papers)},
  pages={2559--2575},
  year={2022}
}

@article{zhou2024rethinking,   
    title={Rethinking Visual Dependency in Long-Context Reasoning for Large Vision-Language Models},   
    author={Zhou, Yucheng and Rao, Zhi and Wan, Jun and Shen, Jianbing},   
    journal={arXiv preprint arXiv:2410.19732},   
    year={2024} 
}

@inproceedings{zhou2024visual,
  author       = {Yucheng Zhou and
                  Xiang Li and
                  Qianning Wang and
                  Jianbing Shen},
  title        = {Visual In-Context Learning for Large Vision-Language Models},
  booktitle    = {Findings of the Association for Computational Linguistics, {ACL} 2024,
                  Bangkok, Thailand and virtual meeting, August 11-16, 2024},
  pages        = {15890--15902},
  publisher    = {Association for Computational Linguistics},
  year         = {2024},
}

@article{zhou2025training,
  title={Training Medical Large Vision-Language Models with Abnormal-Aware Feedback},
  author={Zhou, Yucheng and Song, Lingran and Shen, Jianbing},
  journal={arXiv preprint arXiv:2501.01377},
  year={2025}
}

