@article{athey2021estimating,
  title={Estimating experienced racial segregation in US cities using large-scale GPS data},
  author={Athey, Susan and Ferguson, Billy and Gentzkow, Matthew and Schmidt, Tobias},
  journal={Proceedings of the National Academy of Sciences},
  volume={118},
  number={46},
  pages={e2026160118},
  year={2021},
  publisher={National Acad Sciences}
}

@article{charles2003dynamics,
  title={The dynamics of racial residential segregation},
  author={Charles, Camille Zubrinsky},
  journal={Annual review of sociology},
  volume={29},
  number={1},
  pages={167--207},
  year={2003},
  publisher={Annual Reviews 4139 El Camino Way, PO Box 10139, Palo Alto, CA 94303-0139, USA}
}

@inproceedings{chen2023getting,
  title={Getting Back on Track: Understanding COVID-19 Impact on Urban Mobility and Segregation with Location Service Data},
  author={Chen, Lin and Xu, Fengli and Hao, Qianyue and Hui, Pan and Li, Yong},
  booktitle={Proceedings of the International AAAI Conference on Web and Social Media},
  volume={17},
  pages={126--136},
  year={2023}
}

@article{de2024people,
  title={How people are exposed to neighborhoods racially different from their own},
  author={de la Prada, {\`A}lex G and Small, Mario L},
  journal={Proceedings of the National Academy of Sciences},
  volume={121},
  number={28},
  pages={e2401661121},
  year={2024},
  publisher={National Academy of Sciences}
}

@article{fatehkia2019correlated,
  title={Correlated impulses: Using Facebook interests to improve predictions of crime rates in urban areas},
  author={Fatehkia, Masoomali and O’Brien, Dan and Weber, Ingmar},
  journal={PloS one},
  volume={14},
  number={2},
  pages={e0211350},
  year={2019},
  publisher={Public Library of Science San Francisco, CA USA}
}

@inproceedings{iqbal2023lady,
  title={Lady and the Tramp Nextdoor: Online Manifestations of Real-World Inequalities in the Nextdoor Social Network},
  author={Iqbal, Waleed and Ghafouri, Vahid and Tyson, Gareth and Suarez-Tangil, Guillermo and Castro, Ignacio},
  booktitle={Proceedings of the International AAAI Conference on Web and Social Media},
  volume={17},
  pages={399--410},
  year={2023}
}

@article{king1973racial,
  title={Racial discrimination, segregation, and the price of housing},
  author={King, A Thomas and Mieszkowski, Peter},
  journal={Journal of political economy},
  volume={81},
  number={3},
  pages={590--606},
  year={1973},
  publisher={The University of Chicago Press}
}

@article{li2024toward,
  title={Toward satisfactory public accessibility: A crowdsourcing approach through online reviews to inclusive urban design},
  author={Li, Lingyao and Hu, Songhua and Dai, Yinpei and Deng, Min and Momeni, Parisa and Laverghetta, Gabriel and Fan, Lizhou and Ma, Zihui and Wang, Xi and Ma, Siyuan and others},
  journal={arXiv preprint arXiv:2409.08459},
  year={2024}
}

@inproceedings{luo2024othering,
  title={Othering and Low Status Framing of Immigrant Cuisines in US Restaurant Reviews and Large Language Models},
  author={Luo, Yiwei and Gligori{\'c}, Kristina and Jurafsky, Dan},
  booktitle={Proceedings of the International AAAI Conference on Web and Social Media},
  volume={18},
  pages={985--998},
  year={2024}
}

@article{massey1987effect,
  title={The effect of residential segregation on black social and economic well-being},
  author={Massey, Douglas S and Condran, Gretchen A and Denton, Nancy A},
  journal={Social Forces},
  volume={66},
  number={1},
  pages={29--56},
  year={1987},
  publisher={The University of North Carolina Press}
}

@article{mitchell2013geography,
  title={The geography of happiness: Connecting twitter sentiment and expression, demographics, and objective characteristics of place},
  author={Mitchell, Lewis and Frank, Morgan R and Harris, Kameron Decker and Dodds, Peter Sheridan and Danforth, Christopher M},
  journal={PloS one},
  volume={8},
  number={5},
  pages={e64417},
  year={2013},
  publisher={Public Library of Science San Francisco, USA}
}

@article{moro2021mobility,
  title={Mobility patterns are associated with experienced income segregation in large US cities},
  author={Moro, Esteban and Calacci, Dan and Dong, Xiaowen and Pentland, Alex},
  journal={Nature communications},
  volume={12},
  number={1},
  pages={4633},
  year={2021},
  publisher={Nature Publishing Group UK London}
}

@article{nguyen2016building,
  title={Building a national neighborhood dataset from geotagged Twitter data for indicators of happiness, diet, and physical activity},
  author={Nguyen, Quynh C and Li, Dapeng and Meng, Hsien-Wen and Kath, Suraj and Nsoesie, Elaine and Li, Feifei and Wen, Ming},
  journal={JMIR public health and surveillance},
  volume={2},
  number={2},
  pages={e5869},
  year={2016},
  publisher={JMIR Publications Inc., Toronto, Canada}
}

@article{nilforoshan2023human,
  title={Human mobility networks reveal increased segregation in large cities},
  author={Nilforoshan, Hamed and Looi, Wenli and Pierson, Emma and Villanueva, Blanca and Fishman, Nic and Chen, Yiling and Sholar, John and Redbird, Beth and Grusky, David and Leskovec, Jure},
  journal={Nature},
  volume={624},
  number={7992},
  pages={586--592},
  year={2023},
  publisher={Nature Publishing Group UK London}
}

@Book{park25city,
  author =       "Robert E. Park and Ernest W. Burgess",
  title =        "Understanding Policy-Based Networking",
  publisher =    "The University of Chicago Press",
  year =         "1925",
  address =      "Chicago, IL",
  edition =      "1st",
  editor =       "",
  volume =       "",
  number =       "",
  series =       "",
  month =        "",
  note =         "",
}

@inproceedings{rama2020facebook,
  title={Facebook ads as a demographic tool to measure the urban-rural divide},
  author={Rama, Daniele and Mejova, Yelena and Tizzoni, Michele and Kalimeri, Kyriaki and Weber, Ingmar},
  booktitle={Proceedings of The Web Conference 2020},
  pages={327--338},
  year={2020}
}

@inproceedings{santos2024real,
  title={REAL-UP: Urban Perceptions From LBSNs Helping Moving Real-Estate Market to the Next Level},
  author={Santos, Frances A and Silva, Thiago H and Villas, Leandro A},
  booktitle={Companion Proceedings of the ACM on Web Conference 2024},
  pages={1071--1074},
  year={2024}
}

@article{wang2018urban,
  title={Urban mobility and neighborhood isolation in America’s 50 largest cities},
  author={Wang, Qi and Phillips, Nolan Edward and Small, Mario L and Sampson, Robert J},
  journal={Proceedings of the National Academy of Sciences},
  volume={115},
  number={30},
  pages={7735--7740},
  year={2018},
  publisher={National Acad Sciences}
}

@article{xu2016understanding,
  title={Understanding mobile traffic patterns of large scale cellular towers in urban environment},
  author={Xu, Fengli and Li, Yong and Wang, Huandong and Zhang, Pengyu and Jin, Depeng},
  journal={IEEE/ACM transactions on networking},
  volume={25},
  number={2},
  pages={1147--1161},
  year={2016},
  publisher={IEEE}
}

@article{yabe2023behavioral,
  title={Behavioral changes during the COVID-19 pandemic decreased income diversity of urban encounters},
  author={Yabe, Takahiro and Bueno, Bernardo Garc{\'\i}a Bulle and Dong, Xiaowen and Pentland, Alex and Moro, Esteban},
  journal={Nature communications},
  volume={14},
  number={1},
  pages={2310},
  year={2023},
  publisher={Nature Publishing Group UK London}
}

