% Use this file for citations not found in the ACL Anthology (contained in "anthology.bib").


@article{locomo,
  title={Evaluating very long-term conversational memory of llm agents},
  author={Maharana, Adyasha and Lee, Dong-Ho and Tulyakov, Sergey and Bansal, Mohit and Barbieri, Francesco and Fang, Yuwei},
  journal={arXiv preprint arXiv:2402.17753},
  year={2024}
}

@article{memgpt,
  title={Memgpt: Towards llms as operating systems},
  author={Packer, Charles and Wooders, Sarah and Lin, Kevin and Fang, Vivian and Patil, Shishir G and Stoica, Ion and Gonzalez, Joseph E},
  journal={arXiv preprint arXiv:2310.08560},
  year={2023}
}

@article{readagent,
  title={A human-inspired reading agent with gist memory of very long contexts},
  author={Lee, Kuang-Huei and Chen, Xinyun and Furuta, Hiroki and Canny, John and Fischer, Ian},
  journal={arXiv preprint arXiv:2402.09727},
  year={2024}
}

@inproceedings{memorybank,
  title={Memorybank: Enhancing large language models with long-term memory},
  author={Zhong, Wanjun and Guo, Lianghong and Gao, Qiqi and Ye, He and Wang, Yanlin},
  booktitle={Proceedings of the AAAI Conference on Artificial Intelligence},
  volume={38},
  number={17},
  pages={19724--19731},
  year={2024}
}

@article{aios,
  title={AIOS: LLM agent operating system},
  author={Mei, Kai and Li, Zelong and Xu, Shuyuan and Ye, Ruosong and Ge, Yingqiang and Zhang, Yongfeng},
  journal={arXiv e-prints, pp. arXiv--2403},
  year={2024}
}

@article{openhands,
  title={Openhands: An open platform for ai software developers as generalist agents},
  author={Wang, Xingyao and Li, Boxuan and Song, Yufan and Xu, Frank F and Tang, Xiangru and Zhuge, Mingchen and Pan, Jiayi and Song, Yueqi and Li, Bowen and Singh, Jaskirat and others},
  journal={arXiv preprint arXiv:2407.16741},
  year={2024}
}

@article{mind2web,
  title={Mind2web: Towards a generalist agent for the web},
  author={Deng, Xiang and Gu, Yu and Zheng, Boyuan and Chen, Shijie and Stevens, Sam and Wang, Boshi and Sun, Huan and Su, Yu},
  journal={Advances in Neural Information Processing Systems},
  volume={36},
  pages={28091--28114},
  year={2023}
}

@article{weng2023agent,
  title   = "LLM-powered Autonomous Agents",
  author  = "Weng, Lilian",
  journal = "lilianweng.github.io",
  year    = "2023",
  month   = "Jun",
  url     = "https://lilianweng.github.io/posts/2023-06-23-agent/"
}

@Misc{smolagents,
  title =        {`smolagents`: a smol library to build great agentic systems.},
  author =       {Aymeric Roucher and Albert Villanova del Moral and Thomas Wolf and Leandro von Werra and Erik Kaunism√§ki},
  howpublished = {\url{https://github.com/huggingface/smolagents}},
  year =         {2025}
}

@article{agentlite,
  title={AgentLite: A Lightweight Library for Building and Advancing Task-Oriented LLM Agent System},
  author={Liu, Zhiwei and Yao, Weiran and Zhang, Jianguo and Yang, Liangwei and Liu, Zuxin and Tan, Juntao and Choubey, Prafulla K and Lan, Tian and Wu, Jason and Wang, Huan and others},
  journal={arXiv preprint arXiv:2402.15538},
  year={2024}
}

@Misc{mem0,
  title =        {mem0: The Memory layer for AI Agents.},
  author =       {Dev, Khant and Taranjeet, Singh},
  howpublished = {\url{https://github.com/mem0ai/mem0}},
  year =         {2024}
}

@article{graphrag,
  title={From local to global: A graph rag approach to query-focused summarization},
  author={Edge, Darren and Trinh, Ha and Cheng, Newman and Bradley, Joshua and Chao, Alex and Mody, Apurva and Truitt, Steven and Larson, Jonathan},
  journal={arXiv preprint arXiv:2404.16130},
  year={2024}
}

@book{zettel1,
  title={Digital Zettelkasten: Principles, Methods, \& Examples},
  author={Kadavy, David},
  year={2021},
  publisher={Google Books},
  month={May}
}

@book{zettel2,
  title={How to Take Smart Notes: One Simple Technique to Boost Writing, Learning and Thinking},
  author={Ahrens, S{\"o}nke},
  year={2017},
  publisher={Amazon},
  isbn={13-978-1542866507},
  note={Second Edition},
  keywords={Reference work, Study guide}
}

@article{rag1,
  title={Retrieval-augmented generation for knowledge-intensive nlp tasks},
  author={Lewis, Patrick and Perez, Ethan and Piktus, Aleksandra and Petroni, Fabio and Karpukhin, Vladimir and Goyal, Naman and K{\"u}ttler, Heinrich and Lewis, Mike and Yih, Wen-tau and Rockt{\"a}schel, Tim and others},
  journal={Advances in Neural Information Processing Systems},
  volume={33},
  pages={9459--9474},
  year={2020}
}

@article{aiosrag,
  title={From Commands to Prompts: LLM-based Semantic File System for AIOS},
  author={Shi, Zeru and Mei, Kai and Jin, Mingyu and Su, Yongye and Zuo, Chaoji and Hua, Wenyue and Xu, Wujiang and Ren, Yujie and Liu, Zirui and Du, Mengnan and others},
  journal={arXiv preprint arXiv:2410.11843},
  year={2024}
}

@inproceedings{sentence-bert,
    title = "Sentence-BERT: Sentence Embeddings using Siamese BERT-Networks",
    author = "Reimers, Nils and Gurevych, Iryna",
    booktitle = "Proceedings of the 2019 Conference on Empirical Methods in Natural Language Processing",
    month = "11",
    year = "2019",
    publisher = "Association for Computational Linguistics",
    url = "https://arxiv.org/abs/1908.10084",
}

@inproceedings{borgeaud2022improving,
  title={Improving language models by retrieving from trillions of tokens},
  author={Borgeaud, Sebastian and Mensch, Arthur and Hoffmann, Jordan and Cai, Trevor and Rutherford, Eliza and Millican, Katie and Van Den Driessche, George Bm and Lespiau, Jean-Baptiste and Damoc, Bogdan and Clark, Aidan and others},
  booktitle={International conference on machine learning},
  pages={2206--2240},
  year={2022},
  organization={PMLR}
}

@article{gao2023retrieval,
  title={Retrieval-augmented generation for large language models: A survey},
  author={Gao, Yunfan and Xiong, Yun and Gao, Xinyu and Jia, Kangxiang and Pan, Jinliu and Bi, Yuxi and Dai, Yi and Sun, Jiawei and Wang, Haofen},
  journal={arXiv preprint arXiv:2312.10997},
  year={2023}
}

@article{yu2023chain,
  title={Chain-of-note: Enhancing robustness in retrieval-augmented language models},
  author={Yu, Wenhao and Zhang, Hongming and Pan, Xiaoman and Ma, Kaixin and Wang, Hongwei and Yu, Dong},
  journal={arXiv preprint arXiv:2311.09210},
  year={2023}
}

@article{wang2023learning,
  title={Learning to filter context for retrieval-augmented generation},
  author={Wang, Zhiruo and Araki, Jun and Jiang, Zhengbao and Parvez, Md Rizwan and Neubig, Graham},
  journal={arXiv preprint arXiv:2311.08377},
  year={2023}
}

@article{lin2023ra,
  title={Ra-dit: Retrieval-augmented dual instruction tuning},
  author={Lin, Xi Victoria and Chen, Xilun and Chen, Mingda and Shi, Weijia and Lomeli, Maria and James, Rich and Rodriguez, Pedro and Kahn, Jacob and Szilvasy, Gergely and Lewis, Mike and others},
  journal={arXiv preprint arXiv:2310.01352},
  year={2023}
}

@online{ilin2023advanced,
    author = {Ilin, I.},
    title = {Advanced RAG Techniques: An Illustrated Overview},
    year = {2023},
    url = {https://pub.towardsai.net/advanced-rag-techniques-an-illustrated-overview-04d193d8fec6},
    urldate = {2023}
}

@article{asai2023self,
  title={Self-rag: Learning to retrieve, generate, and critique through self-reflection},
  author={Asai, Akari and Wu, Zeqiu and Wang, Yizhong and Sil, Avirup and Hajishirzi, Hannaneh},
  journal={arXiv preprint arXiv:2310.11511},
  year={2023}
}

@article{jiang2023active,
  title={Active retrieval augmented generation},
  author={Jiang, Zhengbao and Xu, Frank F and Gao, Luyu and Sun, Zhiqing and Liu, Qian and Dwivedi-Yu, Jane and Yang, Yiming and Callan, Jamie and Neubig, Graham},
  journal={arXiv preprint arXiv:2305.06983},
  year={2023}
}

@article{trivedi2022interleaving,
  title={Interleaving retrieval with chain-of-thought reasoning for knowledge-intensive multi-step questions},
  author={Trivedi, Harsh and Balasubramanian, Niranjan and Khot, Tushar and Sabharwal, Ashish},
  journal={arXiv preprint arXiv:2212.10509},
  year={2022}
}

@article{shao2023enhancing,
  title={Enhancing retrieval-augmented large language models with iterative retrieval-generation synergy},
  author={Shao, Zhihong and Gong, Yeyun and Shen, Yelong and Huang, Minlie and Duan, Nan and Chen, Weizhu},
  journal={arXiv preprint arXiv:2305.15294},
  year={2023}
}

@article{yu2023augmentation,
  title={Augmentation-adapted retriever improves generalization of language models as generic plug-in},
  author={Yu, Zichun and Xiong, Chenyan and Yu, Shi and Liu, Zhiyuan},
  journal={arXiv preprint arXiv:2305.17331},
  year={2023}
}

@article{modarressi2023ret,
  title={Ret-llm: Towards a general read-write memory for large language models},
  author={Modarressi, Ali and Imani, Ayyoob and Fayyaz, Mohsen and Sch{\"u}tze, Hinrich},
  journal={arXiv preprint arXiv:2305.14322},
  year={2023}
}

@article{wang2023enhancing,
  title={Enhancing large language model with self-controlled memory framework},
  author={Wang, Bing and Liang, Xinnian and Yang, Jian and Huang, Hui and Wu, Shuangzhi and Wu, Peihao and Lu, Lu and Ma, Zejun and Li, Zhoujun},
  journal={arXiv preprint arXiv:2304.13343},
  year={2023}
}

@article{xu2021beyond,
  title={Beyond goldfish memory: Long-term open-domain conversation},
  author={Xu, J},
  journal={arXiv preprint arXiv:2107.07567},
  year={2021}
}

@article{jang2023conversation,
  title={Conversation chronicles: Towards diverse temporal and relational dynamics in multi-session conversations},
  author={Jang, Jihyoung and Boo, Minseong and Kim, Hyounghun},
  journal={arXiv preprint arXiv:2310.13420},
  year={2023}
}

@inproceedings{papineni2002bleu,
  title={Bleu: a method for automatic evaluation of machine translation},
  author={Papineni, Kishore and Roukos, Salim and Ward, Todd and Zhu, Wei-Jing},
  booktitle={Proceedings of the 40th annual meeting of the Association for Computational Linguistics},
  pages={311--318},
  year={2002}
}

@inproceedings{rouge,
  title={Rouge: A package for automatic evaluation of summaries},
  author={Lin, Chin-Yew},
  booktitle={Text summarization branches out},
  pages={74--81},
  year={2004}
}

@inproceedings{meteor,
  title={METEOR: An automatic metric for MT evaluation with improved correlation with human judgments},
  author={Banerjee, Satanjeev and Lavie, Alon},
  booktitle={Proceedings of the acl workshop on intrinsic and extrinsic evaluation measures for machine translation and/or summarization},
  pages={65--72},
  year={2005}
}

@inproceedings{jin-etal-2024-impact,
    title = "The Impact of Reasoning Step Length on Large Language Models",
    author = "Jin, Mingyu  and
      Yu, Qinkai  and
      Shu, Dong  and
      Zhao, Haiyan  and
      Hua, Wenyue  and
      Meng, Yanda  and
      Zhang, Yongfeng  and
      Du, Mengnan",
    booktitle = "Findings of the Association for Computational Linguistics ACL 2024",
    month = aug,
    year = "2024",
    address = "Bangkok, Thailand and virtual meeting",
    url = "https://aclanthology.org/2024.findings-acl.108",
    pages = "1830--1842",
}

@article{xu2024slmrec,
  title={Slmrec: empowering small language models for sequential recommendation},
  author={Xu, Wujiang and Wu, Qitian and Liang, Zujie and Han, Jiaojiao and Ning, Xuying and Shi, Yunxiao and Lin, Wenfang and Zhang, Yongfeng},
  journal={arXiv preprint arXiv:2405.17890},
  year={2024}
}

@inproceedings{xu2024rethinking,
  title={Rethinking cross-domain sequential recommendation under open-world assumptions},
  author={Xu, Wujiang and Wu, Qitian and Wang, Runzhong and Ha, Mingming and Ma, Qiongxu and Chen, Linxun and Han, Bing and Yan, Junchi},
  booktitle={Proceedings of the ACM on Web Conference 2024},
  pages={3173--3184},
  year={2024}
}

@inproceedings{xu2023neural,
  title={Neural node matching for multi-target cross domain recommendation},
  author={Xu, Wujiang and Li, Shaoshuai and Ha, Mingming and Guo, Xiaobo and Ma, Qiongxu and Liu, Xiaolei and Chen, Linxun and Zhu, Zhenfeng},
  booktitle={2023 IEEE 39th International Conference on Data Engineering (ICDE)},
  pages={2154--2166},
  year={2023},
  organization={IEEE}
}

@article{wang2023brave,
  title={Brave the wind and the waves: Discovering robust and generalizable graph lottery tickets},
  author={Wang, Kun and Liang, Yuxuan and Li, Xinglin and Li, Guohao and Ghanem, Bernard and Zimmermann, Roger and Zhou, Zhengyang and Yi, Huahui and Zhang, Yudong and Wang, Yang},
  journal={IEEE Transactions on Pattern Analysis and Machine Intelligence},
  volume={46},
  number={5},
  pages={3388--3405},
  year={2023},
  publisher={IEEE}
}

@article{zhang2024gder,
  title={GDeR: Safeguarding Efficiency, Balancing, and Robustness via Prototypical Graph Pruning},
  author={Zhang, Guibin and Dong, Haonan and Zhang, Yuchen and Li, Zhixun and Chen, Dingshuo and Wang, Kai and Chen, Tianlong and Liang, Yuxuan and Cheng, Dawei and Wang, Kun},
  journal={arXiv preprint arXiv:2410.13761},
  year={2024}
}

@article{zhang2024g,
  title={G-designer: Architecting multi-agent communication topologies via graph neural networks},
  author={Zhang, Guibin and Yue, Yanwei and Sun, Xiangguo and Wan, Guancheng and Yu, Miao and Fang, Junfeng and Wang, Kun and Cheng, Dawei},
  journal={arXiv preprint arXiv:2410.11782},
  year={2024}
}


@article{zhang2024cut,
  title={Cut the crap: An economical communication pipeline for llm-based multi-agent systems},
  author={Zhang, Guibin and Yue, Yanwei and Li, Zhixun and Yun, Sukwon and Wan, Guancheng and Wang, Kun and Cheng, Dawei and Yu, Jeffrey Xu and Chen, Tianlong},
  journal={arXiv preprint arXiv:2410.02506},
  year={2024}
}


