@article{agentlite,
  title={AgentLite: A Lightweight Library for Building and Advancing Task-Oriented LLM Agent System},
  author={Liu, Zhiwei and Yao, Weiran and Zhang, Jianguo and Yang, Liangwei and Liu, Zuxin and Tan, Juntao and Choubey, Prafulla K and Lan, Tian and Wu, Jason and Wang, Huan and others},
  journal={arXiv preprint arXiv:2402.15538},
  year={2024}
}

@article{aios,
  title={AIOS: LLM agent operating system},
  author={Mei, Kai and Li, Zelong and Xu, Shuyuan and Ye, Ruosong and Ge, Yingqiang and Zhang, Yongfeng},
  journal={arXiv e-prints, pp. arXiv--2403},
  year={2024}
}

@article{asai2023self,
  title={Self-rag: Learning to retrieve, generate, and critique through self-reflection},
  author={Asai, Akari and Wu, Zeqiu and Wang, Yizhong and Sil, Avirup and Hajishirzi, Hannaneh},
  journal={arXiv preprint arXiv:2310.11511},
  year={2023}
}

@inproceedings{borgeaud2022improving,
  title={Improving language models by retrieving from trillions of tokens},
  author={Borgeaud, Sebastian and Mensch, Arthur and Hoffmann, Jordan and Cai, Trevor and Rutherford, Eliza and Millican, Katie and Van Den Driessche, George Bm and Lespiau, Jean-Baptiste and Damoc, Bogdan and Clark, Aidan and others},
  booktitle={International conference on machine learning},
  pages={2206--2240},
  year={2022},
  organization={PMLR}
}

@article{gao2023retrieval,
  title={Retrieval-augmented generation for large language models: A survey},
  author={Gao, Yunfan and Xiong, Yun and Gao, Xinyu and Jia, Kangxiang and Pan, Jinliu and Bi, Yuxi and Dai, Yi and Sun, Jiawei and Wang, Haofen},
  journal={arXiv preprint arXiv:2312.10997},
  year={2023}
}

@online{ilin2023advanced,
    author = {Ilin, I.},
    title = {Advanced RAG Techniques: An Illustrated Overview},
    year = {2023},
    url = {https://pub.towardsai.net/advanced-rag-techniques-an-illustrated-overview-04d193d8fec6},
    urldate = {2023}
}

@article{jiang2023active,
  title={Active retrieval augmented generation},
  author={Jiang, Zhengbao and Xu, Frank F and Gao, Luyu and Sun, Zhiqing and Liu, Qian and Dwivedi-Yu, Jane and Yang, Yiming and Callan, Jamie and Neubig, Graham},
  journal={arXiv preprint arXiv:2305.06983},
  year={2023}
}

@article{lin2023ra,
  title={Ra-dit: Retrieval-augmented dual instruction tuning},
  author={Lin, Xi Victoria and Chen, Xilun and Chen, Mingda and Shi, Weijia and Lomeli, Maria and James, Rich and Rodriguez, Pedro and Kahn, Jacob and Szilvasy, Gergely and Lewis, Mike and others},
  journal={arXiv preprint arXiv:2310.01352},
  year={2023}
}

@Misc{mem0,
  title =        {mem0: The Memory layer for AI Agents.},
  author =       {Dev, Khant and Taranjeet, Singh},
  howpublished = {\url{https://github.com/mem0ai/mem0}},
  year =         {2024}
}

@article{memgpt,
  title={Memgpt: Towards llms as operating systems},
  author={Packer, Charles and Wooders, Sarah and Lin, Kevin and Fang, Vivian and Patil, Shishir G and Stoica, Ion and Gonzalez, Joseph E},
  journal={arXiv preprint arXiv:2310.08560},
  year={2023}
}

@inproceedings{memorybank,
  title={Memorybank: Enhancing large language models with long-term memory},
  author={Zhong, Wanjun and Guo, Lianghong and Gao, Qiqi and Ye, He and Wang, Yanlin},
  booktitle={Proceedings of the AAAI Conference on Artificial Intelligence},
  volume={38},
  number={17},
  pages={19724--19731},
  year={2024}
}

@article{modarressi2023ret,
  title={Ret-llm: Towards a general read-write memory for large language models},
  author={Modarressi, Ali and Imani, Ayyoob and Fayyaz, Mohsen and Sch{\"u}tze, Hinrich},
  journal={arXiv preprint arXiv:2305.14322},
  year={2023}
}

@article{rag1,
  title={Retrieval-augmented generation for knowledge-intensive nlp tasks},
  author={Lewis, Patrick and Perez, Ethan and Piktus, Aleksandra and Petroni, Fabio and Karpukhin, Vladimir and Goyal, Naman and K{\"u}ttler, Heinrich and Lewis, Mike and Yih, Wen-tau and Rockt{\"a}schel, Tim and others},
  journal={Advances in Neural Information Processing Systems},
  volume={33},
  pages={9459--9474},
  year={2020}
}

@article{shao2023enhancing,
  title={Enhancing retrieval-augmented large language models with iterative retrieval-generation synergy},
  author={Shao, Zhihong and Gong, Yeyun and Shen, Yelong and Huang, Minlie and Duan, Nan and Chen, Weizhu},
  journal={arXiv preprint arXiv:2305.15294},
  year={2023}
}

@article{trivedi2022interleaving,
  title={Interleaving retrieval with chain-of-thought reasoning for knowledge-intensive multi-step questions},
  author={Trivedi, Harsh and Balasubramanian, Niranjan and Khot, Tushar and Sabharwal, Ashish},
  journal={arXiv preprint arXiv:2212.10509},
  year={2022}
}

@article{wang2023enhancing,
  title={Enhancing large language model with self-controlled memory framework},
  author={Wang, Bing and Liang, Xinnian and Yang, Jian and Huang, Hui and Wu, Shuangzhi and Wu, Peihao and Lu, Lu and Ma, Zejun and Li, Zhoujun},
  journal={arXiv preprint arXiv:2304.13343},
  year={2023}
}

@article{wang2023learning,
  title={Learning to filter context for retrieval-augmented generation},
  author={Wang, Zhiruo and Araki, Jun and Jiang, Zhengbao and Parvez, Md Rizwan and Neubig, Graham},
  journal={arXiv preprint arXiv:2311.08377},
  year={2023}
}

@article{yu2023augmentation,
  title={Augmentation-adapted retriever improves generalization of language models as generic plug-in},
  author={Yu, Zichun and Xiong, Chenyan and Yu, Shi and Liu, Zhiyuan},
  journal={arXiv preprint arXiv:2305.17331},
  year={2023}
}

@article{yu2023chain,
  title={Chain-of-note: Enhancing robustness in retrieval-augmented language models},
  author={Yu, Wenhao and Zhang, Hongming and Pan, Xiaoman and Ma, Kaixin and Wang, Hongwei and Yu, Dong},
  journal={arXiv preprint arXiv:2311.09210},
  year={2023}
}

