@misc{MAAInvitational2024,
  author={MAA},
  title={MAA Invitational Competitions},
  year={2024},
  month={February},
  howpublished={Mathematical Association of America},
  url={https://maa.org/maa-invitational-competitions}
}

@inproceedings{anand2024mm,
  title={MM-PhyQA: Multimodal Physics Question-Answering with Multi-image CoT Prompting},
  author={Anand, Avinash and Kapuriya, Janak and Singh, Apoorv and Saraf, Jay and Lal, Naman and Verma, Astha and Gupta, Rushali and Shah, Rajiv},
  booktitle={Pacific-Asia Conference on Knowledge Discovery and Data Mining},
  pages={53--64},
  year={2024},
  organization={Springer}
}

@article{bi2022pangu,
  title={Pangu-weather: A 3d high-resolution model for fast and accurate global weather forecast},
  author={Bi, Kaifeng and Xie, Lingxi and Zhang, Hengheng and Chen, Xin and Gu, Xiaotao and Tian, Qi},
  journal={arXiv preprint arXiv:2211.02556},
  year={2022}
}

@article{chen2023fengwu,
  title={Fengwu: Pushing the skillful global medium-range weather forecast beyond 10 days lead},
  author={Chen, Kang and Han, Tao and Gong, Junchao and Bai, Lei and Ling, Fenghua and Luo, Jing-Jia and Chen, Xi and Ma, Leiming and Zhang, Tianning and Su, Rui and others},
  journal={arXiv preprint arXiv:2304.02948},
  year={2023}
}

@article{chen2023fuxi,
  title={FuXi: A cascade machine learning forecasting system for 15-day global weather forecast},
  author={Chen, Lei and Zhong, Xiaohui and Zhang, Feng and Cheng, Yuan and Xu, Yinghui and Qi, Yuan and Li, Hao},
  journal={npj Climate and Atmospheric Science},
  volume={6},
  number={1},
  pages={190},
  year={2023},
  publisher={Nature Publishing Group UK London}
}

@Misc{claude3,
title = {The Claude 3 Model Family: Opus, Sonnet, Haiku},
author={Anthropic},
url={https://www-cdn.anthropic.com/de8ba9b01c9ab7cbabf5c33b80b7bbc618857627/Model_Card_Claude_3.pdf},
year = {2024},
}

@article{cobbe2021training,
  title={Training verifiers to solve math word problems},
  author={Cobbe, Karl and Kosaraju, Vineet and Bavarian, Mohammad and Chen, Mark and Jun, Heewoo and Kaiser, Lukasz and Plappert, Matthias and Tworek, Jerry and Hilton, Jacob and Nakano, Reiichiro and others},
  journal={arXiv preprint arXiv:2110.14168},
  year={2021}
}

@misc{deepmind_gemini_flash_thinking,
  author={Google DeepMind},
  title={Gemini 2.0 Flash Thinking Experimental},
  howpublished={\url{https://deepmind.google/technologies/gemini/flash-thinking/}},
  note={Accessed: 2025-01-28}
}

@misc{deepseekai2025deepseekr1incentivizingreasoningcapability,
      title={DeepSeek-R1: Incentivizing Reasoning Capability in LLMs via Reinforcement Learning}, 
      author={DeepSeek-AI and Daya Guo and Dejian Yang and Haowei Zhang and Junxiao Song and Ruoyu Zhang and Runxin Xu and Qihao Zhu and Shirong Ma and Peiyi Wang and Xiao Bi and Xiaokang Zhang and Xingkai Yu and Yu Wu and Z. F. Wu and Zhibin Gou and Zhihong Shao and Zhuoshu Li and Ziyi Gao and Aixin Liu and Bing Xue and Bingxuan Wang and Bochao Wu and Bei Feng and Chengda Lu and Chenggang Zhao and Chengqi Deng and Chenyu Zhang and Chong Ruan and Damai Dai and Deli Chen and Dongjie Ji and Erhang Li and Fangyun Lin and Fucong Dai and Fuli Luo and Guangbo Hao and Guanting Chen and Guowei Li and H. Zhang and Han Bao and Hanwei Xu and Haocheng Wang and Honghui Ding and Huajian Xin and Huazuo Gao and Hui Qu and Hui Li and Jianzhong Guo and Jiashi Li and Jiawei Wang and Jingchang Chen and Jingyang Yuan and Junjie Qiu and Junlong Li and J. L. Cai and Jiaqi Ni and Jian Liang and Jin Chen and Kai Dong and Kai Hu and Kaige Gao and Kang Guan and Kexin Huang and Kuai Yu and Lean Wang and Lecong Zhang and Liang Zhao and Litong Wang and Liyue Zhang and Lei Xu and Leyi Xia and Mingchuan Zhang and Minghua Zhang and Minghui Tang and Meng Li and Miaojun Wang and Mingming Li and Ning Tian and Panpan Huang and Peng Zhang and Qiancheng Wang and Qinyu Chen and Qiushi Du and Ruiqi Ge and Ruisong Zhang and Ruizhe Pan and Runji Wang and R. J. Chen and R. L. Jin and Ruyi Chen and Shanghao Lu and Shangyan Zhou and Shanhuang Chen and Shengfeng Ye and Shiyu Wang and Shuiping Yu and Shunfeng Zhou and Shuting Pan and S. S. Li and Shuang Zhou and Shaoqing Wu and Shengfeng Ye and Tao Yun and Tian Pei and Tianyu Sun and T. Wang and Wangding Zeng and Wanjia Zhao and Wen Liu and Wenfeng Liang and Wenjun Gao and Wenqin Yu and Wentao Zhang and W. L. Xiao and Wei An and Xiaodong Liu and Xiaohan Wang and Xiaokang Chen and Xiaotao Nie and Xin Cheng and Xin Liu and Xin Xie and Xingchao Liu and Xinyu Yang and Xinyuan Li and Xuecheng Su and Xuheng Lin and X. Q. Li and Xiangyue Jin and Xiaojin Shen and Xiaosha Chen and Xiaowen Sun and Xiaoxiang Wang and Xinnan Song and Xinyi Zhou and Xianzu Wang and Xinxia Shan and Y. K. Li and Y. Q. Wang and Y. X. Wei and Yang Zhang and Yanhong Xu and Yao Li and Yao Zhao and Yaofeng Sun and Yaohui Wang and Yi Yu and Yichao Zhang and Yifan Shi and Yiliang Xiong and Ying He and Yishi Piao and Yisong Wang and Yixuan Tan and Yiyang Ma and Yiyuan Liu and Yongqiang Guo and Yuan Ou and Yuduan Wang and Yue Gong and Yuheng Zou and Yujia He and Yunfan Xiong and Yuxiang Luo and Yuxiang You and Yuxuan Liu and Yuyang Zhou and Y. X. Zhu and Yanhong Xu and Yanping Huang and Yaohui Li and Yi Zheng and Yuchen Zhu and Yunxian Ma and Ying Tang and Yukun Zha and Yuting Yan and Z. Z. Ren and Zehui Ren and Zhangli Sha and Zhe Fu and Zhean Xu and Zhenda Xie and Zhengyan Zhang and Zhewen Hao and Zhicheng Ma and Zhigang Yan and Zhiyu Wu and Zihui Gu and Zijia Zhu and Zijun Liu and Zilin Li and Ziwei Xie and Ziyang Song and Zizheng Pan and Zhen Huang and Zhipeng Xu and Zhongyu Zhang and Zhen Zhang},
      year={2025},
      eprint={2501.12948},
      archivePrefix={arXiv},
      primaryClass={cs.CL},
      url={https://arxiv.org/abs/2501.12948}, 
}

@Misc{gpt4o,
title = {OpenAI GPT-4o},
author={OpenAI},
url={https://platform.openai.com/docs/models/gpt-4o},
year = {2024},
}

@article{hendrycks2021measuring,
  title={Measuring mathematical problem solving with the math dataset},
  author={Hendrycks, Dan and Burns, Collin and Kadavath, Saurav and Arora, Akul and Basart, Steven and Tang, Eric and Song, Dawn and Steinhardt, Jacob},
  journal={arXiv preprint arXiv:2103.03874},
  year={2021}
}

@article{jiang2024mixtral,
  title={Mixtral of experts},
  author={Jiang, Albert Q and Sablayrolles, Alexandre and Roux, Antoine and Mensch, Arthur and Savary, Blanche and Bamford, Chris and Chaplot, Devendra Singh and Casas, Diego de las and Hanna, Emma Bou and Bressand, Florian and others},
  journal={arXiv preprint arXiv:2401.04088},
  year={2024}
}

@article{lam2022graphcast,
  title={GraphCast: Learning skillful medium-range global weather forecasting},
  author={Lam, Remi and Sanchez-Gonzalez, Alvaro and Willson, Matthew and Wirnsberger, Peter and Fortunato, Meire and Alet, Ferran and Ravuri, Suman and Ewalds, Timo and Eaton-Rosen, Zach and Hu, Weihua and others},
  journal={arXiv preprint arXiv:2212.12794},
  year={2022}
}

@article{liang2022holistic,
  title={Holistic evaluation of language models},
  author={Liang, Percy and Bommasani, Rishi and Lee, Tony and Tsipras, Dimitris and Soylu, Dilara and Yasunaga, Michihiro and Zhang, Yian and Narayanan, Deepak and Wu, Yuhuai and Kumar, Ananya and others},
  journal={arXiv preprint arXiv:2211.09110},
  year={2022}
}

@article{manivannan2024climaqa,
  title={ClimaQA: An Automated Evaluation Framework for Climate Foundation Models},
  author={Manivannan, Veeramakali Vignesh and Jafari, Yasaman and Eranky, Srikar and Ho, Spencer and Yu, Rose and Watson-Parris, Duncan and Ma, Yian and Bergen, Leon and Berg-Kirkpatrick, Taylor},
  journal={arXiv preprint arXiv:2410.16701},
  year={2024}
}

@article{mirzadeh2024gsm,
  title={Gsm-symbolic: Understanding the limitations of mathematical reasoning in large language models},
  author={Mirzadeh, Iman and Alizadeh, Keivan and Shahrokhi, Hooman and Tuzel, Oncel and Bengio, Samy and Farajtabar, Mehrdad},
  journal={arXiv preprint arXiv:2410.05229},
  year={2024}
}

@article{nguyen2023climax,
  title={ClimaX: A foundation model for weather and climate},
  author={Nguyen, Tung and Brandstetter, Johannes and Kapoor, Ashish and Gupta, Jayesh K and Grover, Aditya},
  journal={arXiv preprint arXiv:2301.10343},
  year={2023}
}

@misc{openai_learning_to_reason_with_llms,
  author       = {OpenAI},
  title        = {Learning to Reason with LLMs},
  howpublished = {\url{https://openai.com/index/learning-to-reason-with-llms/}},
  note         = {Accessed: 2025-01-28}
}

@article{pathak2022fourcastnet,
  title={Fourcastnet: A global data-driven high-resolution weather model using adaptive fourier neural operators},
  author={Pathak, Jaideep and Subramanian, Shashank and Harrington, Peter and Raja, Sanjeev and Chattopadhyay, Ashesh and Mardani, Morteza and Kurth, Thorsten and Hall, David and Li, Zongyi and Azizzadenesheli, Kamyar and others},
  journal={arXiv preprint arXiv:2202.11214},
  year={2022}
}

@article{qian2024varbench,
  title={VarBench: Robust language model benchmarking through dynamic variable perturbation},
  author={Qian, Kun and Wan, Shunji and Tang, Claudia and Wang, Youzhi and Zhang, Xuanming and Chen, Maximillian and Yu, Zhou},
  journal={arXiv preprint arXiv:2406.17681},
  year={2024}
}

@misc{qwq-32b-preview,
    title = {QwQ: Reflect Deeply on the Boundaries of the Unknown},
    url = {https://qwenlm.github.io/blog/qwq-32b-preview/},
    author = {Qwen Team},
    month = {November},
    year = {2024}
}

@article{reid2024gemini,
  title={Gemini 1.5: Unlocking multimodal understanding across millions of tokens of context},
  author={Reid, Machel and Savinov, Nikolay and Teplyashin, Denis and Lepikhin, Dmitry and Lillicrap, Timothy and Alayrac, Jean-baptiste and Soricut, Radu and Lazaridou, Angeliki and Firat, Orhan and Schrittwieser, Julian and others},
  journal={arXiv:2403.05530},
  year={2024}
}

@article{rein2023gpqa,
  title={Gpqa: A graduate-level google-proof q\&a benchmark},
  author={Rein, David and Hou, Betty Li and Stickland, Asa Cooper and Petty, Jackson and Pang, Richard Yuanzhe and Dirani, Julien and Michael, Julian and Bowman, Samuel R},
  journal={arXiv preprint arXiv:2311.12022},
  year={2023}
}

@article{schwartz2024numerologic,
  title={NumeroLogic: Number Encoding for Enhanced LLMs' Numerical Reasoning},
  author={Schwartz, Eli and Choshen, Leshem and Shtok, Joseph and Doveh, Sivan and Karlinsky, Leonid and Arbelle, Assaf},
  journal={arXiv preprint arXiv:2404.00459},
  year={2024}
}

@article{singh2024tokenization,
title={Tokenization counts: the impact of tokenization on arithmetic in frontier llms},
author={Singh, Aaditya K and Strouse, DJ},
journal={arXiv preprint arXiv:2402.14903},
year={2024}
}

@article{thulke2024climategpt,
  title={Climategpt: Towards ai synthesizing interdisciplinary research on climate change},
  author={Thulke, David and Gao, Yingbo and Pelser, Petrus and Brune, Rein and Jalota, Rricha and Fok, Floris and Ramos, Michael and van Wyk, Ian and Nasir, Abdallah and Goldstein, Hayden and others},
  journal={arXiv preprint arXiv:2401.09646},
  year={2024}
}

@article{touvron2023llama,
  title={Llama 2: Open foundation and fine-tuned chat models},
  author={Touvron, Hugo and Martin, Louis and Stone, Kevin and Albert, Peter and Almahairi, Amjad and Babaei, Yasmine and Bashlykov, Nikolay and Batra, Soumya and Bhargava, Prajjwal and Bhosale, Shruti and others},
  journal={arXiv preprint arXiv:2307.09288},
  year={2023}
}

@article{wang2023scibench,
  title={Scibench: Evaluating college-level scientific problem-solving abilities of large language models},
  author={Wang, Xiaoxuan and Hu, Ziniu and Lu, Pan and Zhu, Yanqiao and Zhang, Jieyu and Subramaniam, Satyen and Loomba, Arjun R and Zhang, Shichang and Sun, Yizhou and Wang, Wei},
  journal={arXiv preprint arXiv:2307.10635},
  year={2023}
}

@article{webersinke2021climatebert,
  title={Climatebert: A pretrained language model for climate-related text},
  author={Webersinke, Nicolas and Kraus, Mathias and Bingler, Julia Anna and Leippold, Markus},
  journal={arXiv preprint arXiv:2110.12010},
  year={2021}
}

@article{yang2024number,
  title={Number Cookbook: Number Understanding of Language Models and How to Improve It},
  author={Yang, Haotong and Hu, Yi and Kang, Shijia and Lin, Zhouchen and Zhang, Muhan},
  journal={arXiv preprint arXiv:2411.03766},
  year={2024}
}

@misc{zhang2022opt,
      title={OPT: Open Pre-trained Transformer Language Models}, 
      author={Susan Zhang and Stephen Roller and Naman Goyal and Mikel Artetxe and Moya Chen and Shuohui Chen and Christopher Dewan and Mona Diab and Xian Li and Xi Victoria Lin and Todor Mihaylov and Myle Ott and Sam Shleifer and Kurt Shuster and Daniel Simig and Punit Singh Koura and Anjali Sridhar and Tianlu Wang and Luke Zettlemoyer},
      year={2022},
      eprint={2205.01068},
      archivePrefix={arXiv},
      primaryClass={cs.CL}
}

@article{zhang2024opportunities,
  title={On the Opportunities of (Re)-Exploring Atmospheric Science by Foundation Models: A Case Study},
  author={Zhang, Lujia and Cui, Hanzhe and Song, Yurong and Li, Chenyue and Yuan, Binhang and Lu, Mengqian},
  journal={arXiv preprint arXiv:2407.17842},
  year={2024}
}

