@article{alaya2022theoretical,
  title={Theoretical guarantees for bridging metric measure embedding and optimal transport},
  author={Alaya, Mokhtar Z and B{\'e}rar, Maxime and Gasso, Gilles and Rakotomamonjy, Alain},
  journal={Neurocomputing},
  volume={468},
  pages={416--430},
  year={2022},
  publisher={Elsevier}
}

@inproceedings{alvarez2019towards,
  title={Towards optimal transport with global invariances},
  author={Alvarez-Melis, David and Jegelka, Stefanie and Jaakkola, Tommi S},
    pages={1870--1879},
    year={2019},
    organization={PMLR},
    booktitle = {International Conference on Artificial Intelligence and Statistics (AISTATS)},
    series = {Proceedings of Machine Learning Research},
    volume = {89}
}

@inproceedings{amodio2018magan,
  title={{MAGAN}: Aligning biological manifolds},
  author={Amodio, Matthew and Krishnaswamy, Smita},
  booktitle={International Conference on Machine Learning (ICML)},
  pages={215--223},
  year={2018},
  organization={PMLR}
}

@article{cao2020unsupervised,
    author = {Cao, Kai and Bai, Xiangqi and Hong, Yiguang and Wan, Lin},
    title = {Unsupervised topological alignment for single-cell multi-omics integration},
    journal = {Bioinformatics},
    volume = {36},
    number = {1},
    pages = {i48--i56},
    year = {2020}
}

@article{cao2022manifold,
  title={Manifold alignment for heterogeneous single-cell multi-omics data integration using {Pamona}},
  author={Cao, Kai and Hong, Yiguang and Wan, Lin},
  journal={Bioinformatics},
  volume={38},
  number={1},
  pages={211--219},
  year={2022},
  publisher={Oxford University Press}
}

@incollection{carroll1998multidimensional,
  title={Multidimensional scaling},
  author={Carroll, J Douglas and Arabie, Phipps},
  editor = {Birnbaum, Michael H.},
  booktitle={Measurement, Judgment and Decision Making},
  pages={179--250},
  year={1998},
  publisher={Elsevier}
}

@inproceedings{chen2023unsupervised,
  title={Unsupervised Manifold Alignment with Joint Multidimensional Scaling},
  author={Chen, Dexiong and Fan, Bowen and Oliver, Carlos and Borgwardt, Karsten},
  booktitle={International Conference on Learning Representations (ICLR)},
  year={2023},
publisher={OpenReview}
}

@inproceedings{cui2014generalized,
  title={Generalized unsupervised manifold alignment},
  author={Cui, Zhen and Chang, Hong and Shan, Shiguang and Chen, Xilin},
  booktitle={Advances in Neural Information Processing Systems  (NeurIPS)},
  volume={27},
  year={2014},
	publisher = {Curran Associates, Inc.},
}

@article{demetci2022scot,
  title={{SCOT}: single-cell multi-omics alignment with optimal transport},
  author={Demetci, Pinar and Santorella, Rebecca and Sandstede, Bj{\"o}rn and Noble, William Stafford and Singh, Ritambhara},
  journal={J. Comput. Biol.},
  volume={29},
  number={1},
  pages={3--18},
  year={2022},
  publisher={Mary Ann Liebert, Inc.}
}

@inproceedings{dengneuc,
  title={Neuc-{MDS}: Non-{E}uclidean Multidimensional Scaling Through Bilinear Forms},
  author={Deng, Chengyuan and Gao, Jie and Lu, Kevin and Luo, Feng and Sun, Hongbin and Xin, Cheng},
  booktitle={Advances on Neural Information Processing Systems (NeurIPS)},
year={2024},
  publisher =	 {Curran Associates, Inc.},
volume = 38,
}

@InProceedings{grave2019unsupervised,
title = 	 {Unsupervised Alignment of Embeddings with {W}asserstein Procrustes},
author =       {Grave, Edouard and Joulin, Armand and Berthet, Quentin},
pages = 	 {1880--1890},
editor = 	 {Chaudhuri, Kamalika and Sugiyama, Masashi},
booktitle = {International Conference on Artificial Intelligence and Statistics (AISTATS)},
series = {Proceedings of Machine Learning Research},
volume = {89},
year={2019},
organization={PMLR}
}

@article{greenacre2022principal,
  title={Principal component analysis},
  author={Greenacre, Michael and Groenen, Patrick JF and Hastie, Trevor and dâ€™Enza, Alfonso Iodice and Markos, Angelos and Tuzhilina, Elena},
  journal={Nat. Rev. Methods Primers},
  volume={2},
  number={1},
  pages={100},
  year={2022},
  publisher={Nature Publishing Group UK London}
}

@article{kingma2019introduction,
  title={An introduction to variational autoencoders},
  author={Kingma, Diederik P and Welling, Max and others},
  journal={Found. Trends Theor. Comput. Sci.},
  volume={12},
  number={4},
  pages={307--392},
  year={2019},
  publisher={Now Publishers, Inc.}
}

@inproceedings{liu2019jointly,
  title={Jointly embedding multiple single-cell omics measurements},
  author={Liu, Jie and Huang, Yuanhao and Singh, Ritambhara and Vert, Jean-Philippe and Noble, William Stafford},
  booktitle={19th International Workshop on Algorithms in Bioinformatics (WABI 2019)},
  series = {Leibniz International Proceedings in Informatics (LIPIcs)},
  volume={143},
  year={2019},
  pages={10:1-10:13}
}

@article{mcinnes2018umap,
  title={{UMAP}: Uniform Manifold Approximation and Projection},
  author={McInnes, Leland and Healy, John and Saul, Nathaniel and Gro{\ss}berger, Lukas},
  journal={J. Open Source Softw.},
  volume={3},
  number={29},
  year={2018}
}

@article{memoli2011gromov,
  title =	 {{G}romov--{W}asserstein distances and the metric
                  approach to object matching},
  author =	 {M{\'e}moli, Facundo},
  fjournal =	 {Foundations of Computational Mathematics},
  journal =	 {Found. Comput. Math.},
  volume =	 11,
  number =	 4,
  pages =	 {417--487},
  year =	 2011,
  publisher =	 {Springer}
}

@inproceedings{paty2019subspace,
  title={Subspace robust {W}asserstein distances},
  author={Paty, Fran{\c{c}}ois-Pierre and Cuturi, Marco},
  booktitle={International Conference on Machine Learning (ICML)},
  pages={5072--5081},
  year={2019},
  organization={PMLR}
}

@article{roweis2000nonlinear,
  title={Nonlinear dimensionality reduction by locally linear embedding},
  author={Roweis, Sam T and Saul, Lawrence K},
  journal={Science},
  volume={290},
  number={5500},
  pages={2323--2326},
  year={2000},
  publisher={American Association for the Advancement of Science}
}

@article{sturm2006,
	author = {Karl-Theodor Sturm},
	journal = {Acta Mathematica},
	number = {1},
	pages = {65 -- 131},
	publisher = {Institut Mittag-Leffler},
	title = {{On the geometry of metric measure spaces}},
	volume = {196},
	year = {2006}
}

@article{van2008visualizing,
  title={Visualizing data using t-{SNE}.},
  author={Van der Maaten, Laurens and Hinton, Geoffrey},
  journal={JMLR},
  volume={9},
  number={86},
  pages={2579--2605},
  year={2008}
}

