%BOOKS:
@book{munkres2000topology,
  title={Topology},
  author={Munkres, J.R.},
  series={Featured Titles for Topology},
  year={2000},
  publisher={Prentice Hall, Incorporated}
}

@book{bogachev_weak,
  AUTHOR =	 {Bogachev, Vladimir I.},
  TITLE =	 {Weak convergence of measures},
  SERIES =	 {Mathematical Surveys and Monographs},
  number =	 234,
  PUBLISHER =	 {American Mathematical Society, Providence, RI},
  YEAR =	 2018,
}

@book{mordukhovich2022convex,
  title={Convex analysis and beyond},
  author={Mordukhovich, Boris S and Nam, Nguyen Mau},
  year={2022},
  publisher={Springer}
}

@Book{ambrosio2005,
  title =	 {Gradient Flows in Metric Spaces and in the Space of
                  Probability Measures},
  publisher =	 {Birkh\"auser, Basel},
  year =	 2005,
  author =	 {Ambrosio, Luigi and Gigli, Nicola and Savar\'e,
                  Giuseppe},
  isbn =	 {978-3-7643-2428-5; 3-7643-2428-7},
  mrclass =	 {49-02 (28A33 35K55 35K90 49Q20 60B10)},
  mrnumber =	 2129498
}

#ARTICLES
@article{CLZ2019,
    author = {Chen, Song and Lake, Blue B. and Zhang, Kun},
    title = {High-throughput sequencing of the transcriptome and chromatin accessibility in the same cell},
    journal = {Nat. Biotechnol.},
    year = {2019},
    volume= 37,
    pages = {1452--1457}
}

@article{CCT+2016,
    author = {Cheow, Lih Feng
                and Courtois, Elise T
                and Tan, Yuliana
                and Viswanathan, Ramya
                and Xing, Qiaorui
                and Tan, Rui Zhen
                and Tan, Daniel S. W.
                and Robson, Paul
                and Loh, Yuin-Han
                and Quake, Stephen R.
                and Burkholder, William F.},
    title = {Single-cell multimodal profiling reveals cellular epigenetic heterogeneity},
    journal = {Nat. Methods},
    year = {2016},
    volume = 13,
    pages = {833--836}
}

@article{BLNS2021,
    author = {Florian Beier and Johannes von Lindheim and Sebastian Neumayer and Gabriele Steidl},
    title = {Unbalanced multi-marginal optimal transport},
    journal = {J. Math. Imaging Vision},
    year = {2022},
    volume = {65},
    pages = {394--413},
}


@article{memoli2011gromov,
  title =	 {{G}romov--{W}asserstein distances and the metric
                  approach to object matching},
  author =	 {M{\'e}moli, Facundo},
  fjournal =	 {Foundations of Computational Mathematics},
  journal =	 {Found. Comput. Math.},
  volume =	 11,
  number =	 4,
  pages =	 {417--487},
  year =	 2011,
  publisher =	 {Springer}
}

@article{sturm2006,
	author = {Karl-Theodor Sturm},
	journal = {Acta Mathematica},
	number = {1},
	pages = {65 -- 131},
	publisher = {Institut Mittag-Leffler},
	title = {{On the geometry of metric measure spaces}},
	volume = {196},
	year = {2006}
}

@article{BBS2022multi,
    author = {Beier, Florian and Beinert, Robert and Steidl, Gabriele},
    title = "{Multi-marginal {G}romov--{W}asserstein transport and barycentres}",
    journal = {Inf. Inference},
    volume = {12},
    number = {4},
    pages = {2753--2781},
    year = {2023},
    month = {10},
    issn = {2049-8772}
}



@article{memoli2023characterization,
  title={Characterization of Gromov-type geodesics},
  author={M{\'e}moli, Facundo and Wan, Zhengchao},
  journal={Differential Geometry and its Applications},
  volume={88},
  pages={102006},
  year={2023},
  publisher={Elsevier}
}

@book{sturm2023space,
    AUTHOR = {Sturm, Karl-Theodor},
     TITLE = {The space of spaces: curvature bounds and gradient flows on
              the space of metric measure spaces},
   series = {Memoirs of the American Mathematical Society},
    VOLUME = {290},
      YEAR = {2023},
    hideNUMBER = {1443},
    publisher = {American Mathematical Society},
    address = {Providence},
}


@article{PC_book,
	author = {Gabriel Peyr{\'e} and Marco Cuturi},
	issn = {1935-8237},
	journal = {Foundations and Trends{\textregistered} in Machine Learning},
	number = {5 -- 6},
	pages = {355 -- 607},
	title = {Computational Optimal Transport: With Applications to Data Science},
	volume = {11},
	year = {2019}
}


#PROCEEDINGS
@inproceedings{faust,
      title = {{FAUST}: Dataset and evaluation for {3D} mesh registration},
      author = {Bogo, Federica and Romero, Javier and Loper, Matthew and Black, Michael J.},
      booktitle = {IEEE Conference on Computer Vision and Pattern Recognition (CVPR)},
      eventaddress = {Piscataway, NJ, USA},
      publisher = {IEEE},
      month = jun,
      year = {2014}
}

@article{dijkstra2022note,
  title={A note on two problems in connexion with graphs},
  author={Dijkstra, Edsger W.},
  journal = {Numer. Math.},
    volume = 1,
    pages = {269--271},
    year = 1959
}


@inproceedings{feydy2017optimal,
  title={Optimal transport for diffeomorphic registration},
  author={Feydy, Jean and Charlier, Benjamin and Vialard, Fran{\c{c}}ois-Xavier and Peyr{\'e}, Gabriel},
  booktitle={MICCAI Proceedings},
  eventtitle={International Conference on Medical Image Computing and Computer Assisted Intervention (MICCAI)},
  venue = {Quebec City, Canada},
  pages={291--299},
  year={2017},
  organization={Springer}
} 

@inproceedings{alvarez2019towards,
  title={Towards optimal transport with global invariances},
  author={Alvarez-Melis, David and Jegelka, Stefanie and Jaakkola, Tommi S},
    pages={1870--1879},
    year={2019},
    organization={PMLR},
    booktitle = {International Conference on Artificial Intelligence and Statistics (AISTATS)},
    series = {Proceedings of Machine Learning Research},
    volume = {89}
}

@inproceedings{zhang2017earth,
title={Earth mover’s distance minimization for unsupervised bilingual lexicon induction},
author={Zhang, Meng and Liu, Yang and Luan, Huanbo and Sun, Maosong},
booktitle = {Conference on Empirical Methods in Natural Language Processing (EMNLP)},
eventtitle={Proceedings of the 2017 Conference on Empirical Methods in Natural Language Processing},
pages={1934--1945},
year={2017},
eventdate={2017},
publisher = {Association for Computational Linguistics}
}

@InProceedings{grave2019unsupervised,
title = 	 {Unsupervised Alignment of Embeddings with {W}asserstein Procrustes},
author =       {Grave, Edouard and Joulin, Armand and Berthet, Quentin},
pages = 	 {1880--1890},
editor = 	 {Chaudhuri, Kamalika and Sugiyama, Masashi},
booktitle = {International Conference on Artificial Intelligence and Statistics (AISTATS)},
series = {Proceedings of Machine Learning Research},
volume = {89},
year={2019},
organization={PMLR}
}

@inproceedings{vayer_COOT,
	author = {Vayer, Titouan and Redko, Ievgen and Flamary, R\'{e}mi and Courty, Nicolas},
	booktitle = {Advances in Neural Information Processing Systems (NeurIPS)},
    venue = {virtual},
    eventdate = {2020},
	editor = {H. Larochelle and M. Ranzato and R. Hadsell and M.F. Balcan and H. Lin},
	pages = {17559--17570},
    series = {Advances in Neural Information Processing Systems},
	publisher = {Curran Associates, Inc.},
	title = {CO-Optimal Transport},
	volume = {33},
	year = {2020},
}

@InProceedings{PCS2016,
  title =	 {{G}romov--{W}asserstein averaging of kernel and
                  distance matrices},
  author =	 {G. Peyr\'e and M. Cuturi and J. Solomon},
  booktitle =	 {International Conference on Machine Learning (ICML)},
editor = {Maria Florina Balcan and Kilian Q. Weinberger},
eventtitle={33rd International Conference on Machine Learning},
eventdate = {2016},
venue = {New York, USA},
volume = {48},
series = {Proceedings of Machine Learning Research},
  pages =	 {2664--2672},
  year =	 2016,
publisher = {PMLR}
}

@inproceedings{SejViaPey21,
  author =	 {Thibault Séjourné and Francois-Xavier Vialard and
                  Gabriel Peyr\'e},
  publisher =	 {Curran Associates, Inc.},
  title =	 {The Unbalanced {G}romov--{W}asserstein Distance:
                  Conic Formulation and Relaxation},
  eventtitle = {35th Conference on Neural Information Processing Systems},
  venue = {virtual},
  eventdate = {2021},
  booktitle = {Advances in Neural Information Processing Systems (NeurIPS)},
  editor = {M. Ranzato and A. Beygelzimer and Y. Dauphin and P.S. Liang and J. Wortman Vaughan},
  series =	 {Advances in Neural Information Processing Systems},
  volume =	 34,
  year =	 2021
}



% Dimensionality Reduction
@article{greenacre2022principal,
  title={Principal component analysis},
  author={Greenacre, Michael and Groenen, Patrick JF and Hastie, Trevor and d’Enza, Alfonso Iodice and Markos, Angelos and Tuzhilina, Elena},
  journal={Nat. Rev. Methods Primers},
  volume={2},
  number={1},
  pages={100},
  year={2022},
  publisher={Nature Publishing Group UK London}
}

@incollection{carroll1998multidimensional,
  title={Multidimensional scaling},
  author={Carroll, J Douglas and Arabie, Phipps},
  editor = {Birnbaum, Michael H.},
  booktitle={Measurement, Judgment and Decision Making},
  pages={179--250},
  year={1998},
  publisher={Elsevier}
}

@article{roweis2000nonlinear,
  title={Nonlinear dimensionality reduction by locally linear embedding},
  author={Roweis, Sam T and Saul, Lawrence K},
  journal={Science},
  volume={290},
  number={5500},
  pages={2323--2326},
  year={2000},
  publisher={American Association for the Advancement of Science}
}

@article{tenenbaum1997mapping,
  title={Mapping a manifold of perceptual observations},
  author={Tenenbaum, Joshua},
  journal={Advances in Neural Information Processing Systems (NeurIPS)},
  volume={10},
  year={1997},
  publisher =	 {Curran Associates, Inc.}
}

@article{belkin2003laplacian,
  title={Laplacian eigenmaps for dimensionality reduction and data representation},
  author={Belkin, Mikhail and Niyogi, Partha},
  journal={Neural Computation},
  volume={15},
  number={6},
  pages={1373--1396},
  year={2003},
  publisher={MIT Press}
}

@article{coifman2006diffusion,
  title={Diffusion maps},
  author={Coifman, Ronald R and Lafon, St{\'e}phane},
  journal={Applied and Computational Harmonic Analysis},
  volume={21},
  number={1},
  pages={5--30},
  year={2006},
  publisher={Elsevier}
}

@article{vayer2020fused,
  title={Fused {Gromov}--{Wasserstein} distance for structured objects},
  author={Vayer, Titouan and Chapel, Laetitia and Flamary, R{\'e}mi and Tavenard, Romain and Courty, Nicolas},
  journal={Algorithms},
  volume={13},
  number={9},
  pages={212},
  year={2020},
  publisher={MDPI}
}

@article{beier2024tangential,
  title={Tangential Fixpoint Iterations for {Gromov}--{Wasserstein} Barycenters},
  author={Beier, Florian and Beinert, Robert},
  journal={arXiv preprint arXiv:2403.08612},
  year={2024}
}


@article{lawrence2005probabilistic,
  title={Probabilistic non-linear principal component analysis with {G}aussian process latent variable models.},
  author={Lawrence, Neil and Hyv{\"a}rinen, Aapo},
  journal={Journal of Machine Learning Research},
  volume={6},
  number={11},
  year={2005}
}

@article{van2008visualizing,
  title={Visualizing data using t-{SNE}.},
  author={Van der Maaten, Laurens and Hinton, Geoffrey},
  journal={JMLR},
  volume={9},
  number={86},
  pages={2579--2605},
  year={2008}
}


@article{becht2019dimensionality,
  title={Dimensionality reduction for visualizing single-cell data using {UMAP}},
  author={Becht, Etienne and McInnes, Leland and Healy, John and Dutertre, Charles-Antoine and Kwok, Immanuel WH and Ng, Lai Guan and Ginhoux, Florent and Newell, Evan W},
  journal={Nature Biotechnology},
  volume={37},
  number={1},
  pages={38--44},
  year={2019},
  publisher={Nature Publishing Group US New York}
}

@article{kingma2019introduction,
  title={An introduction to variational autoencoders},
  author={Kingma, Diederik P and Welling, Max and others},
  journal={Found. Trends Theor. Comput. Sci.},
  volume={12},
  number={4},
  pages={307--392},
  year={2019},
  publisher={Now Publishers, Inc.}
}

@inproceedings{yuksel2021latentclr,
  title={{LatentCLR}: A contrastive learning approach for unsupervised discovery of interpretable directions},
  author={Y{\"u}ksel, O{\u{g}}uz Kaan and Simsar, Enis and Er, Ezgi G{\"u}lperi and Yanardag, Pinar},
  booktitle={IEEE/CVF International Conference on Computer Vision (ICCV)},
publisher={IEEE},
  pages={14263--14272},
  year={2021}
}

@inproceedings{severson2019unsupervised,
  title={Unsupervised learning with contrastive latent variable models},
  author={Severson, Kristen A and Ghosh, Soumya and Ng, Kenney},
  booktitle={AAAI Conference on Artificial Intelligence (AAAI)},
  volume={33},
  number={01},
  pages={4862--4869},
  year={2019}
}

@inproceedings{patel2021lt,
  title={{LT-GAN}: Self-supervised gan with latent transformation detection},
  author={Patel, Parth and Kumari, Nupur and Singh, Mayank and Krishnamurthy, Balaji},
  booktitle={IEEE/CVF Winter Conference on Applications of Computer Vision (WACV)},
  publisher={IEEE},
  pages={3189--3198},
  year={2021}
}

@inproceedings{fernandez2022watermarking,
  title={Watermarking images in self-supervised latent spaces},
  author={Fernandez, Pierre and Sablayrolles, Alexandre and Furon, Teddy and J{\'e}gou, Herv{\'e} and Douze, Matthijs},
  booktitle={IEEE International Conference on Acoustics, Speech and Signal Processing (ICASSP)},
  pages={3054--3058},
  year={2022},
  publisher={IEEE}
}


% comparison of latent spaces

@inproceedings{liu2020latentvis,
  title={{LatentVis}: Investigating and Comparing Variational Auto-Encoders via Their Latent Space.},
  author={Liu, Xiao and Wang, Junpeng},
  booktitle={Conference on Information and Knowledge Management (CIKM) Workshops},
  year={2020}
}

@article{asperti2023comparing,
  title={Comparing the latent space of generative models},
  author={Asperti, Andrea and Tonelli, Valerio},
  journal={Neural Computing and Applications},
  volume={35},
  number={4},
  pages={3155--3172},
  year={2023},
  publisher={Springer}
}

@article{you2022comparing,
  title={Comparing multiple latent space embeddings using topological analysis},
  author={You, Kisung and Kim, Ilmun and Jin, Ick Hoon and Jeon, Minjeong and Shung, Dennis},
  journal={arXiv preprint arXiv:2208.12435},
  year={2022}
}

@inproceedings{liu2019latent,
  title={Latent space cartography: Visual analysis of vector space embeddings},
  author={Liu, Yang and Jun, Eunice and Li, Qisheng and Heer, Jeffrey},
  booktitle={Computer Graphics Forum},
  volume={38},
  number={3},
  pages={67--78},
  year={2019},
  organization={Wiley Online Library}
}

% invariant to

@inproceedings{paty2019subspace,
  title={Subspace robust {W}asserstein distances},
  author={Paty, Fran{\c{c}}ois-Pierre and Cuturi, Marco},
  booktitle={International Conference on Machine Learning (ICML)},
  pages={5072--5081},
  year={2019},
  organization={PMLR}
}

@inproceedings{sotiropoulou2024strongly,
  title={Strongly Isomorphic Neural Optimal Transport Across Incomparable Spaces},
  author={Sotiropoulou, Athina and Alvarez-Melis, David},
  booktitle={International Conference on Machine Learning (ICML) 2024 Workshop on Geometry-grounded Representation Learning and Generative Modeling},
  publisher={PMLR}
}

@article{alaya2022theoretical,
  title={Theoretical guarantees for bridging metric measure embedding and optimal transport},
  author={Alaya, Mokhtar Z and B{\'e}rar, Maxime and Gasso, Gilles and Rakotomamonjy, Alain},
  journal={Neurocomputing},
  volume={468},
  pages={416--430},
  year={2022},
  publisher={Elsevier}
}


@inproceedings{chen2023unsupervised,
  title={Unsupervised Manifold Alignment with Joint Multidimensional Scaling},
  author={Chen, Dexiong and Fan, Bowen and Oliver, Carlos and Borgwardt, Karsten},
  booktitle={International Conference on Learning Representations (ICLR)},
  year={2023},
publisher={OpenReview}
}

@article{cao2020unsupervised,
    author = {Cao, Kai and Bai, Xiangqi and Hong, Yiguang and Wan, Lin},
    title = {Unsupervised topological alignment for single-cell multi-omics integration},
    journal = {Bioinformatics},
    volume = {36},
    number = {1},
    pages = {i48--i56},
    year = {2020}
}

@inproceedings{amodio2018magan,
  title={{MAGAN}: Aligning biological manifolds},
  author={Amodio, Matthew and Krishnaswamy, Smita},
  booktitle={International Conference on Machine Learning (ICML)},
  pages={215--223},
  year={2018},
  organization={PMLR}
}

@inproceedings{liu2019jointly,
  title={Jointly embedding multiple single-cell omics measurements},
  author={Liu, Jie and Huang, Yuanhao and Singh, Ritambhara and Vert, Jean-Philippe and Noble, William Stafford},
  booktitle={19th International Workshop on Algorithms in Bioinformatics (WABI 2019)},
  series = {Leibniz International Proceedings in Informatics (LIPIcs)},
  volume={143},
  year={2019},
  pages={10:1-10:13}
}

@inproceedings{dengneuc,
  title={Neuc-{MDS}: Non-{E}uclidean Multidimensional Scaling Through Bilinear Forms},
  author={Deng, Chengyuan and Gao, Jie and Lu, Kevin and Luo, Feng and Sun, Hongbin and Xin, Cheng},
  booktitle={Advances on Neural Information Processing Systems (NeurIPS)},
year={2024},
  publisher =	 {Curran Associates, Inc.},
volume = 38,
}


@article{mcinnes2018umap,
  title={{UMAP}: Uniform Manifold Approximation and Projection},
  author={McInnes, Leland and Healy, John and Saul, Nathaniel and Gro{\ss}berger, Lukas},
  journal={J. Open Source Softw.},
  volume={3},
  number={29},
  year={2018}
}


@article{MNIST,
  title={Gradient-based learning applied to document recognition},
  author={LeCun, Yann and Bottou, L{\'e}on and Bengio, Yoshua and Haffner, Patrick},
  journal={Proceedings of the IEEE},
  volume={86},
  number={11},
  pages={2278--2324},
  year={1998},
  publisher={IEEE}
}

@article{FMNIST,
  title={{Fashion-MNIST}: A Novel Image Dataset for Benchmarking Machine Learning Algorithms},
  author={Xiao, Han and Rasul, Kashif and Vollgraf, Roland},
  journal={arXiv preprint arXiv:1708.07747},
  year={2017}
}



@article{demetci2022scot,
  title={{SCOT}: single-cell multi-omics alignment with optimal transport},
  author={Demetci, Pinar and Santorella, Rebecca and Sandstede, Bj{\"o}rn and Noble, William Stafford and Singh, Ritambhara},
  journal={J. Comput. Biol.},
  volume={29},
  number={1},
  pages={3--18},
  year={2022},
  publisher={Mary Ann Liebert, Inc.}
}


@inproceedings{cui2014generalized,
  title={Generalized unsupervised manifold alignment},
  author={Cui, Zhen and Chang, Hong and Shan, Shiguang and Chen, Xilin},
  booktitle={Advances in Neural Information Processing Systems  (NeurIPS)},
  volume={27},
  year={2014},
	publisher = {Curran Associates, Inc.},
}



@inproceedings{alvarez2021dataset,
  title={Dataset dynamics via gradient flows in probability space},
  author={Alvarez-Melis, David and Fusi, Nicol{\`o}},
  booktitle={International conference on machine learning},
  pages={219--230},
  year={2021},
  organization={PMLR}
}


@article{alvarez2020geometric,
  title={Geometric dataset distances via optimal transport},
  author={Alvarez-Melis, David and Fusi, Nicolo},
  journal={Advances in Neural Information Processing Systems  (NeurIPS)},
  volume={33},
  pages={21428--21439},
  year={2020},
	publisher = {Curran Associates, Inc.},
}

@article{
salmona2023gromov,
title={{Gromov}--{Wasserstein}-like Distances in the {Gaussian} Mixture Models Space},
author={Antoine Salmona and Agnes Desolneux and Julie Delon},
journal={TMLR},
year={2024},
hideurl={https://openreview.net/forum?id=7t7fJT4Gym},
}

 @article{pedregosa2011scikit,
  title={Scikit-learn: Machine learning in {P}ython},
  author={Pedregosa, Fabian and Varoquaux, Ga{\"e}l and Gramfort, Alexandre and Michel, Vincent and Thirion, Bertrand and Grisel, Olivier and Blondel, Mathieu and Prettenhofer, Peter and Weiss, Ron and Dubourg, Vincent and others},
  journal={JMLR},
  volume={12},
  pages={2825--2830},
  year={2011}
} 

@article{cao2022manifold,
  title={Manifold alignment for heterogeneous single-cell multi-omics data integration using {Pamona}},
  author={Cao, Kai and Hong, Yiguang and Wan, Lin},
  journal={Bioinformatics},
  volume={38},
  number={1},
  pages={211--219},
  year={2022},
  publisher={Oxford University Press}
}

@article{cuturi2014ground,
  title={Ground metric learning},
  author={Cuturi, Marco and Avis, David},
  journal={JMLR},
  volume={15},
  number={1},
  pages={533--564},
  year={2014},
  publisher={JMLR. org}
}

@article{heitz2021ground,
  title={Ground metric learning on graphs},
  author={Heitz, Matthieu and Bonneel, Nicolas and Coeurjolly, David and Cuturi, Marco and Peyr{\'e}, Gabriel},
  journal={J. Math. Imaging Vision},
  volume={63},
  pages={89--107},
  year={2021},
  publisher={Springer}
}
