@article{agostinelli2023musiclm,
  title={Musiclm: Generating music from text},
  author={Agostinelli, Andrea and Denk, Timo I and Borsos, Zal{\'a}n and Engel, Jesse and Verzetti, Mauro and Caillon, Antoine and Huang, Qingqing and Jansen, Aren and Roberts, Adam and Tagliasacchi, Marco and others},
  journal={arXiv preprint arXiv:2301.11325},
  year={2023}
}

@inproceedings{antol2015vqa,
  title={Vqa: Visual question answering},
  author={Antol, Stanislaw and Agrawal, Aishwarya and Lu, Jiasen and Mitchell, Margaret and Batra, Dhruv and Zitnick, C Lawrence and Parikh, Devi},
  booktitle={International Conference on Computer Vision},
  year={2015}
}

@Inproceedings{copet2024simple,
  title={Simple and controllable music generation},
  author={Copet, Jade and Kreuk, Felix and Gat, Itai and Remez, Tal and Kant, David and Synnaeve, Gabriel and Adi, Yossi and D{\'e}fossez, Alexandre},
  booktitle={Advances in Neural Information Processing Systems},
  year={2024}
}

@article{dai2022missing,
  title={What is missing in deep music generation? a study of repetition and structure in popular music},
  author={Dai, Shuqi and Yu, Huiran and Dannenberg, Roger B},
  journal={arXiv preprint arXiv:2209.00182},
  year={2022}
}

@inproceedings{diao2023av,
  title={Av-maskenhancer: Enhancing video representations through audio-visual masked autoencoder},
  author={Diao, Xingjian and Cheng, Ming and Cheng, Shitong},
  booktitle={International Conference on Tools with Artificial Intelligence},
  year={2023}
}

@inproceedings{dosovitskiy2020image,
  title={An image is worth 16x16 words: Transformers for image recognition at scale},
  author={Dosovitskiy, Alexey and Beyer, Lucas and Kolesnikov, Alexander and Weissenborn, Dirk and Zhai, Xiaohua and Unterthiner, Thomas and Dehghani, Mostafa and Minderer, Matthias and Heigold, Georg and Gelly, Sylvain and others},
  booktitle={International Conference on Learning Representations},
  year={2021}
}

@inproceedings{duan2024cross,
  title={Cross-modal Prompts: Adapting Large Pre-trained Models for Audio-Visual Downstream Tasks},
  author={Duan, Haoyi and Xia, Yan and Mingze, Zhou and Tang, Li and Zhu, Jieming and Zhao, Zhou},
  booktitle={Advances in Neural Information Processing Systems},
  year={2024}
}

@article{fayek2020temporal,
  title={Temporal reasoning via audio question answering},
  author={Fayek, Haytham M. and Johnson, Justin},
  journal={Transactions on Audio, Speech, and Language Processing},
  year={2020}
}

@inproceedings{garcia2020knowit,
  title={KnowIT VQA: Answering knowledge-based questions about videos},
  author={Garcia, Noa and Otani, Mayu and Chu, Chenhui and Nakashima, Yuta},
  booktitle={AAAI Conference on Artificial Intelligence},
  year={2020}
}

@inproceedings{huang2024audiogpt,
  title={Audiogpt: Understanding and generating speech, music, sound, and talking head},
  author={Huang, Rongjie and Li, Mingze and Yang, Dongchao and Shi, Jiatong and Chang, Xuankai and Ye, Zhenhui and Wu, Yuning and Hong, Zhiqing and Huang, Jiawei and Liu, Jinglin and others},
  booktitle={AAAI Conference on Artificial Intelligence},
  year={2024}
}

@inproceedings{lei2018tvqa,
  title={Tvqa: Localized, compositional video question answering},
  author={Lei, Jie and Yu, Licheng and Bansal, Mohit and Berg, Tamara L},
  booktitle={Conference on Empirical Methods in Natural Language Processing},
  year={2018}
}

@inproceedings{li2022learning,
  title={Learning to answer questions in dynamic audio-visual scenarios},
  author={Li, Guangyao and Wei, Yake and Tian, Yapeng and Xu, Chenliang and Wen, Ji-Rong and Hu, Di},
  booktitle={Conference on Computer Vision and Pattern Recognition},
  year={2022}
}

@inproceedings{li2023multi,
  title={Multi-Scale Attention for Audio Question Answering},
  author={Li, Guangyao and Xu, Yixin and Hu, Di},
  booktitle={Annual Conference of the International Speech Communication Association},
  year={2023}
}

@inproceedings{lin2023vision,
  title={Vision transformers are parameter-efficient audio-visual learners},
  author={Lin, Yan-Bo and Sung, Yi-Lin and Lei, Jie and Bansal, Mohit and Bertasius, Gedas},
  booktitle={Conference on Computer Vision and Pattern Recognition},
  year={2023}
}

@inproceedings{lipping2022clotho,
  title={Clotho-aqa: A crowdsourced dataset for audio question answering},
  author={Lipping, Samuel and Sudarsanam, Parthasaarathy and Drossos, Konstantinos and Virtanen, Tuomas},
  booktitle={European Signal Processing Conference},
  year={2022}
}

@inproceedings{liu2024tackling,
  title={Tackling Data Bias in MUSIC-AVQA: Crafting a Balanced Dataset for Unbiased Question-Answering},
  author={Liu, Xiulong and Dong, Zhikang and Zhang, Peng},
  booktitle={Winter Conference on Applications of Computer Vision},
  year={2024}
}

@article{lu2023musecoco,
  title={Musecoco: Generating symbolic music from text},
  author={Lu, Peiling and Xu, Xin and Kang, Chenfei and Yu, Botao and Xing, Chengyi and Tan, Xu and Bian, Jiang},
  journal={arXiv preprint arXiv:2306.00110},
  year={2023}
}

@inproceedings{ravi2023vlc,
  title={VLC-BERT: visual question answering with contextualized commonsense knowledge},
  author={Ravi, Sahithya and Chinchure, Aditya and Sigal, Leonid and Liao, Renjie and Shwartz, Vered},
  booktitle={Winter Conference on Applications of Computer Vision},
  year={2023}
}

@article{saito2024unsupervised,
  title={Unsupervised llm adaptation for question answering},
  author={Saito, Kuniaki and Sohn, Kihyuk and Lee, Chen-Yu and Ushiku, Yoshitaka},
  journal={arXiv preprint arXiv:2402.12170},
  year={2024}
}

@article{shen2024hugginggpt,
  title={Hugginggpt: Solving ai tasks with chatgpt and its friends in hugging face},
  author={Shen, Yongliang and Song, Kaitao and Tan, Xu and Li, Dongsheng and Lu, Weiming and Zhuang, Yueting},
  journal={Advances in Neural Information Processing Systems},
  year={2024}
}

@inproceedings{sudarsanam2023attention,
  title={Attention-Based Methods For Audio Question Answering},
  author={Sudarsanam, Parthasaarathy and Virtanen, Tuomas},
  booktitle={European Signal Processing Conference},
  year={2023}
}

@inproceedings{tian2020unified,
  title={Unified multisensory perception: Weakly-supervised audio-visual video parsing},
  author={Tian, Yapeng and Li, Dingzeyu and Xu, Chenliang},
  booktitle={European Conference on Computer Vision},
  year={2020},
}

@article{wang2024healthq,
      title={HealthQ: Unveiling Questioning Capabilities of LLM Chains in Healthcare Conversations}, 
      author={Ziyu Wang and Hao Li and Di Huang and Amir M. Rahmani},
      journal={arXiv preprint arXiv:2409.19487},
      year={2024}
}

@inproceedings{yang2022avqa,
  title={Avqa: A dataset for audio-visual question answering on videos},
  author={Yang, Pinci and Wang, Xin and Duan, Xuguang and Chen, Hong and Hou, Runze and Jin, Cong and Zhu, Wenwu},
  booktitle={International Conference on Multimedia},
  year={2022}
}

@inproceedings{yu2019activitynet,
  title={Activitynet-qa: A dataset for understanding complex web videos via question answering},
  author={Yu, Zhou and Xu, Dejing and Yu, Jun and Yu, Ting and Zhao, Zhou and Zhuang, Yueting and Tao, Dacheng},
  booktitle={AAAI Conference on Artificial Intelligence},
  year={2019}
}

@inproceedings{yu2024self,
  title={Self-chained image-language model for video localization and question answering},
  author={Yu, Shoubin and Cho, Jaemin and Yadav, Prateek and Bansal, Mohit},
  booktitle={Advances in Neural Information Processing Systems},
  year={2024}
}

@inproceedings{yun2021pano,
  title={Pano-avqa: Grounded audio-visual question answering on 360deg videos},
  author={Yun, Heeseung and Yu, Youngjae and Yang, Wonsuk and Lee, Kangil and Kim, Gunhee},
  booktitle={International Conference on Computer Vision},
  year={2021}
}

@inproceedings{zhao2018sound,
  title={The sound of pixels},
  author={Zhao, Hang and Gan, Chuang and Rouditchenko, Andrew and Vondrick, Carl and McDermott, Josh and Torralba, Antonio},
  booktitle={European Conference on Computer Vision},
  year={2018}
}

@inproceedings{zhao2019sound,
  title={The sound of motions},
  author={Zhao, Hang and Gan, Chuang and Ma, Wei-Chiu and Torralba, Antonio},
  booktitle={International Conference on Computer Vision},
  year={2019}
}

@article{zhuang2023toolqa,
  title={Toolqa: A dataset for llm question answering with external tools},
  author={Zhuang, Yuchen and Yu, Yue and Wang, Kuan and Sun, Haotian and Zhang, Chao},
  journal={Advances in Neural Information Processing Systems},
  year={2023}
}

