%%% Dueling bandits %%%
@inproceedings{ICML09_yue2009interactively,
  title={Interactively optimizing information retrieval systems as a dueling bandits problem},
  author={Yue, Yisong and Joachims, Thorsten},
  booktitle={Proc. ICML},
  pages={1201--1208},
  year={2009}
}
@inproceedings{ICML11_yue2011beat,
  title={Beat the mean bandit},
  author={Yue, Yisong and Joachims, Thorsten},
  booktitle={Proc. ICML},
  pages={241--248},
  year={2011}
}
@article{JCSS12_yue2012k,
  title={The k-armed dueling bandits problem},
  author={Yue, Yisong and Broder, Josef and Kleinberg, Robert and Joachims, Thorsten},
  journal={Journal of Computer and System Sciences},
  pages={1538--1556},
  year={2012}
}
@inproceedings{WSDM14_zoghi2014relative,
  title={Relative confidence sampling for efficient on-line ranker evaluation},
  author={Zoghi, Masrour and Whiteson, Shimon A and De Rijke, Maarten and Munos, Remi},
  booktitle={Proc. WSDM},
  pages={73--82},
  year={2014}
}
@inproceedings{ICML14_ailon2014reducing,
  title={Reducing dueling bandits to cardinal bandits},
  author={Ailon, Nir and Karnin, Zohar and Joachims, Thorsten},
  booktitle={Proc. ICML},
  pages={856--864},
  year={2014}
}
@inproceedings{ICML14_zoghi2014relative,
  title={Relative upper confidence bound for the k-armed dueling bandit problem},
  author={Zoghi, Masrour and Whiteson, Shimon and Munos, Remi and Rijke, Maarten},
  booktitle={Proc. ICML},
  pages={10--18},
  year={2014}
}
@inproceedings{COLT15_komiyama2015regret,
  title={Regret lower bound and optimal algorithm in dueling bandit problem},
  author={Komiyama, Junpei and Honda, Junya and Kashima, Hisashi and Nakagawa, Hiroshi},
  booktitle={Proc. COLT},
  pages={1141--1154},
  year={2015}
}
@inproceedings{ICML15_gajane2015relative,
  title={A relative exponential weighing algorithm for adversarial utility-based dueling bandits},
  author={Gajane, Pratik and Urvoy, Tanguy and Cl{\'e}rot, Fabrice},
  booktitle={Proc. ICML},
  pages={218--227},
  year={2015}
}
@inproceedings{UAI18_saha2018battle,
  title={Battle of Bandits},
  author={Saha, Aadirupa and Gopalan, Aditya},
  booktitle={Proc. UAI},
  pages={805--814},
  year={2018}
}
@inproceedings{AISTATS19_saha2019active,
  title={Active ranking with subset-wise preferences},
  author={Saha, Aadirupa and Gopalan, Aditya},
  booktitle={Proc. AISTATS},
  pages={3312--3321},
  year={2019}
}
@inproceedings{ALT19_saha2019pac,
  title={PAC battling bandits in the plackett-luce model},
  author={Saha, Aadirupa and Gopalan, Aditya},
  booktitle={Proc. ALT},
  pages={700--737},
  year={2019}
}
@inproceedings{NeurIPS19_saha2019combinatorial,
  title={Combinatorial bandits with relative feedback},
  author={Saha, Aadirupa and Gopalan, Aditya},
  booktitle={Proc. NeurIPS},
  pages={985--995},
  year={2019}
}
@article{JMLR21_bengs2021preference,
  title={Preference-based online learning with dueling bandits: A survey},
  author={Bengs, Viktor and Busa-Fekete, R{\'o}bert and El Mesaoudi-Paul, Adil and H{\"u}llermeier, Eyke},
  journal={Journal of Machine Learning Research},
  pages={1--108},
  year={2021}
}
@inproceedings{AISTATS22_saha2022exploiting,
  title={Exploiting correlation to achieve faster learning rates in low-rank preference bandits},
  author={Saha, Aadirupa and Ghoshal, Suprovat},
  booktitle={Proc. AISTATS},
  pages={456--482},
  year={2022}
}
@inproceedings{ICML23_zhu2023principled,
  title={Principled reinforcement learning with human feedback from pairwise or k-wise comparisons},
  author={Zhu, Banghua and Jordan, Michael and Jiao, Jiantao},
  booktitle={Proc. ICML},
  pages={43037--43067},
  year={2023}
}

%%% Contextual Dueling Bandits %%%
@inproceedings{NeurIPS21_saha2021optimal,
  title={Optimal Algorithms for Stochastic Contextual Preference Bandits},
  author={Saha, Aadirupa},
  booktitle={Proc. NeurIPS},
  pages={30050--30062},
  year={2021}
}
@inproceedings{ICML22_bengs2022stochastic,
  title={Stochastic Contextual Dueling Bandits under Linear Stochastic Transitivity Models},
  author={Bengs, Viktor and Saha, Aadirupa and H{\"u}llermeier, Eyke},
  booktitle={Proc. ICML},
  pages={1764--1786},
  year={2022}
}
@inproceedings{ALT22_saha2022efficient,
  title={Efficient and optimal algorithms for contextual dueling bandits under realizability},
  author={Saha, Aadirupa and Krishnamurthy, Akshay},
  booktitle={Proc. ALT},
  pages={968--994},
  year={2022}
}
@article{arXiv23_wu2023borda,
  title={Borda regret minimization for generalized linear dueling bandits},
  author={Wu, Yue and Jin, Tao and Lou, Hao and Farnoud, Farzad and Gu, Quanquan},
  journal={arXiv:2303.08816},
  year={2023}
}
@article{arXiv23_rafailov2023direct,
  title={Direct preference optimization: {Your} language model is secretly a reward model},
  author={Rafailov, Rafael and Sharma, Archit and Mitchell, Eric and Ermon, Stefano and Manning, Christopher D and Finn, Chelsea},
  journal={arXiv:2305.18290},
  year={2023}
}
@article{arXiv23_di2023variance,
  title={Variance-Aware Regret Bounds for Stochastic Contextual Dueling Bandits},
  author={Di, Qiwei and Jin, Tao and Wu, Yue and Zhao, Heyang and Farnoud, Farzad and Gu, Quanquan},
  journal={arXiv:2310.00968},
  year={2023}
}
@article{arXiv24_li2024feelgood,
    title={Feel-Good Thompson Sampling for Contextual Dueling Bandits}, 
    author={Xuheng Li and Heyang Zhao and Quanquan Gu},
    journal={arXiv:2404.06013},
    year={2024}
}

%%% BTL and PL Model
@book{Book_luce2005individual,
  title={Individual choice behavior: A theoretical analysis},
  author={Luce, R Duncan},
  year={2005},
  publisher={Courier Corporation}
}
@article{AS04_hunter2004mm,
  title={MM Algorithms for Generalized Bradley-Terry Models},
  author={Hunter, David R},
  journal={Annals of Statistics},
  pages={384--406},
  year={2004},
  publisher={Institute of Mathematical Statistics}
}
@inproceedings{ICML14_soufiani2014computing,
  title={Computing parametric ranking models via rank-breaking},
  author={Soufiani, Hossein Azari and Parkes, David and Xia, Lirong},
  booktitle={Proc. ICML},
  pages={360--368},
  year={2014},
}
@article{JMLR16_khetan2016data,
  title={Data-driven rank breaking for efficient rank aggregation},
  author={Khetan, Ashish and Oh, Sewoong},
  journal={Journal of Machine Learning Research},
  pages={1--54},
  year={2016}
}
@article{arXiv18_ren2018pac,
  title={PAC ranking from pairwise and listwise queries: Lower bounds and upper bounds},
  author={Ren, Wenbo and Liu, Jia and Shroff, Ness B},
  journal={arXiv:1806.02970},
  year={2018}
}

%%% RLHF and LLMs %%%
@inproceedings{NeurIPS24_rafailov2024direct,
  title={Direct Preference Optimization: Your Language Model is Secretly a Reward Model},
  author={Rafailov, Rafael and Sharma, Archit and Mitchell, Eric and Manning, Christopher D and Ermon, Stefano and Finn, Chelsea},
  booktitle={Proc. NeurIPS},
  pages={53728--53741},
  year={2024}
}
@article{arXiv23_mehta2023sample,
  title={Sample Efficient Reinforcement Learning from Human Feedback via Active Exploration},
  author={Mehta, Viraj and Das, Vikramjeet and Neopane, Ojash and Dai, Yijia and Bogunovic, Ilija and Schneider, Jeff and Neiswanger, Willie},
  journal={arXiv:2312.00267},
  year={2023}
}
@article{arXiv24_ji2024reinforcement,
  title={Reinforcement Learning from Human Feedback with Active Queries},
  author={Ji, Kaixuan and He, Jiafan and Gu, Quanquan},
  journal={arXiv:2402.09401},
  year={2024}
}
@article{arXiv24_das2024provably,
  title={Provably Sample Efficient RLHF via Active Preference Optimization},
  author={Das, Nirjhar and Chakraborty, Souradip and Pacchiano, Aldo and Chowdhury, Sayak Ray},
  journal={arXiv:2402.10500},
  year={2024}
}

%%% Neural Bandits %%%
@article{NeurIPS18_jacot2018neural,
	title={Neural tangent kernel: Convergence and generalization in neural networks},
	author={Jacot, Arthur and Gabriel, Franck and Hongler, Cl{\'e}ment},
	journal={Proc. NeurIPS},
	pages={8580--8589},
	year={2018}
}

@inproceedings{kassraie2021neural,
  title={Neural Contextual Bandits without Regret},
  author={Kassraie, Parnian and Krause, Andreas},
  booktitle={Proc. AISTATS}, 
  pages={240--278},
  year={2022}
}
@inproceedings{zhou2020neural,
  title={Neural contextual bandits with {UCB}-based exploration},
  author={Zhou, Dongruo and Li, Lihong and Gu, Quanquan},
  booktitle={Proc. ICML},
  pages={11492--11502},
  year={2020}
}
@inproceedings{zhang2020neural,
  title={Neural {Thompson} sampling},
  author={Zhang, Weitong and Zhou, Dongruo and Li, Lihong and Gu, Quanquan},
  booktitle={Proc. ICLR},
  year={2021}
}
@inproceedings{ICLR23_dai2022federated,
  title={Federated Neural Bandits},
  author={Dai, Zhongxiang and Shu, Yao and Verma, Arun and Fan, Flint Xiaofeng and Low, Bryan Kian Hsiang and Jaillet, Patrick},
  booktitle={Proc. ICLR},
  year={2023}
}

%%% Monograph and Books: Bandits and RL %%%%
@book{Book_williams2006gaussian,
	title={Gaussian Processes for Machine Learning},
    author={Williams, Christopher KI and Rasmussen, Carl Edward},
    year={2006},
    publisher={MIT press}
}
@article{NOW12_bubeck2012regret,
    title={Regret Analysis of Stochastic and Nonstochastic Multi-Armed Bandit Problems},
    author={Bubeck, S{\'e}bastien and Cesa-Bianchi, Nicolo and others},
    journal={Foundations and Trends{\textregistered} in Machine Learning},
    year={2012}
}
@article{NOW19_slivkins2019introduction,
    title={Introduction to Multi-Armed Bandits},
    author={Slivkins, Aleksandrs},
    journal={Foundations and Trends{\textregistered} in Machine Learning},
    year={2019}
}
@book{Book_lattimore2020bandit, 
    title={Bandit Algorithms}, 
    author={Lattimore, Tor and Szepesv\'ari, Csaba}, 
    year={2020},
    publisher={Cambridge University Press}, 
}
@book{Book_sutton2018reinforcement,
    title={Reinforcement learning: An introduction},
    author={Sutton, Richard S and Barto, Andrew G},
    year={2018},
    publisher={MIT press}
}


%%% Multi-Armed Bandits %%%
@article{BIOMETRIKA33_thompson1933likelihood,
    title={On the Likelihood that One Unknown Probability Exceeds Another in View of the Evidence of Two Samples},
    author={Thompson, William R},
    journal={Biometrika},
    pages={285--294},
    year={1933}
}
@article{ML02_auer2002finite,
    title={Finite-time Analysis of the Multiarmed Bandit Problem},
    author={Auer, Peter and Cesa-Bianchi, Nicolo and Fischer, Paul},
    journal={Machine Learning},
    pages={235--256},
    year={2002}
}
@article{TCS09_audibert2009exploration,
    title={Exploration--exploitation tradeoff using variance estimates in multi-armed bandits},
    author={Audibert, Jean-Yves and Munos, R{\'e}mi and Szepesv{\'a}ri, Csaba},
    journal={Theoretical Computer Science},
    pages={1876--1902},
    year={2009}
}
@article{PMH10_auer2010ucb,
    title={UCB Revisited: Improved Regret Bounds for the Stochastic Multi-Armed Bandit Problem},
    author={Auer, Peter and Ortner, Ronald},
    journal={Periodica Mathematica Hungarica},
    pages={55--65},
    year={2010}
}
@inproceedings{COLT11_garivier2011kl,
    title={The KL-UCB Algorithm for Bounded Stochastic Bandits and Beyond},
    author={Garivier, Aur{\'e}lien and Capp{\'e}, Olivier},
    booktitle={Proc. COLT},
    pages={359--376},
    year={2011}
}
@inproceedings{NIPS11_chapelle2011empirical,
    title={An Empirical Evaluation of Thompson Sampling},
    author={Chapelle, Olivier and Li, Lihong},
    booktitle={Proc. NeurIPS},
    pages={2249--2257},
    year={2011}
}
@inproceedings{COLT12_agrawal2012analysis,
    title={Analysis of Thompson Sampling for the Multi-armed Bandit Problem},
    author={Agrawal, Shipra and Goyal, Navin},
    booktitle={Proc. COLT},
    pages={39.1--39.26},
    year={2012}
}
@inproceedings{ALT12_kaufmann2012thompson,
    title={Thompson Sampling: An Asymptotically Optimal Finite Time Analysis},
    author={Kaufmann, Emilie and Korda, Nathaniel and Munos, R{\'e}mi},
    booktitle={Proc. ALT},
    pages={199--213},
    year={2012}
}
@inproceedings{AISTATS13_agrawal2013further,
    title={Further Optimal Regret Bounds for Thompson Sampling},
    author={Agrawal, Shipra and Goyal, Navin},
    booktitle={Proc. AISTATS},
    pages={99--107},
    year={2013}
}
@article{AS13_cappe2013kullback,
    title={Kullback-Leibler Upper Confidence Bounds for Optimal Sequential Allocation},
    author={Capp{\'e}, Olivier and Garivier, Aur{\'e}lien and Maillard, Odalric-Ambrym and Munos, R{\'e}mi and Stoltz, Gilles},
    journal={The Annals of Statistics},
    pages={1516--1541},
    year={2013}
}
@inproceedings{AAAI18_mukherjee2018efficient,
    title={Efficient-UCBV: An Almost Optimal Algorithm Using Variance Estimates},
    author={Mukherjee, Subhojyoti and Naveen, KP and Sudarsanam, Nandan and Ravindran, Balaraman},
    booktitle={Proc. AAAI},
    pages={6417--6424},
    year={2018}
}
@article{AISTATS20_vaswani2019old,
    title={Old Dog Learns New Tricks: Randomized UCB for Bandit Problems},
    author={Vaswani, Sharan and Mehrabian, Abbas and Durand, Audrey and Kveton, Branislav},
    booktitle={Proc. AISTATS},
    pages={1988--1998},
    year={2019}
}
@article{JMDS22zhang2022feel,
  title={Feel-good thompson sampling for contextual bandits and reinforcement learning},
  author={Zhang, Tong},
  journal={SIAM Journal on Mathematics of Data Science},
  pages={834--857},
  year={2022}
}

%%% Parameterized Bandits %%%
% Linear
@article{JMLR02_auer2002using,
    title={Using Confidence Bounds for Exploitation-Exploration Trade-offs},
    author={Auer, Peter},
    journal={Journal of Machine Learning Research},
    pages={397--422},
    year={2002}
}
@inproceedings{COLT08_dani2008stochastic,
    title={Stochastic Linear Optimization under Bandit Feedback},
    author={Dani, Varsha and Hayes, Thomas P and Kakade, Sham M},
    booktitle={Proc. COLT},
    pages={355--366},
    year={2008}
}
@inproceedings{WWW10_li2010contextual,
    title={A Contextual-Bandit Approach to Personalized News Article Recommendation},
    author={Li, Lihong and Chu, Wei and Langford, John and Schapire, Robert E},
    booktitle={Proc. WWW},
    pages={661--670},
    year={2010}
}
@article{MOR10_rusmevichientong2010linearly,
    title={Linearly Parameterized Bandits},
    author={Rusmevichientong, Paat and Tsitsiklis, John N},
    journal={Mathematics of Operations Research},
    pages={395--411},
    year={2010}
}
@inproceedings{AISTATS11_chu2011contextual,
    title={Contextual Bandits with Linear Payoff Functions},
    author={Chu, Wei and Li, Lihong and Reyzin, Lev and Schapire, Robert E},
    booktitle={Proc. AISTATS},
    pages={208--214},
    year={2011}
}
@inproceedings{NIPS11_abbasi2011improved,
    title={Improved Algorithms for Linear Stochastic Bandits},
    author={Abbasi-Yadkori, Yasin and P{\'a}l, D{\'a}vid and Szepesv{\'a}ri, Csaba},
    booktitle={Proc. NeurIPS},
    pages={2312--2320},
    year={2011}
}
@inproceedings{ICML13_agrawal2013thompson,
    title={Thompson Sampling for Contextual Bandits with Linear Payoffs},
    author={Agrawal, Shipra and Goyal, Navin},
    booktitle={Proc. ICML},
    pages={127--135},
    year={2013}
}
@inproceedings{AISTATS17_abeille2017linear,
    title={Linear Thompson Sampling Revisited},
    author={Abeille, Marc and Lazaric, Alessandro and others},
    booktitle={Proc. AISTATS},
    pages={176--184},
    year={2017}
}
@inproceedings{NeurIPS21_zhang2021improved,
    title={Improved Variance-Aware Confidence Sets for Linear Bandits and Linear Mixture MDP},
    author={Zhang, Zihan and Yang, Jiaqi and Ji, Xiangyang and Du, Simon S},
    journal={Proc. NeurIPS},
    pages={4342--4355},
    year={2021}
}

% GLM Contextual Bandits
@inproceedings{NIPS10_filippi2010parametric,
    title={Parametric Bandits: The Generalized Linear Case},
    author={Filippi, Sarah and Cappe, Olivier and Garivier, Aur{\'e}lien and Szepesv{\'a}ri, Csaba},
    booktitle={Proc. NeurIPS},
    pages={586--594},
    year={2010}
}
@inproceedings{ICML16_zhang2016online,
    title={Online stochastic linear optimization under one-bit feedback},
    author={Zhang, Lijun and Yang, Tianbao and Jin, Rong and Xiao, Yichi and Zhou, Zhi-hua},
    booktitle={Proc. ICML},
    pages={392--401},
    year={2016}
}
@inproceedings{ICML17_li2017provably,
    title={Provably Optimal Algorithms for Generalized Linear Contextual Bandits},
    author={Li, Lihong and Lu, Yu and Zhou, Dengyong},
    booktitle={Proc. ICML},
    pages={2071--2080},
    year={2017}
}
@inproceedings{NIPS17_jun2017scalable,
    title={Scalable Generalized Linear Bandits: Online Computation and Hashing},
    author={Jun, Kwang-Sung and Bhargava, Aniruddha and Nowak, Robert and Willett, Rebecca},
    booktitle={Proc. NeurIPS},
    pages={99--109},
    year={2017}
}
@inproceedings{ICML20_faury2020improved,
  title={Improved optimistic algorithms for logistic bandits},
  author={Faury, Louis and Abeille, Marc and Calauz{\`e}nes, Cl{\'e}ment and Fercoq, Olivier},
  booktitle={Proc. ICML},
  pages={3052--3060},
  year={2020}
}
@inproceedings{AISTATS21_abeille2021instance,
  title={Instance-wise minimax-optimal algorithms for logistic bandits},
  author={Abeille, Marc and Faury, Louis and Calauz{\`e}nes, Cl{\'e}ment},
  booktitle={Proc. AISTATS},
  pages={3691--3699},
  year={2021}
}
@inproceedings{AISTATS22_faury2022jointly,
  title={Jointly efficient and optimal algorithms for logistic bandits},
  author={Faury, Louis and Abeille, Marc and Jun, Kwang-Sung and Calauz{\`e}nes, Cl{\'e}ment},
  booktitle={Proc. AISTATS},
  pages={546--580},
  year={2022}
}

% Multinomial feedback
@inproceedings{NeurIPS19_oh2019thompson,
  title={Thompson sampling for multinomial logit contextual bandits},
  author={Oh, Min-hwan and Iyengar, Garud},
  booktitle={Proc. NeurIPS},
  year={2019}
}
@inproceedings{AAAI21_oh2021multinomial,
  title={Multinomial logit contextual bandits: Provable optimality and practicality},
  author={Oh, Min-hwan and Iyengar, Garud},
  booktitle={Proc. AAAI},
  pages={9205--9213},
  year={2021}
}
@inproceedings{NeurIPS21_amani2021ucb,
  title={{UCB}-based algorithms for multinomial logistic regression bandits},
  author={Amani, Sanae and Thrampoulidis, Christos},
  booktitle={Proc. NeurIPS},
  pages={2913--2924},
  year={2021}
}
@inproceedings{EJOR23_agrawal2023tractable,
  title={A tractable online learning algorithm for the multinomial logit contextual bandit},
  author={Agrawal, Priyank and Tulabandhula, Theja and Avadhanula, Vashist},
  journal={European Journal of Operational Research},
  pages={737--750},
  year={2023}
}
@article{NeurIPS23_zhang2024online,
  title={Online (Multinomial) Logistic Bandit: Improved Regret and Constant Computation Cost},
  author={Zhang, Yu-Jie and Sugiyama, Masashi},
  booktitle={Proc. NeurIPS},
  year={2023}
}
@inproceedings{AISTATS24_lee2024improved,
  title={Improved Regret Bounds of (Multinomial) Logistic Bandits via Regret-to-Confidence-Set Conversion},
  author={Lee, Junghyun and Yun, Se-Young and Jun, Kwang-Sung},
  booktitle={Proc. AISTATS},
  pages={4474--4482},
  year={2024}
}
@article{arXiv24_lee2024nearly,
  title={Nearly Minimax Optimal Regret for Multinomial Logistic Bandit},
  author={Lee, Joongkyu and Oh, Min-hwan},
  journal={arXiv:2405.09831},
  year={2024}
}

% Kernelized MAB
@inproceedings{ICML10_srinival2010gaussian,
	title = {Gaussian Process Optimization in the Bandit Setting: No Regret and Experimental Design},
	author = {Srinivas, Niranjan and Krause, Andreas and Kakade, Sham and Seeger, Matthias},
	year = {2010},
	booktitle = {Proc. ICML},
	pages = {1015–1022}
}
@inproceedings{NIPS11_krause2011contextual,
    title={Contextual Gaussian Process Bandit Optimization},
    author={Krause, Andreas and Ong, Cheng S},
    booktitle={Proc. NeurIPS},
    pages={2447--2455},
    year={2011}
}
@inproceedings{UAI13_valko2013finite,
    title = {Finite-time Analysis of Kernelised Contextual Bandits},
    author = {Valko, Michal and Korda, Nathan and Munos, R{\'e}mi and Flaounas, Ilias and Cristianini, Nello},
    booktitle = {Proc. UAI},
    pages = {654--663},
    year = {2013}
}
@inproceedings{ICML17_chowdhury2017kernelized,
    title={On Kernelized Multi-armed Bandits},
    author={Chowdhury, Sayak Ray and Gopalan, Aditya},
    booktitle={Proc. ICML},
    pages={844--853},
    year={2017}
}
@inproceedings{AISTATS22_li2022gaussian,
  title={Gaussian process bandit optimization with few batches},
  author={Li, Zihan and Scarlett, Jonathan},
  booktitle={Proc. AISTATS},
  pages={92--107},
  year={2022}
}

% Other Parameterized Bandits Algoriothms
@inproceedings{NIPS08_langford2008epoch,
    title={The Epoch-Greedy Algorithm for Contextual Multi-armed Bandits},
    author={Langford, John and Zhang, Tong},
    booktitle={Proc. NeurIPS},
    pages={817--824},
    year={2008}
}
@inproceedings{ICML14_agarwal2014taming,
    title={Taming the Monster: A Fast and Simple Algorithm for Contextual Bandits},
    author={Agarwal, Alekh and Hsu, Daniel and Kale, Satyen and Langford, John and Li, Lihong and Schapire, Robert},
    booktitle={Proc. ICML},
    pages={1638--1646},
    year={2014}
}

% Side Observations
@inproceedings{NIPS11_mannor2011bandits,
    title={From Bandits to Experts: On the Value of Side-Observations},
    author={Mannor, Shie and Shamir, Ohad},
    booktitle={Proc. NeurIPS},
    pages={684--692},
    year={2011}
}
@inproceedings{UAI12_caron2012leveraging,
    title={Leveraging Side Observations in Stochastic Bandits},
    author={Caron, Stephane and Kveton, Branislav and Lelarge, Marc and Bhagat, S},
    booktitle={Proc. UAI},
    pages={142--151},
    year={2012}
}
@inproceedings{NIPS14_kocak2014efficient,
    title={Efficient learning by implicit exploration in bandit problems with side observations},
    author={Koc{\'a}k, Tom{\'a}{\v{s} and Neu, Gergely and Valko, Michal and Munos, R{\'e}mi} },
    booktitle={Proc. NeurIPS},
    pages={613--621},
    year={2014}
}
@inproceedings{COLT15_alon2015online,
    title={Online Learning with Feedback Graphs: Beyond Bandits},
    author={Alon, Noga and Cesa-Bianchi, Nicolo and Dekel, Ofer and Koren, Tomer},
    booktitle={Proc. COLT},
    pages={23--35},
    year={2015}
}
@inproceedings{NIPS15_wu2015online,
    title={Online Learning with Gaussian Payoffs and Side Observations},
    author={Wu, Yifan and Gy{\"o}rgy, Andr{\'a}s and Szepesv{\'a}ri, Csaba},
    booktitle={Proc. NeurIPS},
    pages={1360--1368},
    year={2015}
}
@article{SJC17_alon2017nonstochastic,
    title={Nonstochastic Multi-Armed Bandits with Graph-Structured Feedback},
    author={Alon, Noga and Cesa-Bianchi, Nicolo and Gentile, Claudio and Mannor, Shie and Mansour, Yishay and Shamir, Ohad},
    journal={SIAM Journal on Computing},
    pages={1785--1826},
    year={2017}
}

% Cascading feedback
@inproceedings{CODS18_verma2018unsupervised,
  title={Unsupervised Cost Sensitive Predictions with Side Information},
  author={Verma, Arun and Hanawal, Manjesh K},
  booktitle={Proc. CODS-COMAD},
  pages={364--367},
  year={2018}
}
@inproceedings{AISTATS19_verma2019online,
    title={Online Algorithm for Unsupervised Sensor Selection},
    author={Verma, Arun and Hanawal, Manjesh K and Szepesv{\'a}ri, Csaba and Saligrama, Venkatesh},
    booktitle={Proc. AISTATS},
    pages={3168--3176},
    year={2019}
}
@inproceedings{COMSNETS20_verma2020unsupervised,
  title={Unsupervised Online Feature Selection for Cost-Sensitive Medical Diagnosis},
  author={Verma, Arun and Hanawal, Manjesh K and Hemachandra, Nandyala},
  booktitle={Proc. COMSNETS, NetHealth},
  pages={1--6},
  year={2020}
}
@inproceedings{ACML20_verma2020thompson,
  title={Thompson Sampling for Unsupervised Sequential Selection},
  author={Verma, Arun and Hanawal, Manjesh K and Hemachandra, Nandyala},
  booktitle={Proc. ACML},
  pages={545--560},
  year={2020}
}
@inproceedings{NeurIPS20_verma2020online,
    title={Online Algorithm for Unsupervised Sequential Selection with Contextual Information},
    author={Verma, Arun and Hanawal, Manjesh K and Szepesv{\'a}ri, Csaba and Saligrama, Venkatesh},
    booktitle={Proc. NeurIPS},
    pages={778--788},
    year={2020}
}
@article{ArXiv22_verma2022sequential,
    title={Sequential Decision Problems with Weak Feedback},
    author={Verma, Arun},
    journal={arXiv:2212.11603},
    year={2022}
}


%%% Control Variates in Bandits/RL %%%
@inproceedings{NeurIPS21_verma2021stochastic,
    title={Stochastic Multi-Armed Bandits with Control Variates},
    author={Verma, Arun and Hanawal, Manjesh K},
    booktitle={Proc. NeurIPS},
    pages={27592-27603},
    year={2021}
}
@inproceedings{NeurIPS21_vlassis2021control,
    title={Control Variates for Slate Off-Policy Evaluation},
    author={Vlassis, Nikos and Chandrashekar, Ashok and Gil, Fernando Amat and Kallus, Nathan},
    booktitle={Proc. NeurIPS},
    pages={3667--3679},
    year={2021}
}


%%% Linear Regression %%%
@book{Book_hayashi2000econometrics,
    title={Econometrics},
    author={Hayashi, F},
    year={2000},
    publisher={Princeton University Press}
}
@article{ESBS05_van2005estimation,
    title={Estimation},
    author={Van De Geer, Sara A},
    journal={Encyclopedia of Statistics in Behavioral Science},
    pages={549--553},
    year={2005}
}


%%% Control Variates for Variance Reduction %%%
@article{MS63_conway1963some,
    title={Some Tactical Problems in Digital Simulation},
    author={Conway, Richard W},
    journal={Management science},
    pages={47--61},
    year={1963}
}
@article{MS81_lavenberg1981perspective,
    title={A Perspective on the Use of Control Variables to Increase the Efficiency of Monte Carlo Simulations},
    author={Lavenberg, Stephen S and Welch, Peter D},
    journal={Management Science},
    pages={322--335},
    year={1981}
}
@article{OR82_schmeiser1982batch,
    title={Batch Size Effects in the Analysis of Simulation Output},
    author={Schmeiser, Bruce},
    journal={Operations Research},
    pages={556--568},
    year={1982}
}
@article{OR82_lavenberg1982statistical,
    title={Statistical Results on Control Variables with Application to Queueing Network Simulation},
    author={Lavenberg, Stephen S and Moeller, Thomas L and Welch, Peter D},
    journal={Operations Research},
    pages={182--202},
    year={1982}
}
@book{Book82_efron1982jackknife,
    title={The Jackknife, the Bootstrap, and Other Resampling Plans},
    author={Efron, Bradley},
    year={1982},
    publisher={SIAM}
}
@article{TAS83_efron1983leisurely,
    title={A Leisurely Look at the Bootstrap, the Jackknife, and Cross-Validation},
    author={Efron, Bradley and Gong, Gail},
    journal={The American Statistician},
    pages={36--48},
    year={1983}
}
@article{EJOR89_nelson1989batch,
    title={Batch size effects on the efficiency of control variates in simulation},
    author={Nelson, Barry L},
    journal={European Journal of Operational Research},
    pages={184--196},
    year={1989}
}
@article{OR90_nelson1990control,
    title={Control Variate Remedies},
    author={Nelson, Barry L},
    journal={Operations Research},
    pages={974--992},
    year={1990}
}
@article{IIE12_pasupathy2012control,
    title={Control-variate estimation using estimated control means},
    author={Pasupathy, Raghu and Schmeiser, Bruce W and Taaffe, Michael R and Wang, Jin},
    journal={IIE Transactions},
    pages={381--385},
    year={2012}
}

% Approximate Control variates
@article{JCP20_gorodetsky2020generalized,
    title={A Generalized Approximate Control Variate Framework for Multifidelity Uncertainty Quantification},
    author={Gorodetsky, Alex A and Geraci, Gianluca and Eldred, Michael S and Jakeman, John D},
    journal={Journal of Computational Physics},
    pages={109257},
    year={2020}
}
@article{JCP22_bomarito2022optimization,
    title={On the Optimization of Approximate Control Variates with Parametrically Defined Estimators},
    author={Bomarito, Geoffrey F and Leser, Patrick E and Warner, James E and Leser, William P},
    journal={Journal of Computational Physics},
    pages={110882},
    year={2022}
}
@article{JUQ22_pham2022ensemble,
    title={Ensemble Approximate Control Variate Estimators: Applications to MultiFidelity Importance Sampling},
    author={Pham, Trung and Gorodetsky, Alex A},
    journal={Journal on Uncertainty Quantification},
    pages={1250--1292},
    year={2022}
}

% Variance Reduction
@article{JORS85_james1985variance,
    title={Variance Reduction Techniques},
    author={James, B. A. P.},
    journal={Journal of the Operational Research Society},
    pages={525--530},
    year={1985}
}
@inproceedings{ICML16_chen2016scalable,
    title={Scalable Discrete Sampling as a Multi-Armed Bandit Problem},
    author={Chen, Yutian and Ghahramani, Zoubin},
    booktitle={Proc. ICML},
    pages={2492--2501},
    year={2016}
}
@article{Willy17_botev2017variance,
    title={Variance Reduction},
    author={Botev, Zdravko and Ridder, Ad},
    journal={Wiley statsRef: Statistics reference online},
    pages={1--6},
    year={2017},
}
@inproceedings{ACL17_kreutzer2017bandit,
    title={Bandit Structured Prediction for Neural Sequence-to-Sequence Learning},
    author={Kreutzer, Julia and Sokolov, Artem and Riezler, Stefan},
    booktitle={Proc. ACL},
    pages={1503--1513},
    year={2017}
}
@inproceedings{ICML19_vlassis2019design,
    title={On the Design of Estimators for Bandit Off-Policy Evaluation},
    author={Vlassis, Nikos and Bibaut, Aurelien and Dimakopoulou, Maria and Jebara, Tony},
    booktitle={Proc. ICML},
    pages={6468--6476},
    year={2019}
}


% LLMs
@article{ArXiv24_team2023gemini,
  title={Gemini: A Family of Highly Capable Multimodal Models},
  author={Gemini Team, Google},
  journal={arXiv:2312.11805},
  year={2023}
}
@article{ArXiv23_openai2023gpt,
  title={GPT-4 Technical Report},
  author={OpenAI},
  journal={arXiv:2303.08774},
  year={2023}
}
@article{ArXiv23_google2023palm,
  title={PaLM 2 Technical Report},
  author={Google},
  journal={arXiv:2305.10403},
  year={2023}
}
@article{ArXiv23_touvron2023llama,
  title={Llama 2: Open foundation and fine-tuned chat models},
  author={Touvron, Hugo and Martin, Louis and Stone, Kevin and Albert, Peter and Almahairi, Amjad and Babaei, Yasmine and Bashlykov, Nikolay and Batra, Soumya and Bhargava, Prajjwal and Bhosale, Shruti and others},
  journal={arXiv:2307.09288},
  year={2023}
}
@misc{claude2,
  author = {Anthropic},
  title = {Introducing Claude 2.1},
  howpublished = "\url{https://www.anthropic.com/news/claude-2-1/}",
  year = {2023}, 
  note = "[Online; accessed 01 February 2008]"
}

% Survey of LLMs
@article{ArXiv23_zhao2023survey,
  title={A Survey of Large Language Models},
  author={Zhao, Wayne Xin and Zhou, Kun and Li, Junyi and Tang, Tianyi and Wang, Xiaolei and Hou, Yupeng and Min, Yingqian and Zhang, Beichen and Zhang, Junjie and Dong, Zican and others},
  journal={arXiv:2303.18223},
  year={2023}
}

% Prompting
@article{ACS23_liu2023pre,
  title={Pre-train, Prompt, and Predict: A Systematic Survey of Prompting Methods in Natural Language Processing},
  author={Liu, Pengfei and Yuan, Weizhe and Fu, Jinlan and Jiang, Zhengbao and Hayashi, Hiroaki and Neubig, Graham},
  journal={ACM Computing Surveys},
  pages={1--35},
  year={2023}
}
@article{ArXiv23_chen2023you,
  title={When do you need Chain-of-Thought Prompting for ChatGPT?},
  author={Chen, Jiuhai and Chen, Lichang and Huang, Heng and Zhou, Tianyi},
  journal={arXiv:2304.03262},
  year={2023}
}
@inproceedings{CHIEA21_reynolds2021prompt,
  title={Prompt Programming for Large Language Models: Beyond the Few-Shot Paradigm},
  author={Reynolds, Laria and McDonell, Kyle},
  booktitle={Proc. CHI Extended Abstracts},
  pages={1--7},
  year={2021}
}
@article{ArXiv23_mishra2021reframing,
  title={Reframing Instructional Prompts to GPT{\textit{k}’s Language} },
  author={Mishra, Swaroop and Khashabi, Daniel and Baral, Chitta and Choi, Yejin and Hajishirzi, Hannaneh},
  journal={arXiv:2109.07830},
  year={2021}
}


% Gradient-based methods
@inproceedings{EMNLP20_shin2020autoprompt,
  title={AutoPrompt: Eliciting Knowledge from Language Models with Automatically Generated Prompts},
  author={Shin, Taylor and Razeghi, Yasaman and Logan IV, Robert L and Wallace, Eric and Singh, Sameer},
  booktitle={Proc. EMNLP},
  pages={4222--4235},
  year={2020}
}
@inproceedings{ACL21_li2021prefix,
  title={Prefix-Tuning: Optimizing Continuous Prompts for Generation},
  author={Li, Xiang Lisa and Liang, Percy},
  booktitle={Proc. ACL},
  pages={4582--4597},
  year={2021}
}
@inproceedings{EMNLP21_lester2021power,
  title={The Power of Scale for Parameter-Efficient Prompt Tuning},
  author={Lester, Brian and Al-Rfou, Rami and Constant, Noah},
  booktitle={Proc. EMNLP},
  pages={3045--3059},
  year={2021}
}

% Gradient-free methods
@inproceedings{ICLR23_zhou2022large,
  title={Large Language Models Are Human-Level Prompt Engineers},
  author={Zhou, Yongchao and Muresanu, Andrei Ioan and Han, Ziwen and Paster, Keiran and Pitis, Silviu and Chan, Harris and Ba, Jimmy},
  booktitle={Proc. ICLR},
  year={2023}
}
@inproceedings{ACL23_prasad2023grips,
  title={GrIPS: Gradient-free, Edit-based Instruction Search for Prompting Large Language Models},
  author={Prasad, Archiki and Hase, Peter and Zhou, Xiang and Bansal, Mohit},
  booktitle={Proc. ACL},
  pages={3827--3846},
  year={2023}
}
@article{ArXiv23_pryzant2023automatic,
  title={Automatic Prompt Optimization with ``Gradient Descent" and Beam Search},
  author={Pryzant, Reid and Iter, Dan and Li, Jerry and Lee, Yin Tat and Zhu, Chenguang and Zeng, Michael},
  journal={arXiv:2305.03495},
  year={2023}
}

% BO-based methods
@article{ArXiv23_chen2023instructzero,
  title={InstructZero: Efficient Instruction Optimization for Black-Box Large Language Models},
  author={Chen, Lichang and Chen, Jiuhai and Goldstein, Tom and Huang, Heng and Zhou, Tianyi},
  journal={arXiv:2306.03082},
  year={2023}
}
@article{ArXiv23_lin2023use,
	title={Use Your INSTINCT: INSTruction optimization usIng Neural bandits Coupled with Transformers},
	author={Lin, Xiaoqiang and Wu, Zhaoxuan and Dai, Zhongxiang and Hu, Wenyang and Shu, Yao and Ng, See-Kiong and Jaillet, Patrick and Low, Bryan Kian Hsiang},
	journal={arXiv:2310.02905},
	year={2023}
}
@article{bai2022training,
  title={Training a helpful and harmless assistant with reinforcement learning from human feedback},
  author={Bai, Yuntao and Jones, Andy and Ndousse, Kamal and Askell, Amanda and Chen, Anna and DasSarma, Nova and Drain, Dawn and Fort, Stanislav and Ganguli, Deep and Henighan, Tom and others},
  journal={arXiv:2204.05862},
  year={2022}
}
@article{chaudhari2024rlhf,
  title={RLHF Deciphered: A Critical Analysis of Reinforcement Learning from Human Feedback for LLMs},
  author={Chaudhari, Shreyas and Aggarwal, Pranjal and Murahari, Vishvak and Rajpurohit, Tanmay and Kalyan, Ashwin and Narasimhan, Karthik and Deshpande, Ameet and da Silva, Bruno Castro},
  journal={arXiv:2404.08555},
  year={2024}
}
@article{menick2022teaching,
  title={Teaching language models to support answers with verified quotes},
  author={Menick, Jacob and Trebacz, Maja and Mikulik, Vladimir and Aslanides, John and Song, Francis and Chadwick, Martin and Glaese, Mia and Young, Susannah and Campbell-Gillingham, Lucy and Irving, Geoffrey and others},
  journal={arXiv:2203.11147},
  year={2022}
}

@misc{ding2021efficientalgorithmgeneralizedlinear,
      title={An Efficient Algorithm For Generalized Linear Bandit: Online Stochastic Gradient Descent and Thompson Sampling}, 
      author={Qin Ding and Cho-Jui Hsieh and James Sharpnack},
      year={2021},
      eprint={2006.04012},
      archivePrefix={arXiv},
      primaryClass={cs.LG},
      url={https://arxiv.org/abs/2006.04012}, 
}

@misc{hazan2023introductiononlineconvexoptimization,
      title={Introduction to Online Convex Optimization}, 
      author={Elad Hazan},
      year={2023},
      eprint={1909.05207},
      archivePrefix={arXiv},
      primaryClass={cs.LG},
      url={https://arxiv.org/abs/1909.05207}, 
}

@misc{li2017provablyoptimalalgorithmsgeneralized,
      title={Provably Optimal Algorithms for Generalized Linear Contextual Bandits}, 
      author={Lihong Li and Yu Lu and Dengyong Zhou},
      year={2017},
      eprint={1703.00048},
      archivePrefix={arXiv},
      primaryClass={cs.LG},
      url={https://arxiv.org/abs/1703.00048}, 
}

@inproceedings{li2010contextual,
  title={A contextual-bandit approach to personalized news article recommendation},
  author={Li, Lihong and Chu, Wei and Langford, John and Schapire, Robert E},
  booktitle={Proceedings of the 19th international conference on World wide web},
  pages={661--670},
  year={2010}
}

@inproceedings{li2010exploitation,
  title={Exploitation and exploration in a performance based contextual advertising system},
  author={Li, Wei and Wang, Xuerui and Zhang, Ruofei and Cui, Ying and Mao, Jianchang and Jin, Rong},
  booktitle={Proceedings of the 16th ACM SIGKDD international conference on Knowledge discovery and data mining},
  pages={27--36},
  year={2010}
}

@article{greenewald2017action,
  title={Action centered contextual bandits},
  author={Greenewald, Kristjan and Tewari, Ambuj and Murphy, Susan and Klasnja, Predag},
  journal={Advances in neural information processing systems},
  volume={30},
  year={2017}
}

@article{konevcny2016federated,
  title={Federated Learning: Strategies for Improving Communication Efficiency},
  author={Kone{\v{c}}n{\`y}, Jakub},
  journal={arXiv preprint arXiv:1610.05492},
  year={2016}
}

@inproceedings{mcmahan2017communication,
  title={Communication-efficient learning of deep networks from decentralized data},
  author={McMahan, Brendan and Moore, Eider and Ramage, Daniel and Hampson, Seth and y Arcas, Blaise Aguera},
  booktitle={Artificial intelligence and statistics},
  pages={1273--1282},
  year={2017},
  organization={PMLR}
}

@article{li2020federated,
  title={Federated optimization in heterogeneous networks},
  author={Li, Tian and Sahu, Anit Kumar and Zaheer, Manzil and Sanjabi, Maziar and Talwalkar, Ameet and Smith, Virginia},
  journal={Proceedings of Machine learning and systems},
  volume={2},
  pages={429--450},
  year={2020}
}

@inproceedings{elgabli2022fednew,
  title={FedNew: A communication-efficient and privacy-preserving Newton-type method for federated learning},
  author={Elgabli, Anis and Issaid, Chaouki Ben and Bedi, Amrit Singh and Rajawat, Ketan and Bennis, Mehdi and Aggarwal, Vaneet},
  booktitle={International conference on machine learning},
  pages={5861--5877},
  year={2022},
  organization={PMLR}
}


#federated 
@article{thompson1933likelihood,
	author = {Thompson, William R},
	journal = {Biometrika},
	number = {3/4},
	pages = {285--294},
	publisher = {JSTOR},
	title = {On the likelihood that one unknown probability exceeds another in view of the evidence of two samples},
	volume = {25},
	year = {1933}}

@techreport{chang2019cronus,
	author = {Chang, Hongyan and Shejwalkar, Virat and Shokri, Reza and Houmansadr, Amir},
	title = {Cronus: Robust and Heterogeneous Collaborative Learning with Black-Box Knowledge Transfer},
	type = {{arXiv}:1912.11279},
	year = {2019}}

@inproceedings{smith2017federated,
	author = {Smith, Virginia and Chiang, Chao-Kai and Sanjabi, Maziar and Talwalkar, Ameet S},
	booktitle = {Proc. {NeurIPS}},
	pages = {4424--4434},
	title = {Federated multi-task learning},
	year = {2017}}

@techreport{li2018federated,
	author = {Li, Tian and Sahu, Anit Kumar and Zaheer, Manzil and Sanjabi, Maziar and Talwalkar, Ameet and Smith, Virginia},
	title = {Federated optimization in heterogeneous networks},
	type = {{arXiv}:1812.06127},
	year = {2018}}

@article{russo2014learning,
	author = {Russo, Daniel and Van Roy, Benjamin},
	journal = {Mathematics of Operations Research},
	number = {4},
	pages = {1221--1243},
	publisher = {INFORMS},
	title = {Learning to optimize via posterior sampling},
	volume = {39},
	year = {2014}}

@inproceedings{chapelle2011empirical,
	author = {Chapelle, Olivier and Li, Lihong},
	booktitle = {Proc. {NeurIPS}},
	pages = {2249--2257},
	title = {An empirical evaluation of {Thompson} sampling},
	year = {2011}}

@techreport{russo2017tutorial,
	author = {Russo, Daniel and Van Roy, Benjamin and Kazerouni, Abbas and Osband, Ian and Wen, Zheng},
	title = {A tutorial on {Thompson} sampling},
	type = {{arXiv}:1707.02038},
	year = {2017}}

@inproceedings{agrawal2012analysis,
	author = {Agrawal, Shipra and Goyal, Navin},
	booktitle = {Proc. {COLT}},
	pages = {39--1},
	title = {Analysis of {Thompson} sampling for the multi-armed bandit problem},
	year = {2012}}

@inproceedings{agrawal2013further,
	author = {Agrawal, Shipra and Goyal, Navin},
	booktitle = {Proc. {AISTATS}},
	pages = {99--107},
	title = {Further optimal regret bounds for {Thompson} sampling},
	year = {2013}}

@inproceedings{kandasamy2018parallelised,
	author = {Kandasamy, Kirthevasan and Krishnamurthy, Akshay and Schneider, Jeff and P{\'o}czos, Barnab{\'a}s},
	booktitle = {Proc. {AISTATS}},
	pages = {133--142},
	title = {Parallelised {Bayesian} optimisation via {Thompson} sampling},
	year = {2018}}

@techreport{soleimani2019cross,
	author = {Soleimani, Elnaz and Nazerfard, Ehsan},
	title = {Cross-subject transfer learning in human activity recognition systems using generative adversarial networks},
	type = {arXiv:1903.12489},
	year = {2019}}

@inproceedings{anguita2013public,
	author = {Anguita, Davide and Ghio, Alessandro and Oneto, Luca and Parra, Xavier and Reyes-Ortiz, Jorge Luis},
	booktitle = {Proc. {ESANN}},
	title = {A public domain dataset for human activity recognition using smartphones.},
	year = {2013}}

@inproceedings{rahman2015unintrusive,
	author = {Rahman, Shah Atiqur and Merck, Christopher and Huang, Yuxiao and Kleinberg, Samantha},
	booktitle = {Proc. {PervasiveHealth}},
	organization = {IEEE},
	pages = {108--111},
	title = {Unintrusive eating recognition using {Google} Glass},
	year = {2015}}

@article{xue2007multi,
	author = {Xue, Ya and Liao, Xuejun and Carin, Lawrence and Krishnapuram, Balaji},
	journal = {Journal of Machine Learning Research},
	number = {Jan},
	pages = {35--63},
	title = {Multi-task learning for classification with dirichlet process priors},
	volume = {8},
	year = {2007}}

@inproceedings{bogunovic2018adversarially,
	author = {Bogunovic, Ilija and Scarlett, Jonathan and Jegelka, Stefanie and Cevher, Volkan},
	booktitle = {Proc. {NeurIPS}},
	pages = {5760--5770},
	title = {Adversarially robust optimization with gaussian processes},
	year = {2018}}

@inproceedings{dwork2006calibrating,
	author = {Dwork, Cynthia and McSherry, Frank and Nissim, Kobbi and Smith, Adam},
	booktitle = {Proc. {TCC}},
	organization = {Springer},
	pages = {265--284},
	title = {Calibrating noise to sensitivity in private data analysis},
	year = {2006}}

@article{dong2019gaussian,
	author = {Dong, Jinshuo and Roth, Aaron and Su, Weijie J},
	journal = {arXiv preprint arXiv:1905.02383},
	title = {Gaussian differential privacy},
	year = {2019}}

@article{bu2020deep,
	author = {Bu, Zhiqi and Dong, Jinshuo and Long, Qi and Su, Weijie J},
	journal = {Harvard data science review},
	number = {23},
	publisher = {NIH Public Access},
	title = {Deep learning with Gaussian differential privacy},
	volume = {2020},
	year = {2020}}

@inproceedings{cohen2020healing,
	author = {Cohen, Samuel and Mbuvha, Rendani and Marwala, Tshilidzi and Deisenroth, Marc},
	booktitle = {Proc. ICML},
	pages = {2068--2077},
	title = {Healing products of {Gaussian} process experts},
	year = {2020}}

@inproceedings{sessa2019no,
	author = {Sessa, Pier Giuseppe and Bogunovic, Ilija and Kamgarpour, Maryam and Krause, Andreas},
	booktitle = {Proc. {NeurIPS}},
	title = {No-Regret Learning in Unknown Games with Correlated Payoffs},
	year = {2019}}

@inproceedings{dai2020r2,
	author = {Dai, Zhongxiang and Chen, Yizhou and Low, Bryan Kian Hsiang and Jaillet, Patrick and Ho, Teck-Hua},
	booktitle = {Proc. {ICML}},
	title = {{R2-B2}: Recursive reasoning-based {Bayesian} optimization for no-regret learning in games},
	year = {2020}}

@inproceedings{sim2021collaborative,
	author = {Sim, Rachael Hwee Ling and Zhang, Yehong and Low, Bryan Kian Hsiang and Jaillet, Patrick},
	booktitle = {Proc. {ICML}},
	pages = {9691--9701},
	title = {Collaborative {Bayesian} Optimization with Fair Regret},
	year = {2021}}

@inproceedings{dai2019bayesian,
	author = {Dai, Zhongxiang and Yu, Haibin and Low, Bryan Kian Hsiang and Jaillet, Patrick},
	booktitle = {Proc. {ICML}},
	pages = {1496--1506},
	title = {Bayesian optimization meets {Bayesian} optimal stopping},
	year = {2019}}

@inproceedings{zhang2017information,
	author = {Zhang, Yehong and Hoang, Trong Nghia and Low, Bryan Kian Hsiang and Kankanhalli, Mohan},
	booktitle = {Proc. {NeurIPS} Workshop on {Bayesian} Optimization},
	title = {Information-based multi-fidelity {Bayesian} optimization},
	year = {2017}}

@inproceedings{zhang2020bayesian,
	author = {Zhang, Yehong and Dai, Zhongxiang and Low, Bryan Kian Hsiang},
	booktitle = {Proc. {UAI}},
	pages = {1222--1232},
	title = {Bayesian optimization with binary auxiliary information},
	year = {2020}}

@inproceedings{kandasamy2016gaussian,
	author = {Kandasamy, Kirthevasan and Dasarathy, Gautam and Oliva, Junier B and Schneider, Jeff and P{\'o}czos, Barnab{\'a}s},
	booktitle = {Proc. {NeurIPS}},
	pages = {992--1000},
	title = {{Gaussian} process bandit optimisation with multi-fidelity evaluations},
	year = {2016}}

@inproceedings{fan2021fault,
	author = {Fan, Xiaofeng and Ma, Yining and Dai, Zhongxiang and Jing, Wei and Tan, Cheston and Low, Bryan Kian Hsiang},
	booktitle = {Proc. {NeurIPS}},
	title = {Fault-Tolerant Federated Reinforcement Learning with Theoretical Guarantee},
	year = {2021}}

@inproceedings{nguyen2021value,
	author = {Nguyen, Quoc Phong and Dai, Zhongxiang and Low, Bryan Kian Hsiang and Jaillet, Patrick},
	booktitle = {Proc. {ICML}},
	title = {{Value-at-Risk} Optimization with {Gaussian} Processes},
	year = {2021}}

@inproceedings{nguyen2021optimizing,
	author = {Nguyen, Quoc Phong and Dai, Zhongxiang and Low, Bryan Kian Hsiang and Jaillet, Patrick},
	booktitle = {Proc. {NeurIPS}},
	title = {Optimizing Conditional {Value-At-Risk} of Black-Box Functions},
	year = {2021}}

@inproceedings{li2020practical,
	author = {Li, Qinbin and Wen, Zeyi and He, Bingsheng},
	booktitle = {Proc. {AAAI}},
	pages = {4642--4649},
	title = {Practical Federated Gradient Boosting Decision Trees},
	year = {2020}}

@inproceedings{li2020privacy,
	author = {Li, Qinbin and Wu, Zhaomin and Wen, Zeyi and He, Bingsheng},
	booktitle = {Proc. {AAAI}},
	pages = {784--791},
	title = {Privacy-Preserving Gradient Boosting Decision Trees},
	year = {2020}}

@techreport{li2019federated2,
	author = {Li, Qinbin and Wen, Zeyi and He, Bingsheng},
	title = {Federated learning systems: Vision, hype and reality for data privacy and protection},
	type = {{arXiv}:1907.09693},
	year = {2019}}

@article{wei2020federated,
	author = {Wei, Kang and Li, Jun and Ding, Ming and Ma, Chuan and Yang, Howard H and Farokhi, Farhad and Jin, Shi and Quek, Tony QS and Poor, H Vincent},
	journal = {IEEE Transactions on Information Forensics and Security},
	pages = {3454--3469},
	publisher = {IEEE},
	title = {Federated learning with differential privacy: Algorithms and performance analysis},
	volume = {15},
	year = {2020}}

@article{zhao2020local,
	author = {Zhao, Yang and Zhao, Jun and Yang, Mengmeng and Wang, Teng and Wang, Ning and Lyu, Lingjuan and Niyato, Dusit and Lam, Kwok-Yan},
	journal = {IEEE Internet of Things Journal},
	number = {11},
	pages = {8836--8853},
	publisher = {IEEE},
	title = {Local differential privacy-based federated learning for internet of things},
	volume = {8},
	year = {2020}}

@inproceedings{truex2019hybrid,
	author = {Truex, Stacey and Baracaldo, Nathalie and Anwar, Ali and Steinke, Thomas and Ludwig, Heiko and Zhang, Rui and Zhou, Yi},
	booktitle = {Proceedings of the 12th ACM Workshop on Artificial Intelligence and Security},
	pages = {1--11},
	title = {A hybrid approach to privacy-preserving federated learning},
	year = {2019}}

@article{hu2020personalized,
	author = {Hu, Rui and Guo, Yuanxiong and Li, Hongning and Pei, Qingqi and Gong, Yanmin},
	journal = {IEEE Internet of Things Journal},
	number = {10},
	pages = {9530--9539},
	publisher = {IEEE},
	title = {Personalized federated learning with differential privacy},
	volume = {7},
	year = {2020}}

@inproceedings{garcia2019fully,
	author = {Garcia-Barcos, Javier and Martinez-Cantin, Ruben},
	booktitle = {Proc. {IJCAI}},
	title = {Fully distributed {Bayesian} optimization with stochastic policies},
	year = {2019}}

@techreport{li2021federated,
	author = {Li, Qinbin and Diao, Yiqun and Chen, Quan and He, Bingsheng},
	title = {Federated learning on non-iid data silos: {An} experimental study},
	type = {{arXiv}:2102.02079},
	year = {2021}}

@inproceedings{li2021model,
	author = {Li, Qinbin and He, Bingsheng and Song, Dawn},
	booktitle = {Proc. {CVPR}},
	pages = {10713--10722},
	title = {Model-Contrastive Federated Learning},
	year = {2021}}

@techreport{khodak2021federated,
	author = {Khodak, Mikhail and Tu, Renbo and Li, Tian and Li, Liam and Balcan, Maria-Florina and Smith, Virginia and Talwalkar, Ameet},
	title = {Federated Hyperparameter Tuning: {Challenges}, Baselines, and Connections to Weight-Sharing},
	type = {{arXiv}:2106.04502},
	year = {2021}}

@techreport{holly2021evaluation,
	author = {Holly, Stephanie and Hiessl, Thomas and Lakani, Safoura Rezapour and Schall, Daniel and Heitzinger, Clemens and Kemnitz, Jana},
	title = {Evaluation of Hyperparameter-Optimization Approaches in an Industrial Federated Learning System},
	type = {{arXiv}:2110.08202},
	year = {2021}}

@inproceedings{nguyen2021trusted,
	author = {Nguyen, Quoc Phong and Wu, Zhaoxuan and Low, Bryan Kian Hsiang and Jaillet, Patrick},
	booktitle = {Proc. {UAI}},
	title = {Trusted-Maximizers Entropy Search for Efficient {Bayesian} Optimization},
	year = {2021}}

@inproceedings{nguyen2021top,
	author = {Nguyen, Quoc Phong and Tay, Sebastian and Low, Bryan Kian Hsiang and Jaillet, Patrick},
	booktitle = {Proc. {AAAI}},
	number = {10},
	pages = {9135--9143},
	title = {Top-k Ranking {Bayesian} Optimization},
	volume = {35},
	year = {2021}}

@inproceedings{balakrishnan2020efficient,
	author = {Balakrishnan, Sreejith and Nguyen, Quoc Phong and Low, Bryan Kian Hsiang and Soh, Harold},
	booktitle = {Proc. {NeurIPS}},
	title = {Efficient Exploration of Reward Functions in Inverse Reinforcement Learning via {Bayesian} Optimization},
	year = {2020}}

@inproceedings{kharkovskii2020nonmyopic,
	author = {Kharkovskii, Dmitrii and Ling, Chun Kai and Low, Bryan Kian Hsiang},
	booktitle = {Proc. {AISTATS}},
	pages = {4593--4604},
	title = {Nonmyopic {Gaussian} process optimization with macro-actions},
	year = {2020}}

@inproceedings{hoang2018decentralized,
	author = {Hoang, Trong Nghia and Hoang, Quang Minh and Ouyang, Ruofei and Low, Bryan Kian Hsiang},
	booktitle = {Proc. {AAAI}},
	number = {1},
	title = {Decentralized high-dimensional {Bayesian} optimization with factor graphs},
	volume = {32},
	year = {2018}}

@inproceedings{shi2021federated,
	author = {Shi, Chengshuai and Shen, Cong},
	booktitle = {Proc. {AAAI}},
	title = {Federated multi-armed bandits},
	year = {2021}}

@inproceedings{shi2021federatedwithpersonalization,
	author = {Shi, Chengshuai and Shen, Cong and Yang, Jing},
	booktitle = {Proc. {AISTATS}},
	pages = {2917--2925},
	title = {Federated multi-armed bandits with personalization},
	year = {2021}}

@article{zhu2021federated,
	author = {Zhu, Zhaowei and Zhu, Jingxuan and Liu, Ji and Liu, Yang},
	journal = {Proc. ACM Meas. Anal. Comput. Syst.},
	volume = 5,
	number = "1",
	pages = {1--29},
    articleno = {02},
	title = {Federated bandit: A gossiping approach},
	year = {2021}}

@inproceedings{dubey2020differentially,
	author = {Dubey, Abhimanyu and Pentland, Alex},
	booktitle = {Proc. {NeurIPS}},
	pages = {6003--6014},
	title = {Differentially-private federated linear bandits},
	year = {2020}}

@article{ciucanu2022samba,
	author = {Ciucanu, Radu and Lafourcade, Pascal and Marcadet, Gael and Soare, Marta},
	journal = {JAIR},
	title = {{SAMBA}: A Generic Framework for Secure Federated Multi-Armed Bandits},
	volume = 73,
	pages = "737--765",
	year = {2022}}

@article{li2022privacy,
	author = {Li, Tan and Song, Linqi},
	journal = {IEEE Journal on Selected Areas in Communications},
	publisher = {IEEE},
	title = {Privacy-Preserving Communication-Efficient Federated Multi-Armed Bandits},
	year = {2022}}

@inproceedings{huang2021federated,
	author = {Huang, Ruiquan and Wu, Weiqiang and Yang, Jing and Shen, Cong},
	booktitle = {Proc. {NeurIPS}},
	title = {Federated Linear Contextual Bandits},
	year = {2021}}

@inproceedings{li2021asynchronous,
	author = {Li, Chuanhao and Wang, Hongning},
	booktitle = {Proc. {AISTATS}},
	title = {Asynchronous Upper Confidence Bound Algorithms for Federated Linear Bandits},
	year = {2022}}

@inproceedings{dai2021differentially,
	author = {Dai, Zhongxiang and Low, Bryan Kian Hsiang and Jaillet, Patrick},
	booktitle = {Proc. {NeurIPS}},
	title = {Differentially private federated {Bayesian} optimization with distributed exploration},
	year = {2021}}

@article{wang2019distributed,
  title={Distributed bandit learning: Near-optimal regret with efficient communication},
  author={Wang, Yuanhao and Hu, Jiachen and Chen, Xiaoyu and Wang, Liwei},
  journal={arXiv preprint arXiv:1904.06309},
  year={2019}
}

@article{dai2020federated,
  title={Federated Bayesian optimization via Thompson sampling},
  author={Dai, Zhongxiang and Low, Bryan Kian Hsiang and Jaillet, Patrick},
  journal={Advances in Neural Information Processing Systems},
  volume={33},
  pages={9687--9699},
  year={2020}
}

@article{li2022communicationkcb,
  title={Communication efficient distributed learning for kernelized contextual bandits},
  author={Li, Chuanhao and Wang, Huazheng and Wang, Mengdi and Wang, Hongning},
  journal={Advances in Neural Information Processing Systems},
  volume={35},
  pages={19773--19785},
  year={2022}
}

@article{li2022communicationglb,
  title={Communication efficient federated learning for generalized linear bandits},
  author={Li, Chuanhao and Wang, Hongning},
  journal={Advances in Neural Information Processing Systems},
  volume={35},
  pages={38411--38423},
  year={2022}
}

@article{zhuo2019federated,
  title={Federated deep reinforcement learning},
  author={Zhuo, Hankz Hankui and Feng, Wenfeng and Lin, Yufeng and Xu, Qian and Yang, Qiang},
  journal={arXiv preprint arXiv:1901.08277},
  year={2019}
}

@article{zhou2021flora,
  title={Flora: Single-shot hyper-parameter optimization for federated learning},
  author={Zhou, Yi and Ram, Parikshit and Salonidis, Theodoros and Baracaldo, Nathalie and Samulowitz, Horst and Ludwig, Heiko},
  journal={arXiv preprint arXiv:2112.08524},
  year={2021}
}

@article{dai2022federated,
  title={Federated neural bandits},
  author={Dai, Zhongxiang and Shu, Yao and Verma, Arun and Fan, Flint Xiaofeng and Low, Bryan Kian Hsiang and Jaillet, Patrick},
  journal={arXiv preprint arXiv:2205.14309},
  year={2022}
}

@article{verma2024neural,
  title={Neural dueling bandits},
  author={Verma, Arun and Dai, Zhongxiang and Lin, Xiaoqiang and Jaillet, Patrick and Low, Bryan Kian Hsiang},
  journal={arXiv preprint arXiv:2407.17112},
  year={2024}
}
@article{lin2024prompt,
  title={Prompt Optimization with Human Feedback},
  author={Lin, Xiaoqiang and Dai, Zhongxiang and Verma, Arun and Ng, See-Kiong and Jaillet, Patrick and Low, Bryan Kian Hsiang},
  journal={arXiv preprint arXiv:2405.17346},
  year={2024}
}
@article{ji2024reinforcement,
  title={Reinforcement learning from human feedback with active queries},
  author={Ji, Kaixuan and He, Jiafan and Gu, Quanquan},
  journal={arXiv preprint arXiv:2402.09401},
  year={2024}
}
@article{hazan2016introduction,
  title={Introduction to online convex optimization},
  author={Hazan, Elad and others},
  journal={Foundations and Trends{\textregistered} in Optimization},
  volume={2},
  number={3-4},
  pages={157--325},
  year={2016},
  publisher={Now Publishers, Inc.}
}
@misc{wu2020stochasticlinearcontextualbandits,
      title={Stochastic Linear Contextual Bandits with Diverse Contexts}, 
      author={Weiqiang Wu and Jing Yang and Cong Shen},
      year={2020},
      eprint={2003.02681},
      archivePrefix={arXiv},
      primaryClass={cs.LG},
      url={https://arxiv.org/abs/2003.02681}, 
}
@misc{paszke2019pytorchimperativestylehighperformance,
      title={PyTorch: An Imperative Style, High-Performance Deep Learning Library}, 
      author={Adam Paszke and Sam Gross and Francisco Massa and Adam Lerer and James Bradbury and Gregory Chanan and Trevor Killeen and Zeming Lin and Natalia Gimelshein and Luca Antiga and Alban Desmaison and Andreas Köpf and Edward Yang and Zach DeVito and Martin Raison and Alykhan Tejani and Sasank Chilamkurthy and Benoit Steiner and Lu Fang and Junjie Bai and Soumith Chintala},
      year={2019},
      eprint={1912.01703},
      archivePrefix={arXiv},
      primaryClass={cs.LG},
      url={https://arxiv.org/abs/1912.01703}, 
}

@inproceedings{blaser2024federated,
  title={Federated Linear Contextual Bandits with Heterogeneous Clients},
  author={Blaser, Ethan and Li, Chuanhao and Wang, Hongning},
  booktitle={International Conference on Artificial Intelligence and Statistics},
  pages={631--639},
  year={2024},
  organization={PMLR}
}
@article{fan2024federated,
  title={Federated linear bandits with finite adversarial actions},
  author={Fan, Li and Zhou, Ruida and Tian, Chao and Shen, Cong},
  journal={Advances in Neural Information Processing Systems},
  volume={36},
  year={2024}
}
@inproceedings{yang2024federated,
  title={Federated Contextual Cascading Bandits with Asynchronous Communication and Heterogeneous Users},
  author={Yang, Hantao and Liu, Xutong and Wang, Zhiyong and Xie, Hong and Lui, John CS and Lian, Defu and Chen, Enhong},
  booktitle={Proceedings of the AAAI Conference on Artificial Intelligence},
  volume={38},
  number={18},
  pages={20596--20603},
  year={2024}
}
@article{solanki2024fairness,
  title={Fairness and Privacy Guarantees in Federated Contextual Bandits},
  author={Solanki, Sambhav and Jain, Shweta and Gujar, Sujit},
  journal={arXiv preprint arXiv:2402.03531},
  year={2024}
}
@article{fourati2024federated,
  title={Federated Combinatorial Multi-Agent Multi-Armed Bandits},
  author={Fourati, Fares and Alouini, Mohamed-Slim and Aggarwal, Vaneet},
  journal={arXiv preprint arXiv:2405.05950},
  year={2024}
}
@article{wang2024towards,
  title={Towards Fair and Scalable Trial Assignment in Federated Bandits: A Shapley Value Approach},
  author={Wang, Zibo and Zhu, Yifei and Wang, Dan and Han, Zhu},
  journal={IEEE Transactions on Big Data},
  year={2024},
  publisher={IEEE}
}
@inproceedings{li2024federated,
  title={Federated x-armed bandit},
  author={Li, Wenjie and Song, Qifan and Honorio, Jean and Lin, Guang},
  booktitle={Proceedings of the AAAI Conference on Artificial Intelligence},
  volume={38},
  number={12},
  pages={13628--13636},
  year={2024}
}
@article{wei2024incentivized,
  title={Incentivized Truthful Communication for Federated Bandits},
  author={Wei, Zhepei and Li, Chuanhao and Ren, Tianze and Xu, Haifeng and Wang, Hongning},
  journal={arXiv preprint arXiv:2402.04485},
  year={2024}
}
@article{li2024fedconpe,
  title={FedConPE: Efficient Federated Conversational Bandits with Heterogeneous Clients},
  author={Li, Zhuohua and Liu, Maoli and Lui, John},
  journal={arXiv preprint arXiv:2405.02881},
  year={2024}
}

