@inproceedings{AISTATS19_saha2019active,
  title={Active ranking with subset-wise preferences},
  author={Saha, Aadirupa and Gopalan, Aditya},
  booktitle={Proc. AISTATS},
  pages={3312--3321},
  year={2019}
}

@inproceedings{AISTATS22_saha2022exploiting,
  title={Exploiting correlation to achieve faster learning rates in low-rank preference bandits},
  author={Saha, Aadirupa and Ghoshal, Suprovat},
  booktitle={Proc. AISTATS},
  pages={456--482},
  year={2022}
}

@inproceedings{ALT19_saha2019pac,
  title={PAC battling bandits in the plackett-luce model},
  author={Saha, Aadirupa and Gopalan, Aditya},
  booktitle={Proc. ALT},
  pages={700--737},
  year={2019}
}

@inproceedings{ALT22_saha2022efficient,
  title={Efficient and optimal algorithms for contextual dueling bandits under realizability},
  author={Saha, Aadirupa and Krishnamurthy, Akshay},
  booktitle={Proc. ALT},
  pages={968--994},
  year={2022}
}

@inproceedings{COLT15_komiyama2015regret,
  title={Regret lower bound and optimal algorithm in dueling bandit problem},
  author={Komiyama, Junpei and Honda, Junya and Kashima, Hisashi and Nakagawa, Hiroshi},
  booktitle={Proc. COLT},
  pages={1141--1154},
  year={2015}
}

@inproceedings{ICML09_yue2009interactively,
  title={Interactively optimizing information retrieval systems as a dueling bandits problem},
  author={Yue, Yisong and Joachims, Thorsten},
  booktitle={Proc. ICML},
  pages={1201--1208},
  year={2009}
}

@inproceedings{ICML11_yue2011beat,
  title={Beat the mean bandit},
  author={Yue, Yisong and Joachims, Thorsten},
  booktitle={Proc. ICML},
  pages={241--248},
  year={2011}
}

@inproceedings{ICML14_ailon2014reducing,
  title={Reducing dueling bandits to cardinal bandits},
  author={Ailon, Nir and Karnin, Zohar and Joachims, Thorsten},
  booktitle={Proc. ICML},
  pages={856--864},
  year={2014}
}

@inproceedings{ICML14_zoghi2014relative,
  title={Relative upper confidence bound for the k-armed dueling bandit problem},
  author={Zoghi, Masrour and Whiteson, Shimon and Munos, Remi and Rijke, Maarten},
  booktitle={Proc. ICML},
  pages={10--18},
  year={2014}
}

@inproceedings{ICML15_gajane2015relative,
  title={A relative exponential weighing algorithm for adversarial utility-based dueling bandits},
  author={Gajane, Pratik and Urvoy, Tanguy and Cl{\'e}rot, Fabrice},
  booktitle={Proc. ICML},
  pages={218--227},
  year={2015}
}

@inproceedings{ICML22_bengs2022stochastic,
  title={Stochastic Contextual Dueling Bandits under Linear Stochastic Transitivity Models},
  author={Bengs, Viktor and Saha, Aadirupa and H{\"u}llermeier, Eyke},
  booktitle={Proc. ICML},
  pages={1764--1786},
  year={2022}
}

@inproceedings{ICML23_zhu2023principled,
  title={Principled reinforcement learning with human feedback from pairwise or k-wise comparisons},
  author={Zhu, Banghua and Jordan, Michael and Jiao, Jiantao},
  booktitle={Proc. ICML},
  pages={43037--43067},
  year={2023}
}

@article{JCSS12_yue2012k,
  title={The k-armed dueling bandits problem},
  author={Yue, Yisong and Broder, Josef and Kleinberg, Robert and Joachims, Thorsten},
  journal={Journal of Computer and System Sciences},
  pages={1538--1556},
  year={2012}
}

@inproceedings{NeurIPS21_saha2021optimal,
  title={Optimal Algorithms for Stochastic Contextual Preference Bandits},
  author={Saha, Aadirupa},
  booktitle={Proc. NeurIPS},
  pages={30050--30062},
  year={2021}
}

@inproceedings{UAI18_saha2018battle,
  title={Battle of Bandits},
  author={Saha, Aadirupa and Gopalan, Aditya},
  booktitle={Proc. UAI},
  pages={805--814},
  year={2018}
}

@inproceedings{WSDM14_zoghi2014relative,
  title={Relative confidence sampling for efficient on-line ranker evaluation},
  author={Zoghi, Masrour and Whiteson, Shimon A and De Rijke, Maarten and Munos, Remi},
  booktitle={Proc. WSDM},
  pages={73--82},
  year={2014}
}

@article{arXiv23_di2023variance,
  title={Variance-Aware Regret Bounds for Stochastic Contextual Dueling Bandits},
  author={Di, Qiwei and Jin, Tao and Wu, Yue and Zhao, Heyang and Farnoud, Farzad and Gu, Quanquan},
  journal={arXiv:2310.00968},
  year={2023}
}

@article{arXiv24_li2024feelgood,
    title={Feel-Good Thompson Sampling for Contextual Dueling Bandits}, 
    author={Xuheng Li and Heyang Zhao and Quanquan Gu},
    journal={arXiv:2404.06013},
    year={2024}
}

@inproceedings{blaser2024federated,
  title={Federated Linear Contextual Bandits with Heterogeneous Clients},
  author={Blaser, Ethan and Li, Chuanhao and Wang, Hongning},
  booktitle={International Conference on Artificial Intelligence and Statistics},
  pages={631--639},
  year={2024},
  organization={PMLR}
}

@article{ciucanu2022samba,
	author = {Ciucanu, Radu and Lafourcade, Pascal and Marcadet, Gael and Soare, Marta},
	journal = {JAIR},
	title = {{SAMBA}: A Generic Framework for Secure Federated Multi-Armed Bandits},
	volume = 73,
	pages = "737--765",
	year = {2022}}

@article{dai2020federated,
  title={Federated Bayesian optimization via Thompson sampling},
  author={Dai, Zhongxiang and Low, Bryan Kian Hsiang and Jaillet, Patrick},
  journal={Advances in Neural Information Processing Systems},
  volume={33},
  pages={9687--9699},
  year={2020}
}

@inproceedings{dai2021differentially,
	author = {Dai, Zhongxiang and Low, Bryan Kian Hsiang and Jaillet, Patrick},
	booktitle = {Proc. {NeurIPS}},
	title = {Differentially private federated {Bayesian} optimization with distributed exploration},
	year = {2021}}

@article{dai2022federated,
  title={Federated neural bandits},
  author={Dai, Zhongxiang and Shu, Yao and Verma, Arun and Fan, Flint Xiaofeng and Low, Bryan Kian Hsiang and Jaillet, Patrick},
  journal={arXiv preprint arXiv:2205.14309},
  year={2022}
}

@inproceedings{dubey2020differentially,
	author = {Dubey, Abhimanyu and Pentland, Alex},
	booktitle = {Proc. {NeurIPS}},
	pages = {6003--6014},
	title = {Differentially-private federated linear bandits},
	year = {2020}}

@inproceedings{fan2021fault,
	author = {Fan, Xiaofeng and Ma, Yining and Dai, Zhongxiang and Jing, Wei and Tan, Cheston and Low, Bryan Kian Hsiang},
	booktitle = {Proc. {NeurIPS}},
	title = {Fault-Tolerant Federated Reinforcement Learning with Theoretical Guarantee},
	year = {2021}}

@article{fan2024federated,
  title={Federated linear bandits with finite adversarial actions},
  author={Fan, Li and Zhou, Ruida and Tian, Chao and Shen, Cong},
  journal={Advances in Neural Information Processing Systems},
  volume={36},
  year={2024}
}

@article{fourati2024federated,
  title={Federated Combinatorial Multi-Agent Multi-Armed Bandits},
  author={Fourati, Fares and Alouini, Mohamed-Slim and Aggarwal, Vaneet},
  journal={arXiv preprint arXiv:2405.05950},
  year={2024}
}

@techreport{holly2021evaluation,
	author = {Holly, Stephanie and Hiessl, Thomas and Lakani, Safoura Rezapour and Schall, Daniel and Heitzinger, Clemens and Kemnitz, Jana},
	title = {Evaluation of Hyperparameter-Optimization Approaches in an Industrial Federated Learning System},
	type = {{arXiv}:2110.08202},
	year = {2021}}

@inproceedings{huang2021federated,
	author = {Huang, Ruiquan and Wu, Weiqiang and Yang, Jing and Shen, Cong},
	booktitle = {Proc. {NeurIPS}},
	title = {Federated Linear Contextual Bandits},
	year = {2021}}

@techreport{khodak2021federated,
	author = {Khodak, Mikhail and Tu, Renbo and Li, Tian and Li, Liam and Balcan, Maria-Florina and Smith, Virginia and Talwalkar, Ameet},
	title = {Federated Hyperparameter Tuning: {Challenges}, Baselines, and Connections to Weight-Sharing},
	type = {{arXiv}:2106.04502},
	year = {2021}}

@article{li2020federated,
  title={Federated optimization in heterogeneous networks},
  author={Li, Tian and Sahu, Anit Kumar and Zaheer, Manzil and Sanjabi, Maziar and Talwalkar, Ameet and Smith, Virginia},
  journal={Proceedings of Machine learning and systems},
  volume={2},
  pages={429--450},
  year={2020}
}

@inproceedings{li2021asynchronous,
	author = {Li, Chuanhao and Wang, Hongning},
	booktitle = {Proc. {AISTATS}},
	title = {Asynchronous Upper Confidence Bound Algorithms for Federated Linear Bandits},
	year = {2022}}

@article{li2022communicationglb,
  title={Communication efficient federated learning for generalized linear bandits},
  author={Li, Chuanhao and Wang, Hongning},
  journal={Advances in Neural Information Processing Systems},
  volume={35},
  pages={38411--38423},
  year={2022}
}

@article{li2022communicationkcb,
  title={Communication efficient distributed learning for kernelized contextual bandits},
  author={Li, Chuanhao and Wang, Huazheng and Wang, Mengdi and Wang, Hongning},
  journal={Advances in Neural Information Processing Systems},
  volume={35},
  pages={19773--19785},
  year={2022}
}

@article{li2022privacy,
	author = {Li, Tan and Song, Linqi},
	journal = {IEEE Journal on Selected Areas in Communications},
	publisher = {IEEE},
	title = {Privacy-Preserving Communication-Efficient Federated Multi-Armed Bandits},
	year = {2022}}

@article{li2024fedconpe,
  title={FedConPE: Efficient Federated Conversational Bandits with Heterogeneous Clients},
  author={Li, Zhuohua and Liu, Maoli and Lui, John},
  journal={arXiv preprint arXiv:2405.02881},
  year={2024}
}

@inproceedings{li2024federated,
  title={Federated x-armed bandit},
  author={Li, Wenjie and Song, Qifan and Honorio, Jean and Lin, Guang},
  booktitle={Proceedings of the AAAI Conference on Artificial Intelligence},
  volume={38},
  number={12},
  pages={13628--13636},
  year={2024}
}

@inproceedings{shi2021federated,
	author = {Shi, Chengshuai and Shen, Cong},
	booktitle = {Proc. {AAAI}},
	title = {Federated multi-armed bandits},
	year = {2021}}

@inproceedings{shi2021federatedwithpersonalization,
	author = {Shi, Chengshuai and Shen, Cong and Yang, Jing},
	booktitle = {Proc. {AISTATS}},
	pages = {2917--2925},
	title = {Federated multi-armed bandits with personalization},
	year = {2021}}

@article{solanki2024fairness,
  title={Fairness and Privacy Guarantees in Federated Contextual Bandits},
  author={Solanki, Sambhav and Jain, Shweta and Gujar, Sujit},
  journal={arXiv preprint arXiv:2402.03531},
  year={2024}
}

@article{verma2024neural,
  title={Neural dueling bandits},
  author={Verma, Arun and Dai, Zhongxiang and Lin, Xiaoqiang and Jaillet, Patrick and Low, Bryan Kian Hsiang},
  journal={arXiv preprint arXiv:2407.17112},
  year={2024}
}

@article{wang2019distributed,
  title={Distributed bandit learning: Near-optimal regret with efficient communication},
  author={Wang, Yuanhao and Hu, Jiachen and Chen, Xiaoyu and Wang, Liwei},
  journal={arXiv preprint arXiv:1904.06309},
  year={2019}
}

@article{wang2024towards,
  title={Towards Fair and Scalable Trial Assignment in Federated Bandits: A Shapley Value Approach},
  author={Wang, Zibo and Zhu, Yifei and Wang, Dan and Han, Zhu},
  journal={IEEE Transactions on Big Data},
  year={2024},
  publisher={IEEE}
}

@article{wei2024incentivized,
  title={Incentivized Truthful Communication for Federated Bandits},
  author={Wei, Zhepei and Li, Chuanhao and Ren, Tianze and Xu, Haifeng and Wang, Hongning},
  journal={arXiv preprint arXiv:2402.04485},
  year={2024}
}

@inproceedings{yang2024federated,
  title={Federated Contextual Cascading Bandits with Asynchronous Communication and Heterogeneous Users},
  author={Yang, Hantao and Liu, Xutong and Wang, Zhiyong and Xie, Hong and Lui, John CS and Lian, Defu and Chen, Enhong},
  booktitle={Proceedings of the AAAI Conference on Artificial Intelligence},
  volume={38},
  number={18},
  pages={20596--20603},
  year={2024}
}

@article{zhou2021flora,
  title={Flora: Single-shot hyper-parameter optimization for federated learning},
  author={Zhou, Yi and Ram, Parikshit and Salonidis, Theodoros and Baracaldo, Nathalie and Samulowitz, Horst and Ludwig, Heiko},
  journal={arXiv preprint arXiv:2112.08524},
  year={2021}
}

@article{zhu2021federated,
	author = {Zhu, Zhaowei and Zhu, Jingxuan and Liu, Ji and Liu, Yang},
	journal = {Proc. ACM Meas. Anal. Comput. Syst.},
	volume = 5,
	number = "1",
	pages = {1--29},
    articleno = {02},
	title = {Federated bandit: A gossiping approach},
	year = {2021}}

@article{zhuo2019federated,
  title={Federated deep reinforcement learning},
  author={Zhuo, Hankz Hankui and Feng, Wenfeng and Lin, Yufeng and Xu, Qian and Yang, Qiang},
  journal={arXiv preprint arXiv:1901.08277},
  year={2019}
}

