@article{Zhang_2023,
doi = {10.3847/1538-3881/acac24},
year = {2023},
month = {feb},
publisher = {The American Astronomical Society},
volume = {165},
number = {3},
pages = {77},
author = {Yajie Zhang, Ce Yu, Chao Sun, Zhaohui Shang, Yi Hu, Huiyu Zhi, Jinmao Yang and Shanjiang Tang},
title = {A Multilevel Scheduling Framework for Distributed Time-domain Large-area Sky Survey Telescope Array},
journal = {The Astronomical Journal}
}

@article{brvcic2019planning,
  title={Planning horizons based proactive rescheduling for stochastic resource-constrained project scheduling problems},
  author={Br{\v{c}}i{\'c}, Mario and Kati{\'c}, Marija and Hlupi{\'c}, Nikica},
  journal={European Journal of Operational Research},
  volume={273},
  number={1},
  pages={58--66},
  year={2019},
  publisher={Elsevier}
}

@article{cai2024deep,
  title={Deep reinforcement learning for solving resource constrained project scheduling problems with resource disruptions},
  author={Cai, Hongxia and Bian, Yunqi and Liu, Lilan},
  journal={Robotics and Computer-Integrated Manufacturing},
  volume={85},
  pages={102628},
  year={2024},
  publisher={Elsevier}
}

@article{chen2019learning,
  title={Learning to perform local rewriting for combinatorial optimization},
  author={Chen, Xinyun and Tian, Yuandong},
  journal={Advances in Neural Information Processing Systems},
  volume={32},
  year={2019}
}

@article{chowdhury2019drls,
  title={DA-DRLS: Drift adaptive deep reinforcement learning based scheduling for IoT resource management},
  author={Chowdhury, Abishi and Raut, Shital A and Narman, Husnu S},
  journal={Journal of Network and Computer Applications},
  volume={138},
  pages={51--65},
  year={2019},
  publisher={Elsevier}
}

@book{demeulemeester2002project,
  title={Project scheduling: a research handbook},
  author={Demeulemeester, Erik Leuven and Herroelen, Willy and Herroelen, Willy S},
  volume={49},
  year={2002},
  publisher={Springer Science \& Business Media}
}

@article{feng2024gas,
  title={Gas system scheduling strategy for steel metallurgical process based on multi-objective differential evolution},
  author={Feng, Lili and Peng, Jun and Huang, Zhaojun},
  journal={Information Sciences},
  volume={654},
  pages={119817},
  year={2024},
  publisher={Elsevier}
}

@article{hartmann2022updated,
  title={An updated survey of variants and extensions of the resource-constrained project scheduling problem},
  author={Hartmann, S{\"o}nke and Briskorn, Dirk},
  journal={European Journal of operational research},
  volume={297},
  number={1},
  pages={1--14},
  year={2022},
  publisher={Elsevier}
}

@article{iqbal2022alma,
  title={ALMA: Hierarchical Learning for Composite Multi-Agent Tasks},
  author={Iqbal, Shariq and Costales, Robby and Sha, Fei},
  journal={Advances in Neural Information Processing Systems},
  volume={35},
  pages={7155--7166},
  year={2022}
}

@article{jia2023observation,
  title={Observation Strategy Optimization for Distributed Telescope Arrays with Deep Reinforcement Learning},
  author={Jia, Peng and Jia, Qiwei and Jiang, Tiancheng and Liu, Jifeng},
  journal={The Astronomical Journal},
  volume={165},
  number={6},
  pages={233},
  year={2023},
  publisher={IOP Publishing}
}

@article{lambrechts2008tabu,
  title={A tabu search procedure for developing robust predictive project schedules},
  author={Lambrechts, Olivier and Demeulemeester, Erik and Herroelen, Willy},
  journal={International Journal of Production Economics},
  volume={111},
  number={2},
  pages={493--508},
  year={2008},
  publisher={Elsevier}
}

@article{lambrechts2011time,
  title={Time slack-based techniques for robust project scheduling subject to resource uncertainty},
  author={Lambrechts, Olivier and Demeulemeester, Erik and Herroelen, Willy},
  journal={Annals of operations Research},
  volume={186},
  pages={443--464},
  year={2011},
  publisher={Springer}
}

@article{lampoudi2015integer,
  author       = {Sotiria Lampoudi and
                  Eric Saunders and
                  Jason Eastman},
  title        = {An Integer Linear Programming Solution to the Telescope Network Scheduling
                  Problem},
  journal      = {CoRR},
  volume       = {abs/1503.07170},
  year         = {2015},
  eprinttype    = {arXiv},
  eprint       = {1503.07170},
  timestamp    = {Mon, 13 Aug 2018 16:47:48 +0200},
  biburl       = {https://dblp.org/rec/journals/corr/LampoudiSE15.bib},
  bibsource    = {dblp computer science bibliography, https://dblp.org}
}

@article{li2015solving,
  title={Solving stochastic resource-constrained project scheduling problems by closed-loop approximate dynamic programming},
  author={Li, Haitao and Womer, Norman K},
  journal={European Journal of Operational Research},
  volume={246},
  number={1},
  pages={20--33},
  year={2015},
  publisher={Elsevier}
}

@article{liu2018research,
  title={Research on scheduling of robotic transient survey for Antarctic Survey Telescopes (AST3)},
  author={Liu, Qiang and Wei, Peng and Shang, Zhao-Hui and Ma, Bin and Hu, Yi},
  journal={Research in Astronomy and Astrophysics},
  volume={18},
  number={1},
  pages={005},
  year={2018},
  publisher={IOP Publishing}
}

@article{liu2023late,
  title={A late-mover genetic algorithm for resource-constrained project-scheduling problems},
  author={Liu, Yongping and Huang, Lizhen and Liu, Xiufeng and Ji, Guomin and Cheng, Xu and Onstein, Erling},
  journal={Information Sciences},
  volume={642},
  pages={119164},
  year={2023},
  publisher={Elsevier}
}

@inproceedings{mao2016resource,
  title={Resource management with deep reinforcement learning},
  author={Mao, Hongzi and Alizadeh, Mohammad and Menache, Ishai and Kandula, Srikanth},
  booktitle={Proceedings of the 15th ACM workshop on hot topics in networks},
  pages={50--56},
  year={2016}
}

@article{mazyavkina2021reinforcement,
  title={Reinforcement learning for combinatorial optimization: A survey},
  author={Mazyavkina, Nina and Sviridov, Sergey and Ivanov, Sergei and Burnaev, Evgeny},
  journal={Computers \& Operations Research},
  volume={134},
  pages={105400},
  year={2021},
  publisher={Elsevier}
}

@article{solar2016scheduling,
  title={A scheduling model for astronomy},
  author={Solar, Mauricio and Michelon, Philippe and Avarias, Jorge and Garc{\'e}s, Mario},
  journal={Astronomy and Computing},
  volume={15},
  pages={90--104},
  year={2016},
  publisher={Elsevier}
}

@article{teichteil2023fast,
  title={Fast and Robust Resource-Constrained Scheduling with Graph Neural Networks},
  author={Teichteil-K{\"o}nigsbuch, Florent and Pov{\'e}da, Guillaume and de Garibay Barba, Guillermo Gonz{\'a}lez and Luchterhand, Tim and Thi{\'e}baux, Sylvie},
 journal={Proceedings of the International Conference on Automated Planning and Scheduling},
  volume={33},
  number={1},
  pages={623-633},
  year={2023}
}

@article{tran2022reinforcement,
  title={Reinforcement learning based resource management for fog computing environment: Literature review, challenges, and open issues},
  author={Tran-Dang, Hoa and Bhardwaj, Sanjay and Rahim, Tariq and Musaddiq, Arslan and Kim, Dong-Seong},
  journal={Journal of Communications and Networks},
  volume={24},
  number={1},
  pages={83--98},
  year={2022},
  publisher={KICS}
}

@article{van2008proactive,
  title={Proactive heuristic procedures for robust project scheduling: An experimental analysis},
  author={Van de Vonder, Stijn and Demeulemeester, Erik and Herroelen, Willy},
  journal={European Journal of Operational Research},
  volume={189},
  number={3},
  pages={723--733},
  year={2008},
  publisher={Elsevier}
}

@article{wang2021dynamic,
  title={Dynamic job-shop scheduling in smart manufacturing using deep reinforcement learning},
  author={Wang, Libing and Hu, Xin and Wang, Yin and Xu, Sujie and Ma, Shijun and Yang, Kexin and Liu, Zhijun and Wang, Weidong},
  journal={Computer networks},
  volume={190},
  pages={107969},
  year={2021},
  publisher={Elsevier}
}

@article{xie2021approximate,
  title={An approximate dynamic programming approach to project scheduling with uncertain resource availabilities},
  author={Xie, Fang and Li, Haitao and Xu, Zhe},
  journal={Applied Mathematical Modelling},
  volume={97},
  pages={226--243},
  year={2021},
  publisher={Elsevier}
}

@article{yu2020reinforcement,
  title={Reinforcement learning with tree-lstm for join order selection},
  author={Yu, Xiang and Li, Guoliang and Chai, Chengliang and Tang, Nan},
  journal={2020 IEEE 36th International Conference on Data Engineering (ICDE)},
  pages={1297--1308},
  year={2020},
  organization={IEEE}
}

@article{zhou2023reinforcement,
  title={Reinforcement-Learning-Based Adaptive Iterated Local Search Approach to Integrated Order Batching and Job Assignment Problems in a Smart Warehouse: Driving Growth for Logistics and Retail},
  author={Zhou, LiJie and Lin, ChengRan and Cao, ZhengCai},
  journal={IEEE Robotics \& Automation Magazine},
  year={2023},
  publisher={IEEE},

  volume={30},
  number={2},
  pages={34-45},
  doi={10.1109/MRA.2023.3265515}
}

