@article{as_survey,
  title={Temporal action segmentation: An analysis of modern techniques},
  author={Ding, Guodong and Sener, Fadime and Yao, Angela},
  journal={IEEE Transactions on Pattern Analysis and Machine Intelligence},
  year={2023},
  publisher={IEEE}
}

@inproceedings{coin_dataset,
  title={Coin: A large-scale dataset for comprehensive instructional video analysis},
  author={Tang, Yansong and Ding, Dajun and Rao, Yongming and Zheng, Yu and Zhang, Danyang and Zhao, Lili and Lu, Jiwen and Zhou, Jie},
  booktitle={Proceedings of the IEEE/CVF Conference on Computer Vision and Pattern Recognition},
  pages={1207--1216},
  year={2019}
}

@inproceedings{assembly101_dataset,
  title={Assembly101: A large-scale multi-view video dataset for understanding procedural activities},
  author={Sener, Fadime and Chatterjee, Dibyadip and Shelepov, Daniel and He, Kun and Singhania, Dipika and Wang, Robert and Yao, Angela},
  booktitle={Proceedings of the IEEE/CVF Conference on Computer Vision and Pattern Recognition},
  pages={21096--21106},
  year={2022}
}

@inproceedings{breakfast_dataset,
  title={The language of actions: Recovering the syntax and semantics of goal-directed human activities},
  author={Kuehne, Hilde and Arslan, Ali and Serre, Thomas},
  booktitle={Proceedings of the IEEE conference on computer vision and pattern recognition},
  pages={780--787},
  year={2014}
}

@inproceedings{unloc,
  title={Unloc: A unified framework for video localization tasks},
  author={Yan, Shen and Xiong, Xuehan and Nagrani, Arsha and Arnab, Anurag and Wang, Zhonghao and Ge, Weina and Ross, David and Schmid, Cordelia},
  booktitle={Proceedings of the IEEE/CVF International Conference on Computer Vision},
  pages={13623--13633},
  year={2023}
}

@article{survey_moment_retrieval,
  title={A survey on video moment localization},
  author={Liu, Meng and Nie, Liqiang and Wang, Yunxiao and Wang, Meng and Rui, Yong},
  journal={ACM Computing Surveys},
  volume={55},
  number={9},
  pages={1--37},
  year={2023},
  publisher={ACM New York, NY}
}

@article{dense_video_captioning_survey,
  title={Dense Video Captioning: A Survey of Techniques, Datasets and Evaluation Protocols},
  author={Qasim, Iqra and Horsch, Alexander and Prasad, Dilip K},
  journal={arXiv preprint arXiv:2311.02538},
  year={2023}
}


@inproceedings{unsupervised_as,
  title={Unsupervised action segmentation by joint representation learning and online clustering},
  author={Kumar, Sateesh and Haresh, Sanjay and Ahmed, Awais and Konin, Andrey and Zia, M Zeeshan and Tran, Quoc-Huy},
  booktitle={Proceedings of the IEEE/CVF Conference on Computer Vision and Pattern Recognition},
  pages={20174--20185},
  year={2022}
}

@inproceedings{semi_supervised_as,
  title={Leveraging Action Affinity and Continuity for Semi-supervised Temporal Action Segmentation},
  author={Ding, Guodong and Yao, Angela},
  booktitle={European Conference on Computer Vision},
  pages={17--32},
  year={2022},
  organization={Springer}
}

@inproceedings{weakly_supervised_as,
  title={Weakly-supervised action segmentation and alignment via transcript-aware union-of-subspaces learning},
  author={Lu, Zijia and Elhamifar, Ehsan},
  booktitle={Proceedings of the IEEE/CVF International Conference on Computer Vision},
  pages={8085--8095},
  year={2021}
}

@inproceedings{effprompt,
  title={Prompting visual-language models for efficient video understanding},
  author={Ju, Chen and Han, Tengda and Zheng, Kunhao and Zhang, Ya and Xie, Weidi},
  booktitle={European Conference on Computer Vision},
  pages={105--124},
  year={2022},
  organization={Springer}
}


@inproceedings{asformer,
  author       = {Fangqiu Yi and
                  Hongyu Wen and
                  Tingting Jiang},
  title        = {ASFormer: Transformer for Action Segmentation},
  booktitle    = {32nd British Machine Vision Conference 2021, {BMVC} 2021, Online,
                  November 22-25, 2021},
  pages        = {236},
  publisher    = {{BMVA} Press},
  year         = {2021},
  url          = {https://www.bmvc2021-virtualconference.com/assets/papers/0183.pdf},
  timestamp    = {Wed, 22 Jun 2022 16:52:45 +0200},
  biburl       = {https://dblp.org/rec/conf/bmvc/YiWJ21.bib},
  bibsource    = {dblp computer science bibliography, https://dblp.org}
}

@inproceedings{ms_tcn,
  title={Ms-tcn: Multi-stage temporal convolutional network for action segmentation},
  author={Farha, Yazan Abu and Gall, Jurgen},
  booktitle={Proceedings of the IEEE/CVF conference on computer vision and pattern recognition},
  pages={3575--3584},
  year={2019}
}

@inproceedings{st_cnn,
  title={Segmental spatiotemporal cnns for fine-grained action segmentation},
  author={Lea, Colin and Reiter, Austin and Vidal, Ren{\'e} and Hager, Gregory D},
  booktitle={Computer Vision--ECCV 2016: 14th European Conference, Amsterdam, The Netherlands, October 11-14, 2016, Proceedings, Part III 14},
  pages={36--52},
  year={2016},
  organization={Springer}
}

@inproceedings{sl3,
  author       = {Pratyusha Sharma and
                  Antonio Torralba and
                  Jacob Andreas},
  editor       = {Smaranda Muresan and
                  Preslav Nakov and
                  Aline Villavicencio},
  title        = {Skill Induction and Planning with Latent Language},
  booktitle    = {Proceedings of the 60th Annual Meeting of the Association for Computational
                  Linguistics (Volume 1: Long Papers), {ACL} 2022, Dublin, Ireland,
                  May 22-27, 2022},
  pages        = {1713--1726},
  publisher    = {Association for Computational Linguistics},
  year         = {2022},
  url          = {https://doi.org/10.18653/v1/2022.acl-long.120},
  doi          = {10.18653/V1/2022.ACL-LONG.120},
  timestamp    = {Mon, 01 Aug 2022 16:27:51 +0200},
  biburl       = {https://dblp.org/rec/conf/acl/Sharma0A22.bib},
  bibsource    = {dblp computer science bibliography, https://dblp.org}
}
@article{calvin,
  title={Calvin: A benchmark for language-conditioned policy learning for long-horizon robot manipulation tasks},
  author={Mees, Oier and Hermann, Lukas and Rosete-Beas, Erick and Burgard, Wolfram},
  journal={IEEE Robotics and Automation Letters},
  volume={7},
  number={3},
  pages={7327--7334},
  year={2022},
  publisher={IEEE}
}

@inproceedings{labelling_model,
  author       = {Ted Xiao and
                  Harris Chan and
                  Pierre Sermanet and
                  Ayzaan Wahid and
                  Anthony Brohan and
                  Karol Hausman and
                  Sergey Levine and
                  Jonathan Tompson},
  editor       = {Kostas E. Bekris and
                  Kris Hauser and
                  Sylvia L. Herbert and
                  Jingjin Yu},
  title        = {Robotic Skill Acquisition via Instruction Augmentation with Vision-Language
                  Models},
  booktitle    = {Robotics: Science and Systems XIX, Daegu, Republic of Korea, July
                  10-14, 2023},
  year         = {2023},
  url          = {https://doi.org/10.15607/RSS.2023.XIX.029},
  doi          = {10.15607/RSS.2023.XIX.029},
  timestamp    = {Thu, 20 Jul 2023 15:37:49 +0200},
  biburl       = {https://dblp.org/rec/conf/rss/XiaoCSWBHLT23.bib},
  bibsource    = {dblp computer science bibliography, https://dblp.org}
}

@inproceedings{clip,
  author       = {Alec Radford and
                  Jong Wook Kim and
                  Chris Hallacy and
                  Aditya Ramesh and
                  Gabriel Goh and
                  Sandhini Agarwal and
                  Girish Sastry and
                  Amanda Askell and
                  Pamela Mishkin and
                  Jack Clark and
                  Gretchen Krueger and
                  Ilya Sutskever},
  editor       = {Marina Meila and
                  Tong Zhang},
  title        = {Learning Transferable Visual Models From Natural Language Supervision},
  booktitle    = {Proceedings of the 38th International Conference on Machine Learning,
                  {ICML} 2021, 18-24 July 2021, Virtual Event},
  series       = {Proceedings of Machine Learning Research},
  volume       = {139},
  pages        = {8748--8763},
  publisher    = {{PMLR}},
  year         = {2021},
  url          = {http://proceedings.mlr.press/v139/radford21a.html},
  timestamp    = {Wed, 25 Aug 2021 17:11:17 +0200},
  biburl       = {https://dblp.org/rec/conf/icml/RadfordKHRGASAM21.bib},
  bibsource    = {dblp computer science bibliography, https://dblp.org}
}

@inproceedings{mcil_original,
  author       = {Corey Lynch and
                  Pierre Sermanet},
  editor       = {Dylan A. Shell and
                  Marc Toussaint and
                  M. Ani Hsieh},
  title        = {Language Conditioned Imitation Learning Over Unstructured Data},
  booktitle    = {Robotics: Science and Systems XVII, Virtual Event, July 12-16, 2021},
  year         = {2021},
  url          = {https://doi.org/10.15607/RSS.2021.XVII.047},
  doi          = {10.15607/RSS.2021.XVII.047},
  timestamp    = {Wed, 21 Jul 2021 17:07:40 +0200},
  biburl       = {https://dblp.org/rec/conf/rss/LynchS21.bib},
  bibsource    = {dblp computer science bibliography, https://dblp.org}
}

@article{hulk,
  author       = {Oier Mees and
                  Luk{\'{a}}s Hermann and
                  Wolfram Burgard},
  title        = {What Matters in Language Conditioned Robotic Imitation Learning Over
                  Unstructured Data},
  journal      = {{IEEE} Robotics Autom. Lett.},
  volume       = {7},
  number       = {4},
  pages        = {11205--11212},
  year         = {2022},
  url          = {https://doi.org/10.1109/LRA.2022.3196123},
  doi          = {10.1109/LRA.2022.3196123},
  timestamp    = {Mon, 05 Dec 2022 13:33:46 +0100},
  biburl       = {https://dblp.org/rec/journals/ral/MeesHB22.bib},
  bibsource    = {dblp computer science bibliography, https://dblp.org}
}

@inproceedings{open_ai_instruction_following,
  author       = {Long Ouyang and
                  Jeffrey Wu and
                  Xu Jiang and
                  Diogo Almeida and
                  Carroll L. Wainwright and
                  Pamela Mishkin and
                  Chong Zhang and
                  Sandhini Agarwal and
                  Katarina Slama and
                  Alex Ray and
                  John Schulman and
                  Jacob Hilton and
                  Fraser Kelton and
                  Luke Miller and
                  Maddie Simens and
                  Amanda Askell and
                  Peter Welinder and
                  Paul F. Christiano and
                  Jan Leike and
                  Ryan Lowe},
  editor       = {Sanmi Koyejo and
                  S. Mohamed and
                  A. Agarwal and
                  Danielle Belgrave and
                  K. Cho and
                  A. Oh},
  title        = {Training language models to follow instructions with human feedback},
  booktitle    = {Advances in Neural Information Processing Systems 35: Annual Conference
                  on Neural Information Processing Systems 2022, NeurIPS 2022, New Orleans,
                  LA, USA, November 28 - December 9, 2022},
  year         = {2022},
  timestamp    = {Mon, 08 Jan 2024 16:31:36 +0100},
  biburl       = {https://dblp.org/rec/conf/nips/Ouyang0JAWMZASR22.bib},
  bibsource    = {dblp computer science bibliography, https://dblp.org}
}

@inproceedings{video_diffusion_models,
  author       = {Jonathan Ho and
                  Tim Salimans and
                  Alexey A. Gritsenko and
                  William Chan and
                  Mohammad Norouzi and
                  David J. Fleet},
  editor       = {Sanmi Koyejo and
                  S. Mohamed and
                  A. Agarwal and
                  Danielle Belgrave and
                  K. Cho and
                  A. Oh},
  title        = {Video Diffusion Models},
  booktitle    = {Advances in Neural Information Processing Systems 35: Annual Conference
                  on Neural Information Processing Systems 2022, NeurIPS 2022, New Orleans,
                  LA, USA, November 28 - December 9, 2022},
  year         = {2022},
  timestamp    = {Mon, 08 Jan 2024 16:31:32 +0100},
  biburl       = {https://dblp.org/rec/conf/nips/HoSGC0F22.bib},
  bibsource    = {dblp computer science bibliography, https://dblp.org}
}
@inproceedings{imagen,
  author       = {Chitwan Saharia and
                  William Chan and
                  Saurabh Saxena and
                  Lala Li and
                  Jay Whang and
                  Emily L. Denton and
                  Seyed Kamyar Seyed Ghasemipour and
                  Raphael Gontijo Lopes and
                  Burcu Karagol Ayan and
                  Tim Salimans and
                  Jonathan Ho and
                  David J. Fleet and
                  Mohammad Norouzi},
  editor       = {Sanmi Koyejo and
                  S. Mohamed and
                  A. Agarwal and
                  Danielle Belgrave and
                  K. Cho and
                  A. Oh},
  title        = {Photorealistic Text-to-Image Diffusion Models with Deep Language Understanding},
  booktitle    = {Advances in Neural Information Processing Systems 35: Annual Conference
                  on Neural Information Processing Systems 2022, NeurIPS 2022, New Orleans,
                  LA, USA, November 28 - December 9, 2022},
  year         = {2022},
  timestamp    = {Mon, 08 Jan 2024 16:31:36 +0100},
  biburl       = {https://dblp.org/rec/conf/nips/SahariaCSLWDGLA22.bib},
  bibsource    = {dblp computer science bibliography, https://dblp.org}
}

@article{gpt4,
  author       = {OpenAI},
  title        = {{GPT-4} Technical Report},
  journal      = {CoRR},
  volume       = {abs/2303.08774},
  year         = {2023},
  url          = {https://doi.org/10.48550/arXiv.2303.08774},
  doi          = {10.48550/ARXIV.2303.08774},
  eprinttype    = {arXiv},
  eprint       = {2303.08774},
  timestamp    = {Mon, 28 Aug 2023 21:26:19 +0200},
  biburl       = {https://dblp.org/rec/journals/corr/abs-2303-08774.bib},
  bibsource    = {dblp computer science bibliography, https://dblp.org}
}

@article{voicebox,
  author       = {Matthew Le and
                  Apoorv Vyas and
                  Bowen Shi and
                  Brian Karrer and
                  Leda Sari and
                  Rashel Moritz and
                  Mary Williamson and
                  Vimal Manohar and
                  Yossi Adi and
                  Jay Mahadeokar and
                  Wei{-}Ning Hsu},
  title        = {Voicebox: Text-Guided Multilingual Universal Speech Generation at
                  Scale},
  journal      = {CoRR},
  volume       = {abs/2306.15687},
  year         = {2023},
  url          = {https://doi.org/10.48550/arXiv.2306.15687},
  doi          = {10.48550/ARXIV.2306.15687},
  eprinttype    = {arXiv},
  eprint       = {2306.15687},
  timestamp    = {Mon, 03 Jul 2023 12:06:15 +0200},
  biburl       = {https://dblp.org/rec/journals/corr/abs-2306-15687.bib},
  bibsource    = {dblp computer science bibliography, https://dblp.org}
}


@article{fm_seq_decision_making,
  author       = {Sherry Yang and
                  Ofir Nachum and
                  Yilun Du and
                  Jason Wei and
                  Pieter Abbeel and
                  Dale Schuurmans},
  title        = {Foundation Models for Decision Making: Problems, Methods, and Opportunities},
  journal      = {CoRR},
  volume       = {abs/2303.04129},
  year         = {2023},
  url          = {https://doi.org/10.48550/arXiv.2303.04129},
  doi          = {10.48550/ARXIV.2303.04129},
  eprinttype    = {arXiv},
  eprint       = {2303.04129},
  timestamp    = {Wed, 15 Mar 2023 17:23:45 +0100},
  biburl       = {https://dblp.org/rec/journals/corr/abs-2303-04129.bib},
  bibsource    = {dblp computer science bibliography, https://dblp.org}
}

@article{rtx2,
  author       = {Anthony Brohan and
                  Noah Brown and
                  Justice Carbajal and
                  Yevgen Chebotar and
                  Xi Chen and
                  Krzysztof Choromanski and
                  Tianli Ding and
                  Danny Driess and
                  Avinava Dubey and
                  Chelsea Finn and
                  Pete Florence and
                  Chuyuan Fu and
                  Montse Gonzalez Arenas and
                  Keerthana Gopalakrishnan and
                  Kehang Han and
                  Karol Hausman and
                  Alexander Herzog and
                  Jasmine Hsu and
                  Brian Ichter and
                  Alex Irpan and
                  Nikhil J. Joshi and
                  Ryan Julian and
                  Dmitry Kalashnikov and
                  Yuheng Kuang and
                  Isabel Leal and
                  Lisa Lee and
                  Tsang{-}Wei Edward Lee and
                  Sergey Levine and
                  Yao Lu and
                  Henryk Michalewski and
                  Igor Mordatch and
                  Karl Pertsch and
                  Kanishka Rao and
                  Krista Reymann and
                  Michael S. Ryoo and
                  Grecia Salazar and
                  Pannag Sanketi and
                  Pierre Sermanet and
                  Jaspiar Singh and
                  Anikait Singh and
                  Radu Soricut and
                  Huong T. Tran and
                  Vincent Vanhoucke and
                  Quan Vuong and
                  Ayzaan Wahid and
                  Stefan Welker and
                  Paul Wohlhart and
                  Jialin Wu and
                  Fei Xia and
                  Ted Xiao and
                  Peng Xu and
                  Sichun Xu and
                  Tianhe Yu and
                  Brianna Zitkovich},
  title        = {{RT-2:} Vision-Language-Action Models Transfer Web Knowledge to Robotic
                  Control},
  journal      = {CoRR},
  volume       = {abs/2307.15818},
  year         = {2023},
  url          = {https://doi.org/10.48550/arXiv.2307.15818},
  doi          = {10.48550/ARXIV.2307.15818},
  eprinttype    = {arXiv},
  eprint       = {2307.15818},
  timestamp    = {Thu, 07 Dec 2023 20:38:29 +0100},
  biburl       = {https://dblp.org/rec/journals/corr/abs-2307-15818.bib},
  bibsource    = {dblp computer science bibliography, https://dblp.org}
}

@inproceedings{sample_efficient_instruction_following,
  author       = {Albert Yu and
                  Raymond J. Mooney},
  title        = {Using Both Demonstrations and Language Instructions to Efficiently
                  Learn Robotic Tasks},
  booktitle    = {The Eleventh International Conference on Learning Representations,
                  {ICLR} 2023, Kigali, Rwanda, May 1-5, 2023},
  publisher    = {OpenReview.net},
  year         = {2023},
  url          = {https://openreview.net/pdf?id=4u42KCQxCn8},
  timestamp    = {Mon, 03 Jul 2023 17:01:01 +0200},
  biburl       = {https://dblp.org/rec/conf/iclr/YuM23.bib},
  bibsource    = {dblp computer science bibliography, https://dblp.org}
}
@inproceedings{cliport,
  author       = {Mohit Shridhar and
                  Lucas Manuelli and
                  Dieter Fox},
  editor       = {Aleksandra Faust and
                  David Hsu and
                  Gerhard Neumann},
  title        = {CLIPort: What and Where Pathways for Robotic Manipulation},
  booktitle    = {Conference on Robot Learning, 8-11 November 2021, London, {UK}},
  series       = {Proceedings of Machine Learning Research},
  volume       = {164},
  pages        = {894--906},
  publisher    = {{PMLR}},
  year         = {2021},
  url          = {https://proceedings.mlr.press/v164/shridhar22a.html},
  timestamp    = {Wed, 19 Jan 2022 17:10:33 +0100},
  biburl       = {https://dblp.org/rec/conf/corl/ShridharMF21.bib},
  bibsource    = {dblp computer science bibliography, https://dblp.org}
}

@inproceedings{original_play_data,
  author       = {Corey Lynch and
                  Mohi Khansari and
                  Ted Xiao and
                  Vikash Kumar and
                  Jonathan Tompson and
                  Sergey Levine and
                  Pierre Sermanet},
  editor       = {Leslie Pack Kaelbling and
                  Danica Kragic and
                  Komei Sugiura},
  title        = {Learning Latent Plans from Play},
  booktitle    = {3rd Annual Conference on Robot Learning, CoRL 2019, Osaka, Japan,
                  October 30 - November 1, 2019, Proceedings},
  series       = {Proceedings of Machine Learning Research},
  volume       = {100},
  pages        = {1113--1132},
  publisher    = {{PMLR}},
  year         = {2019},
  url          = {http://proceedings.mlr.press/v100/lynch20a.html},
  timestamp    = {Mon, 25 May 2020 15:01:26 +0200},
  biburl       = {https://dblp.org/rec/conf/corl/LynchKXKTLS19.bib},
  bibsource    = {dblp computer science bibliography, https://dblp.org}
}

@article{mimic_play,
  author       = {Chen Wang and
                  Linxi Fan and
                  Jiankai Sun and
                  Ruohan Zhang and
                  Li Fei{-}Fei and
                  Danfei Xu and
                  Yuke Zhu and
                  Anima Anandkumar},
  title        = {MimicPlay: Long-Horizon Imitation Learning by Watching Human Play},
  journal      = {CoRR},
  volume       = {abs/2302.12422},
  year         = {2023},
  url          = {https://doi.org/10.48550/arXiv.2302.12422},
  doi          = {10.48550/ARXIV.2302.12422},
  eprinttype    = {arXiv},
  eprint       = {2302.12422},
  timestamp    = {Wed, 01 Mar 2023 08:15:48 +0100},
  biburl       = {https://dblp.org/rec/journals/corr/abs-2302-12422.bib},
  bibsource    = {dblp computer science bibliography, https://dblp.org}
}

@article{large_robot_dataset,
  author       = {Homer Walke and
                  Kevin Black and
                  Abraham Lee and
                  Moo Jin Kim and
                  Maximilian Du and
                  Chongyi Zheng and
                  Tony Z. Zhao and
                  Philippe Hansen{-}Estruch and
                  Quan Vuong and
                  Andre He and
                  Vivek Myers and
                  Kuan Fang and
                  Chelsea Finn and
                  Sergey Levine},
  title        = {BridgeData {V2:} {A} Dataset for Robot Learning at Scale},
  journal      = {CoRR},
  volume       = {abs/2308.12952},
  year         = {2023},
  url          = {https://doi.org/10.48550/arXiv.2308.12952},
  doi          = {10.48550/ARXIV.2308.12952},
  eprinttype    = {arXiv},
  eprint       = {2308.12952},
  timestamp    = {Wed, 30 Aug 2023 17:27:54 +0200},
  biburl       = {https://dblp.org/rec/journals/corr/abs-2308-12952.bib},
  bibsource    = {dblp computer science bibliography, https://dblp.org}
}

@inproceedings{VIP,
  author       = {Yecheng Jason Ma and
                  Shagun Sodhani and
                  Dinesh Jayaraman and
                  Osbert Bastani and
                  Vikash Kumar and
                  Amy Zhang},
  title        = {{VIP:} Towards Universal Visual Reward and Representation via Value-Implicit
                  Pre-Training},
  booktitle    = {The Eleventh International Conference on Learning Representations,
                  {ICLR} 2023, Kigali, Rwanda, May 1-5, 2023},
  publisher    = {OpenReview.net},
  year         = {2023},
  url          = {https://openreview.net/pdf?id=YJ7o2wetJ2},
  timestamp    = {Fri, 30 Jun 2023 14:55:53 +0200},
  biburl       = {https://dblp.org/rec/conf/iclr/MaSJBK023.bib},
  bibsource    = {dblp computer science bibliography, https://dblp.org}
}

@inproceedings{passive_data,
  author       = {Dibya Ghosh and
                  Chethan Anand Bhateja and
                  Sergey Levine},
  editor       = {Andreas Krause and
                  Emma Brunskill and
                  Kyunghyun Cho and
                  Barbara Engelhardt and
                  Sivan Sabato and
                  Jonathan Scarlett},
  title        = {Reinforcement Learning from Passive Data via Latent Intentions},
  booktitle    = {International Conference on Machine Learning, {ICML} 2023, 23-29 July
                  2023, Honolulu, Hawaii, {USA}},
  series       = {Proceedings of Machine Learning Research},
  volume       = {202},
  pages        = {11321--11339},
  publisher    = {{PMLR}},
  year         = {2023},
  url          = {https://proceedings.mlr.press/v202/ghosh23a.html},
  timestamp    = {Mon, 28 Aug 2023 17:23:08 +0200},
  biburl       = {https://dblp.org/rec/conf/icml/GhoshBL23.bib},
  bibsource    = {dblp computer science bibliography, https://dblp.org}
}

@article{uni_policy,
  author       = {Yilun Du and
                  Mengjiao Yang and
                  Bo Dai and
                  Hanjun Dai and
                  Ofir Nachum and
                  Joshua B. Tenenbaum and
                  Dale Schuurmans and
                  Pieter Abbeel},
  title        = {Learning Universal Policies via Text-Guided Video Generation},
  journal      = {CoRR},
  volume       = {abs/2302.00111},
  year         = {2023},
  url          = {https://doi.org/10.48550/arXiv.2302.00111},
  doi          = {10.48550/ARXIV.2302.00111},
  eprinttype    = {arXiv},
  eprint       = {2302.00111},
  timestamp    = {Thu, 29 Jun 2023 16:58:03 +0200},
  biburl       = {https://dblp.org/rec/journals/corr/abs-2302-00111.bib},
  bibsource    = {dblp computer science bibliography, https://dblp.org}
}

@inproceedings{ego4d,
  author       = {Kristen Grauman and
                  Andrew Westbury and
                  Eugene Byrne and
                  Zachary Chavis and
                  Antonino Furnari and
                  Rohit Girdhar and
                  Jackson Hamburger and
                  Hao Jiang and
                  Miao Liu and
                  Xingyu Liu and
                  Miguel Martin and
                  Tushar Nagarajan and
                  Ilija Radosavovic and
                  Santhosh Kumar Ramakrishnan and
                  Fiona Ryan and
                  Jayant Sharma and
                  Michael Wray and
                  Mengmeng Xu and
                  Eric Zhongcong Xu and
                  Chen Zhao and
                  Siddhant Bansal and
                  Dhruv Batra and
                  Vincent Cartillier and
                  Sean Crane and
                  Tien Do and
                  Morrie Doulaty and
                  Akshay Erapalli and
                  Christoph Feichtenhofer and
                  Adriano Fragomeni and
                  Qichen Fu and
                  Abrham Gebreselasie and
                  Cristina Gonz{\'{a}}lez and
                  James Hillis and
                  Xuhua Huang and
                  Yifei Huang and
                  Wenqi Jia and
                  Weslie Khoo and
                  J{\'{a}}chym Kol{\'{a}}r and
                  Satwik Kottur and
                  Anurag Kumar and
                  Federico Landini and
                  Chao Li and
                  Yanghao Li and
                  Zhenqiang Li and
                  Karttikeya Mangalam and
                  Raghava Modhugu and
                  Jonathan Munro and
                  Tullie Murrell and
                  Takumi Nishiyasu and
                  Will Price and
                  Paola Ruiz Puentes and
                  Merey Ramazanova and
                  Leda Sari and
                  Kiran Somasundaram and
                  Audrey Southerland and
                  Yusuke Sugano and
                  Ruijie Tao and
                  Minh Vo and
                  Yuchen Wang and
                  Xindi Wu and
                  Takuma Yagi and
                  Ziwei Zhao and
                  Yunyi Zhu and
                  Pablo Arbel{\'{a}}ez and
                  David Crandall and
                  Dima Damen and
                  Giovanni Maria Farinella and
                  Christian Fuegen and
                  Bernard Ghanem and
                  Vamsi Krishna Ithapu and
                  C. V. Jawahar and
                  Hanbyul Joo and
                  Kris Kitani and
                  Haizhou Li and
                  Richard A. Newcombe and
                  Aude Oliva and
                  Hyun Soo Park and
                  James M. Rehg and
                  Yoichi Sato and
                  Jianbo Shi and
                  Mike Zheng Shou and
                  Antonio Torralba and
                  Lorenzo Torresani and
                  Mingfei Yan and
                  Jitendra Malik},
  title        = {Ego4D: Around the World in 3, 000 Hours of Egocentric Video},
  booktitle    = {{IEEE/CVF} Conference on Computer Vision and Pattern Recognition,
                  {CVPR} 2022, New Orleans, LA, USA, June 18-24, 2022},
  pages        = {18973--18990},
  publisher    = {{IEEE}},
  year         = {2022},
  url          = {https://doi.org/10.1109/CVPR52688.2022.01842},
  doi          = {10.1109/CVPR52688.2022.01842},
  timestamp    = {Sat, 30 Sep 2023 09:38:13 +0200},
  biburl       = {https://dblp.org/rec/conf/cvpr/GraumanWBCFGH0L22.bib},
  bibsource    = {dblp computer science bibliography, https://dblp.org}
}

@inproceedings{relabelling,
  author       = {Yuying Ge and
                  Annabella Macaluso and
                  Li Erran Li and
                  Ping Luo and
                  Xiaolong Wang},
  title        = {Policy Adaptation from Foundation Model Feedback},
  booktitle    = {{IEEE/CVF} Conference on Computer Vision and Pattern Recognition,
                  {CVPR} 2023, Vancouver, BC, Canada, June 17-24, 2023},
  pages        = {19059--19069},
  publisher    = {{IEEE}},
  year         = {2023},
  url          = {https://doi.org/10.1109/CVPR52729.2023.01827},
  doi          = {10.1109/CVPR52729.2023.01827},
  timestamp    = {Wed, 25 Oct 2023 16:58:42 +0200},
  biburl       = {https://dblp.org/rec/conf/cvpr/GeML0W23.bib},
  bibsource    = {dblp computer science bibliography, https://dblp.org}
}

@article{tal_survey,
  title={Temporal Action Localization in the Deep Learning Era: A Survey},
  author={Wang, Binglu and Zhao, Yongqiang and Yang, Le and Long, Teng and Li, Xuelong},
  journal={IEEE Transactions on Pattern Analysis and Machine Intelligence},
  year={2023},
  publisher={IEEE}
}

@inproceedings{tridet,
  author       = {Dingfeng Shi and
                  Yujie Zhong and
                  Qiong Cao and
                  Lin Ma and
                  Jia Li and
                  Dacheng Tao},
  title        = {TriDet: Temporal Action Detection with Relative Boundary Modeling},
  booktitle    = {{IEEE/CVF} Conference on Computer Vision and Pattern Recognition,
                  {CVPR} 2023, Vancouver, BC, Canada, June 17-24, 2023},
  pages        = {18857--18866},
  publisher    = {{IEEE}},
  year         = {2023},
  url          = {https://doi.org/10.1109/CVPR52729.2023.01808},
  doi          = {10.1109/CVPR52729.2023.01808},
  timestamp    = {Mon, 27 Nov 2023 20:16:41 +0100},
  biburl       = {https://dblp.org/rec/conf/cvpr/ShiZCMLT23.bib},
  bibsource    = {dblp computer science bibliography, https://dblp.org}
}

@inproceedings{tallformer,
  author       = {Feng Cheng and
                  Gedas Bertasius},
  editor       = {Shai Avidan and
                  Gabriel J. Brostow and
                  Moustapha Ciss{\'{e}} and
                  Giovanni Maria Farinella and
                  Tal Hassner},
  title        = {TallFormer: Temporal Action Localization with a Long-Memory Transformer},
  booktitle    = {Computer Vision - {ECCV} 2022 - 17th European Conference, Tel Aviv,
                  Israel, October 23-27, 2022, Proceedings, Part {XXXIV}},
  series       = {Lecture Notes in Computer Science},
  volume       = {13694},
  pages        = {503--521},
  publisher    = {Springer},
  year         = {2022},
  url          = {https://doi.org/10.1007/978-3-031-19830-4\_29},
  doi          = {10.1007/978-3-031-19830-4\_29},
  timestamp    = {Wed, 26 Oct 2022 09:56:24 +0200},
  biburl       = {https://dblp.org/rec/conf/eccv/ChengB22.bib},
  bibsource    = {dblp computer science bibliography, https://dblp.org}
}

@article{bc_z,
  author       = {Eric Jang and
                  Alex Irpan and
                  Mohi Khansari and
                  Daniel Kappler and
                  Frederik Ebert and
                  Corey Lynch and
                  Sergey Levine and
                  Chelsea Finn},
  title        = {{BC-Z:} Zero-Shot Task Generalization with Robotic Imitation Learning},
  journal      = {CoRR},
  volume       = {abs/2202.02005},
  year         = {2022},
  url          = {https://arxiv.org/abs/2202.02005},
  eprinttype    = {arXiv},
  eprint       = {2202.02005},
  timestamp    = {Wed, 09 Feb 2022 15:43:34 +0100},
  biburl       = {https://dblp.org/rec/journals/corr/abs-2202-02005.bib},
  bibsource    = {dblp computer science bibliography, https://dblp.org}
}

@article{interactive_language,
  author       = {Corey Lynch and
                  Ayzaan Wahid and
                  Jonathan Tompson and
                  Tianli Ding and
                  James Betker and
                  Robert Baruch and
                  Travis Armstrong and
                  Pete Florence},
  title        = {Interactive Language: Talking to Robots in Real Time},
  journal      = {CoRR},
  volume       = {abs/2210.06407},
  year         = {2022},
  url          = {https://doi.org/10.48550/arXiv.2210.06407},
  doi          = {10.48550/ARXIV.2210.06407},
  eprinttype    = {arXiv},
  eprint       = {2210.06407},
  timestamp    = {Tue, 18 Oct 2022 15:06:52 +0200},
  biburl       = {https://dblp.org/rec/journals/corr/abs-2210-06407.bib},
  bibsource    = {dblp computer science bibliography, https://dblp.org}
}
@inproceedings{robotic_imitation_language,
  author       = {Simon Stepputtis and
                  Joseph Campbell and
                  Mariano J. Phielipp and
                  Stefan Lee and
                  Chitta Baral and
                  Heni Ben Amor},
  editor       = {Hugo Larochelle and
                  Marc'Aurelio Ranzato and
                  Raia Hadsell and
                  Maria{-}Florina Balcan and
                  Hsuan{-}Tien Lin},
  title        = {Language-Conditioned Imitation Learning for Robot Manipulation Tasks},
  booktitle    = {Advances in Neural Information Processing Systems 33: Annual Conference
                  on Neural Information Processing Systems 2020, NeurIPS 2020, December
                  6-12, 2020, virtual},
  year         = {2020},
  timestamp    = {Tue, 19 Jan 2021 15:57:24 +0100},
  biburl       = {https://dblp.org/rec/conf/nips/StepputtisCPLBA20.bib},
  bibsource    = {dblp computer science bibliography, https://dblp.org}
}
@inproceedings{taco,
  author       = {Kyriacos Shiarlis and
                  Markus Wulfmeier and
                  Sasha Salter and
                  Shimon Whiteson and
                  Ingmar Posner},
  editor       = {Jennifer G. Dy and
                  Andreas Krause},
  title        = {{TACO:} Learning Task Decomposition via Temporal Alignment for Control},
  booktitle    = {Proceedings of the 35th International Conference on Machine Learning,
                  {ICML} 2018, Stockholmsm{\"{a}}ssan, Stockholm, Sweden, July
                  10-15, 2018},
  series       = {Proceedings of Machine Learning Research},
  volume       = {80},
  pages        = {4661--4670},
  publisher    = {{PMLR}},
  year         = {2018},
  url          = {http://proceedings.mlr.press/v80/shiarlis18a.html},
  timestamp    = {Wed, 03 Apr 2019 18:17:30 +0200},
  biburl       = {https://dblp.org/rec/conf/icml/ShiarlisWSWP18.bib},
  bibsource    = {dblp computer science bibliography, https://dblp.org}
}

@inproceedings{compile,
  author       = {Thomas Kipf and
                  Yujia Li and
                  Hanjun Dai and
                  Vin{\'{\i}}cius Flores Zambaldi and
                  Alvaro Sanchez{-}Gonzalez and
                  Edward Grefenstette and
                  Pushmeet Kohli and
                  Peter W. Battaglia},
  editor       = {Kamalika Chaudhuri and
                  Ruslan Salakhutdinov},
  title        = {CompILE: Compositional Imitation Learning and Execution},
  booktitle    = {Proceedings of the 36th International Conference on Machine Learning,
                  {ICML} 2019, 9-15 June 2019, Long Beach, California, {USA}},
  series       = {Proceedings of Machine Learning Research},
  volume       = {97},
  pages        = {3418--3428},
  publisher    = {{PMLR}},
  year         = {2019},
  url          = {http://proceedings.mlr.press/v97/kipf19a.html},
  timestamp    = {Sat, 02 Dec 2023 13:23:52 +0100},
  biburl       = {https://dblp.org/rec/conf/icml/KipfLDZSGKB19.bib},
  bibsource    = {dblp computer science bibliography, https://dblp.org}
}
@inproceedings{alfred,
  author       = {Mohit Shridhar and
                  Jesse Thomason and
                  Daniel Gordon and
                  Yonatan Bisk and
                  Winson Han and
                  Roozbeh Mottaghi and
                  Luke Zettlemoyer and
                  Dieter Fox},
  title        = {{ALFRED:} {A} Benchmark for Interpreting Grounded Instructions for
                  Everyday Tasks},
  booktitle    = {2020 {IEEE/CVF} Conference on Computer Vision and Pattern Recognition,
                  {CVPR} 2020, Seattle, WA, USA, June 13-19, 2020},
  pages        = {10737--10746},
  publisher    = {Computer Vision Foundation / {IEEE}},
  year         = {2020},
  url          = {https://openaccess.thecvf.com/content\_CVPR\_2020/html/Shridhar\_ALFRED\_A\_Benchmark\_for\_Interpreting\_Grounded\_Instructions\_for\_Everyday\_Tasks\_CVPR\_2020\_paper.html},
  doi          = {10.1109/CVPR42600.2020.01075},
  timestamp    = {Tue, 31 Aug 2021 14:00:04 +0200},
  biburl       = {https://dblp.org/rec/conf/cvpr/ShridharTGBHMZF20.bib},
  bibsource    = {dblp computer science bibliography, https://dblp.org}
}

@inproceedings{palm_e,
  author       = {Danny Driess and
                  Fei Xia and
                  Mehdi S. M. Sajjadi and
                  Corey Lynch and
                  Aakanksha Chowdhery and
                  Brian Ichter and
                  Ayzaan Wahid and
                  Jonathan Tompson and
                  Quan Vuong and
                  Tianhe Yu and
                  Wenlong Huang and
                  Yevgen Chebotar and
                  Pierre Sermanet and
                  Daniel Duckworth and
                  Sergey Levine and
                  Vincent Vanhoucke and
                  Karol Hausman and
                  Marc Toussaint and
                  Klaus Greff and
                  Andy Zeng and
                  Igor Mordatch and
                  Pete Florence},
  editor       = {Andreas Krause and
                  Emma Brunskill and
                  Kyunghyun Cho and
                  Barbara Engelhardt and
                  Sivan Sabato and
                  Jonathan Scarlett},
  title        = {PaLM-E: An Embodied Multimodal Language Model},
  booktitle    = {International Conference on Machine Learning, {ICML} 2023, 23-29 July
                  2023, Honolulu, Hawaii, {USA}},
  series       = {Proceedings of Machine Learning Research},
  volume       = {202},
  pages        = {8469--8488},
  publisher    = {{PMLR}},
  year         = {2023},
  url          = {https://proceedings.mlr.press/v202/driess23a.html},
  timestamp    = {Mon, 28 Aug 2023 17:23:08 +0200},
  biburl       = {https://dblp.org/rec/conf/icml/DriessXSLCIWTVY23.bib},
  bibsource    = {dblp computer science bibliography, https://dblp.org}
}
@article{scaling_up_vlm,
  author       = {Xi Chen and
                  Josip Djolonga and
                  Piotr Padlewski and
                  Basil Mustafa and
                  Soravit Changpinyo and
                  Jialin Wu and
                  Carlos Riquelme Ruiz and
                  Sebastian Goodman and
                  Xiao Wang and
                  Yi Tay and
                  Siamak Shakeri and
                  Mostafa Dehghani and
                  Daniel Salz and
                  Mario Lucic and
                  Michael Tschannen and
                  Arsha Nagrani and
                  Hexiang Hu and
                  Mandar Joshi and
                  Bo Pang and
                  Ceslee Montgomery and
                  Paulina Pietrzyk and
                  Marvin Ritter and
                  A. J. Piergiovanni and
                  Matthias Minderer and
                  Filip Pavetic and
                  Austin Waters and
                  Gang Li and
                  Ibrahim Alabdulmohsin and
                  Lucas Beyer and
                  Julien Amelot and
                  Kenton Lee and
                  Andreas Peter Steiner and
                  Yang Li and
                  Daniel Keysers and
                  Anurag Arnab and
                  Yuanzhong Xu and
                  Keran Rong and
                  Alexander Kolesnikov and
                  Mojtaba Seyedhosseini and
                  Anelia Angelova and
                  Xiaohua Zhai and
                  Neil Houlsby and
                  Radu Soricut},
  title        = {PaLI-X: On Scaling up a Multilingual Vision and Language Model},
  journal      = {CoRR},
  volume       = {abs/2305.18565},
  year         = {2023},
  url          = {https://doi.org/10.48550/arXiv.2305.18565},
  doi          = {10.48550/ARXIV.2305.18565},
  eprinttype    = {arXiv},
  eprint       = {2305.18565},
  timestamp    = {Thu, 07 Dec 2023 20:38:29 +0100},
  biburl       = {https://dblp.org/rec/journals/corr/abs-2305-18565.bib},
  bibsource    = {dblp computer science bibliography, https://dblp.org}
}

@article{vlm_basics,
  author       = {Zhe Gan and
                  Linjie Li and
                  Chunyuan Li and
                  Lijuan Wang and
                  Zicheng Liu and
                  Jianfeng Gao},
  title        = {Vision-Language Pre-Training: Basics, Recent Advances, and Future
                  Trends},
  journal      = {Found. Trends Comput. Graph. Vis.},
  volume       = {14},
  number       = {3-4},
  pages        = {163--352},
  year         = {2022},
  url          = {https://doi.org/10.1561/0600000105},
  doi          = {10.1561/0600000105},
  timestamp    = {Tue, 27 Dec 2022 09:33:39 +0100},
  biburl       = {https://dblp.org/rec/journals/ftcgv/GanLLWLG22.bib},
  bibsource    = {dblp computer science bibliography, https://dblp.org}
}
@inproceedings{rtx1,
  author       = {Anthony Brohan and
                  Noah Brown and
                  Justice Carbajal and
                  Yevgen Chebotar and
                  Joseph Dabis and
                  Chelsea Finn and
                  Keerthana Gopalakrishnan and
                  Karol Hausman and
                  Alexander Herzog and
                  Jasmine Hsu and
                  Julian Ibarz and
                  Brian Ichter and
                  Alex Irpan and
                  Tomas Jackson and
                  Sally Jesmonth and
                  Nikhil J. Joshi and
                  Ryan Julian and
                  Dmitry Kalashnikov and
                  Yuheng Kuang and
                  Isabel Leal and
                  Kuang{-}Huei Lee and
                  Sergey Levine and
                  Yao Lu and
                  Utsav Malla and
                  Deeksha Manjunath and
                  Igor Mordatch and
                  Ofir Nachum and
                  Carolina Parada and
                  Jodilyn Peralta and
                  Emily Perez and
                  Karl Pertsch and
                  Jornell Quiambao and
                  Kanishka Rao and
                  Michael S. Ryoo and
                  Grecia Salazar and
                  Pannag R. Sanketi and
                  Kevin Sayed and
                  Jaspiar Singh and
                  Sumedh Sontakke and
                  Austin Stone and
                  Clayton Tan and
                  Huong T. Tran and
                  Vincent Vanhoucke and
                  Steve Vega and
                  Quan Vuong and
                  Fei Xia and
                  Ted Xiao and
                  Peng Xu and
                  Sichun Xu and
                  Tianhe Yu and
                  Brianna Zitkovich},
  editor       = {Kostas E. Bekris and
                  Kris Hauser and
                  Sylvia L. Herbert and
                  Jingjin Yu},
  title        = {{RT-1:} Robotics Transformer for Real-World Control at Scale},
  booktitle    = {Robotics: Science and Systems XIX, Daegu, Republic of Korea, July
                  10-14, 2023},
  year         = {2023},
  url          = {https://doi.org/10.15607/RSS.2023.XIX.025},
  doi          = {10.15607/RSS.2023.XIX.025},
  timestamp    = {Mon, 25 Sep 2023 11:41:10 +0200},
  biburl       = {https://dblp.org/rec/conf/rss/BrohanBCCDFGHHH23.bib},
  bibsource    = {dblp computer science bibliography, https://dblp.org}
}
@inproceedings{HACS,
  author       = {Hang Zhao and
                  Antonio Torralba and
                  Lorenzo Torresani and
                  Zhicheng Yan},
  title        = {{HACS:} Human Action Clips and Segments Dataset for Recognition and
                  Temporal Localization},
  booktitle    = {2019 {IEEE/CVF} International Conference on Computer Vision, {ICCV}
                  2019, Seoul, Korea (South), October 27 - November 2, 2019},
  pages        = {8667--8677},
  publisher    = {{IEEE}},
  year         = {2019},
  url          = {https://doi.org/10.1109/ICCV.2019.00876},
  doi          = {10.1109/ICCV.2019.00876},
  timestamp    = {Thu, 05 Mar 2020 13:43:22 +0100},
  biburl       = {https://dblp.org/rec/conf/iccv/Zhao0TY19.bib},
  bibsource    = {dblp computer science bibliography, https://dblp.org}
}

@article{active_learning_survey,
  author       = {Xueying Zhan and
                  Qingzhong Wang and
                  Kuan{-}Hao Huang and
                  Haoyi Xiong and
                  Dejing Dou and
                  Antoni B. Chan},
  title        = {A Comparative Survey of Deep Active Learning},
  journal      = {CoRR},
  volume       = {abs/2203.13450},
  year         = {2022},
  url          = {https://doi.org/10.48550/arXiv.2203.13450},
  doi          = {10.48550/ARXIV.2203.13450},
  eprinttype    = {arXiv},
  eprint       = {2203.13450},
  timestamp    = {Tue, 21 Mar 2023 21:05:14 +0100},
  biburl       = {https://dblp.org/rec/journals/corr/abs-2203-13450.bib},
  bibsource    = {dblp computer science bibliography, https://dblp.org}
}

@article{hsmm,
title = {Hidden semi-Markov models},
journal = {Artificial Intelligence},
volume = {174},
number = {2},
pages = {215-243},
year = {2010},
note = {Special Review Issue},
issn = {0004-3702},
doi = {https://doi.org/10.1016/j.artint.2009.11.011},
url = {https://www.sciencedirect.com/science/article/pii/S0004370209001416},
author = {Shun-Zheng Yu},
keywords = {Hidden Markov model (HMM), Hidden semi-Markov model (HSMM), Explicit duration HMM, Variable duration HMM, Forward–backward (FB) algorithm, Viterbi algorithm},
}

@inproceedings{logistic_dist,
  author       = {Tim Salimans and
                  Andrej Karpathy and
                  Xi Chen and
                  Diederik P. Kingma},
  title        = {PixelCNN++: Improving the PixelCNN with Discretized Logistic Mixture
                  Likelihood and Other Modifications},
  booktitle    = {5th International Conference on Learning Representations, {ICLR} 2017,
                  Toulon, France, April 24-26, 2017, Conference Track Proceedings},
  publisher    = {OpenReview.net},
  year         = {2017},
  url          = {https://openreview.net/forum?id=BJrFC6ceg},
  timestamp    = {Thu, 25 Jul 2019 14:25:50 +0200},
  biburl       = {https://dblp.org/rec/conf/iclr/SalimansK0K17.bib},
  bibsource    = {dblp computer science bibliography, https://dblp.org}
}

@inproceedings{transformer,
  author       = {Ashish Vaswani and
                  Noam Shazeer and
                  Niki Parmar and
                  Jakob Uszkoreit and
                  Llion Jones and
                  Aidan N. Gomez and
                  Lukasz Kaiser and
                  Illia Polosukhin},
  editor       = {Isabelle Guyon and
                  Ulrike von Luxburg and
                  Samy Bengio and
                  Hanna M. Wallach and
                  Rob Fergus and
                  S. V. N. Vishwanathan and
                  Roman Garnett},
  title        = {Attention is All you Need},
  booktitle    = {Advances in Neural Information Processing Systems 30: Annual Conference
                  on Neural Information Processing Systems 2017, December 4-9, 2017,
                  Long Beach, CA, {USA}},
  pages        = {5998--6008},
  year         = {2017},
  timestamp    = {Thu, 21 Jan 2021 15:15:21 +0100},
  biburl       = {https://dblp.org/rec/conf/nips/VaswaniSPUJGKP17.bib},
  bibsource    = {dblp computer science bibliography, https://dblp.org}
}
@inproceedings{cvae,
  author       = {Kihyuk Sohn and
                  Honglak Lee and
                  Xinchen Yan},
  editor       = {Corinna Cortes and
                  Neil D. Lawrence and
                  Daniel D. Lee and
                  Masashi Sugiyama and
                  Roman Garnett},
  title        = {Learning Structured Output Representation using Deep Conditional Generative
                  Models},
  booktitle    = {Advances in Neural Information Processing Systems 28: Annual Conference
                  on Neural Information Processing Systems 2015, December 7-12, 2015,
                  Montreal, Quebec, Canada},
  pages        = {3483--3491},
  year         = {2015},
  timestamp    = {Mon, 16 May 2022 15:41:51 +0200},
  biburl       = {https://dblp.org/rec/conf/nips/SohnLY15.bib},
  bibsource    = {dblp computer science bibliography, https://dblp.org}
}

@inproceedings{slow_fast,
  author       = {Christoph Feichtenhofer and
                  Haoqi Fan and
                  Jitendra Malik and
                  Kaiming He},
  title        = {SlowFast Networks for Video Recognition},
  booktitle    = {2019 {IEEE/CVF} International Conference on Computer Vision, {ICCV}
                  2019, Seoul, Korea (South), October 27 - November 2, 2019},
  pages        = {6201--6210},
  publisher    = {{IEEE}},
  year         = {2019},
  url          = {https://doi.org/10.1109/ICCV.2019.00630},
  doi          = {10.1109/ICCV.2019.00630},
  timestamp    = {Thu, 05 Mar 2020 13:43:22 +0100},
  biburl       = {https://dblp.org/rec/conf/iccv/Feichtenhofer0M19.bib},
  bibsource    = {dblp computer science bibliography, https://dblp.org}
}

@article{i3d,
  author       = {Jo{\~{a}}o Carreira and
                  Andrew Zisserman},
  title        = {Quo Vadis, Action Recognition? {A} New Model and the Kinetics Dataset},
  journal      = {CoRR},
  volume       = {abs/1705.07750},
  year         = {2017},
  url          = {http://arxiv.org/abs/1705.07750},
  eprinttype    = {arXiv},
  eprint       = {1705.07750},
  timestamp    = {Mon, 13 Aug 2018 16:47:23 +0200},
  biburl       = {https://dblp.org/rec/journals/corr/CarreiraZ17.bib},
  bibsource    = {dblp computer science bibliography, https://dblp.org}
}


@inproceedings{VPTOpenAI,
  author       = {Bowen Baker and
                  Ilge Akkaya and
                  Peter Zhokhov and
                  Joost Huizinga and
                  Jie Tang and
                  Adrien Ecoffet and
                  Brandon Houghton and
                  Raul Sampedro and
                  Jeff Clune},
  editor       = {Sanmi Koyejo and
                  S. Mohamed and
                  A. Agarwal and
                  Danielle Belgrave and
                  K. Cho and
                  A. Oh},
  title        = {Video PreTraining {(VPT):} Learning to Act by Watching Unlabeled Online
                  Videos},
  booktitle    = {Advances in Neural Information Processing Systems 35: Annual Conference
                  on Neural Information Processing Systems 2022, NeurIPS 2022, New Orleans,
                  LA, USA, November 28 - December 9, 2022},
  year         = {2022},
  url          = {http://papers.nips.cc/paper\_files/paper/2022/hash/9c7008aff45b5d8f0973b23e1a22ada0-Abstract-Conference.html},
  timestamp    = {Sun, 04 Feb 2024 17:54:46 +0100},
  biburl       = {https://dblp.org/rec/conf/nips/BakerAZHTEHSC22.bib},
  bibsource    = {dblp computer science bibliography, https://dblp.org}
}

@inproceedings{DataSimulation,
  author       = {Lirui Wang and
                  Yiyang Ling and
                  Zhecheng Yuan and
                  Mohit Shridhar and
                  Chen Bao and
                  Yuzhe Qin and
                  Bailin Wang and
                  Huazhe Xu and
                  Xiaolong Wang},
  title        = {GenSim: Generating Robotic Simulation Tasks via Large Language Models},
  booktitle    = {The Twelfth International Conference on Learning Representations,
                  {ICLR} 2024, Vienna, Austria, May 7-11, 2024},
  publisher    = {OpenReview.net},
  year         = {2024},
  url          = {https://openreview.net/forum?id=OI3RoHoWAN},
  timestamp    = {Mon, 29 Jul 2024 17:17:48 +0200},
  biburl       = {https://dblp.org/rec/conf/iclr/WangLYSBQWX024.bib},
  bibsource    = {dblp computer science bibliography, https://dblp.org}
}

@inproceedings{DataSimulation2,
  author       = {Tianhe Yu and
                  Ted Xiao and
                  Jonathan Tompson and
                  Austin Stone and
                  Su Wang and
                  Anthony Brohan and
                  Jaspiar Singh and
                  Clayton Tan and
                  Dee M and
                  Jodilyn Peralta and
                  Karol Hausman and
                  Brian Ichter and
                  Fei Xia},
  editor       = {Kostas E. Bekris and
                  Kris Hauser and
                  Sylvia L. Herbert and
                  Jingjin Yu},
  title        = {Scaling Robot Learning with Semantically Imagined Experience},
  booktitle    = {Robotics: Science and Systems XIX, Daegu, Republic of Korea, July
                  10-14, 2023},
  year         = {2023},
  url          = {https://doi.org/10.15607/RSS.2023.XIX.027},
  doi          = {10.15607/RSS.2023.XIX.027},
  timestamp    = {Thu, 20 Jul 2023 15:37:49 +0200},
  biburl       = {https://dblp.org/rec/conf/rss/YuXTSWBSTMPHIX23.bib},
  bibsource    = {dblp computer science bibliography, https://dblp.org}
}

@inproceedings{love,
  author       = {Yiding Jiang and
                  Evan Zheran Liu and
                  Benjamin Eysenbach and
                  J. Zico Kolter and
                  Chelsea Finn},
  editor       = {Sanmi Koyejo and
                  S. Mohamed and
                  A. Agarwal and
                  Danielle Belgrave and
                  K. Cho and
                  A. Oh},
  title        = {Learning Options via Compression},
  booktitle    = {Advances in Neural Information Processing Systems 35: Annual Conference
                  on Neural Information Processing Systems 2022, NeurIPS 2022, New Orleans,
                  LA, USA, November 28 - December 9, 2022},
  year         = {2022},
  url          = {http://papers.nips.cc/paper\_files/paper/2022/hash/8567a53e58a9fa4823af356c76ed943c-Abstract-Conference.html},
  timestamp    = {Mon, 08 Jan 2024 16:31:33 +0100},
  biburl       = {https://dblp.org/rec/conf/nips/JiangLEKF22.bib},
  bibsource    = {dblp computer science bibliography, https://dblp.org}
}

@inproceedings{mixture_policies,
  author       = {Dushyant Rao and
                  Fereshteh Sadeghi and
                  Leonard Hasenclever and
                  Markus Wulfmeier and
                  Martina Zambelli and
                  Giulia Vezzani and
                  Dhruva Tirumala and
                  Yusuf Aytar and
                  Josh Merel and
                  Nicolas Heess and
                  Raia Hadsell},
  title        = {Learning transferable motor skills with hierarchical latent mixture
                  policies},
  booktitle    = {The Tenth International Conference on Learning Representations, {ICLR}
                  2022, Virtual Event, April 25-29, 2022},
  publisher    = {OpenReview.net},
  year         = {2022},
  url          = {https://openreview.net/forum?id=qTHBE7E9iej},
  timestamp    = {Sat, 20 Aug 2022 01:15:42 +0200},
  biburl       = {https://dblp.org/rec/conf/iclr/RaoSHWZVTAMHH22.bib},
  bibsource    = {dblp computer science bibliography, https://dblp.org}
}

@inproceedings{babyai,
  author       = {Maxime Chevalier{-}Boisvert and
                  Dzmitry Bahdanau and
                  Salem Lahlou and
                  Lucas Willems and
                  Chitwan Saharia and
                  Thien Huu Nguyen and
                  Yoshua Bengio},
  title        = {BabyAI: {A} Platform to Study the Sample Efficiency of Grounded Language
                  Learning},
  booktitle    = {7th International Conference on Learning Representations, {ICLR} 2019,
                  New Orleans, LA, USA, May 6-9, 2019},
  publisher    = {OpenReview.net},
  year         = {2019},
  url          = {https://openreview.net/forum?id=rJeXCo0cYX},
  timestamp    = {Thu, 25 Jul 2019 14:25:53 +0200},
  biburl       = {https://dblp.org/rec/conf/iclr/Chevalier-Boisvert19.bib},
  bibsource    = {dblp computer science bibliography, https://dblp.org}
}

@article{DDO,
  author       = {Roy Fox and
                  Sanjay Krishnan and
                  Ion Stoica and
                  Ken Goldberg},
  title        = {Multi-Level Discovery of Deep Options},
  journal      = {CoRR},
  volume       = {abs/1703.08294},
  year         = {2017},
  url          = {http://arxiv.org/abs/1703.08294},
  eprinttype    = {arXiv},
  eprint       = {1703.08294},
  timestamp    = {Mon, 13 Aug 2018 16:46:24 +0200},
  biburl       = {https://dblp.org/rec/journals/corr/FoxKSG17.bib},
  bibsource    = {dblp computer science bibliography, https://dblp.org}
}

@article{llm_segment,
  author       = {Haotian Fu and
                  Pratyusha Sharma and
                  Elias Stengel{-}Eskin and
                  George Konidaris and
                  Nicolas Le Roux and
                  Marc{-}Alexandre C{\^{o}}t{\'{e}} and
                  Xingdi Yuan},
  title        = {Language-guided Skill Learning with Temporal Variational Inference},
  journal      = {CoRR},
  volume       = {abs/2402.16354},
  year         = {2024},
  url          = {https://doi.org/10.48550/arXiv.2402.16354},
  doi          = {10.48550/ARXIV.2402.16354},
  eprinttype    = {arXiv},
  eprint       = {2402.16354},
  timestamp    = {Mon, 25 Mar 2024 15:38:17 +0100},
  biburl       = {https://dblp.org/rec/journals/corr/abs-2402-16354.bib},
  bibsource    = {dblp computer science bibliography, https://dblp.org}
}

@article{sample_efficiency_babyai,
  author       = {David Yu{-}Tung Hui and
                  Maxime Chevalier{-}Boisvert and
                  Dzmitry Bahdanau and
                  Yoshua Bengio},
  title        = {BabyAI 1.1},
  journal      = {CoRR},
  volume       = {abs/2007.12770},
  year         = {2020},
  url          = {https://arxiv.org/abs/2007.12770},
  eprinttype    = {arXiv},
  eprint       = {2007.12770},
  timestamp    = {Wed, 29 Jul 2020 15:36:39 +0200},
  biburl       = {https://dblp.org/rec/journals/corr/abs-2007-12770.bib},
  bibsource    = {dblp computer science bibliography, https://dblp.org}
}

@article{t5,
  author       = {Colin Raffel and
                  Noam Shazeer and
                  Adam Roberts and
                  Katherine Lee and
                  Sharan Narang and
                  Michael Matena and
                  Yanqi Zhou and
                  Wei Li and
                  Peter J. Liu},
  title        = {Exploring the Limits of Transfer Learning with a Unified Text-to-Text
                  Transformer},
  journal      = {J. Mach. Learn. Res.},
  volume       = {21},
  pages        = {140:1--140:67},
  year         = {2020},
  url          = {http://jmlr.org/papers/v21/20-074.html},
  timestamp    = {Fri, 05 Feb 2021 15:43:41 +0100},
  biburl       = {https://dblp.org/rec/journals/jmlr/RaffelSRLNMZLL20.bib},
  bibsource    = {dblp computer science bibliography, https://dblp.org}
}

@inproceedings{gru,
  author       = {Kyunghyun Cho and
                  Bart van Merrienboer and
                  Dzmitry Bahdanau and
                  Yoshua Bengio},
  editor       = {Dekai Wu and
                  Marine Carpuat and
                  Xavier Carreras and
                  Eva Maria Vecchi},
  title        = {On the Properties of Neural Machine Translation: Encoder-Decoder Approaches},
  booktitle    = {Proceedings of SSST@EMNLP 2014, Eighth Workshop on Syntax, Semantics
                  and Structure in Statistical Translation, Doha, Qatar, 25 October
                  2014},
  pages        = {103--111},
  publisher    = {Association for Computational Linguistics},
  year         = {2014},
  url          = {https://aclanthology.org/W14-4012/},
  doi          = {10.3115/V1/W14-4012},
  timestamp    = {Fri, 06 Aug 2021 00:39:45 +0200},
  biburl       = {https://dblp.org/rec/conf/ssst/ChoMBB14.bib},
  bibsource    = {dblp computer science bibliography, https://dblp.org}
}

@inproceedings{film_layer,
  author       = {Ethan Perez and
                  Florian Strub and
                  Harm de Vries and
                  Vincent Dumoulin and
                  Aaron C. Courville},
  editor       = {Sheila A. McIlraith and
                  Kilian Q. Weinberger},
  title        = {FiLM: Visual Reasoning with a General Conditioning Layer},
  booktitle    = {Proceedings of the Thirty-Second {AAAI} Conference on Artificial Intelligence,
                  (AAAI-18), the 30th innovative Applications of Artificial Intelligence
                  (IAAI-18), and the 8th {AAAI} Symposium on Educational Advances in
                  Artificial Intelligence (EAAI-18), New Orleans, Louisiana, USA, February
                  2-7, 2018},
  pages        = {3942--3951},
  publisher    = {{AAAI} Press},
  year         = {2018},
  url          = {https://doi.org/10.1609/aaai.v32i1.11671},
  doi          = {10.1609/AAAI.V32I1.11671},
  timestamp    = {Mon, 04 Sep 2023 16:50:26 +0200},
  biburl       = {https://dblp.org/rec/conf/aaai/PerezSVDC18.bib},
  bibsource    = {dblp computer science bibliography, https://dblp.org}
}

@inproceedings{niekum_unsupervised,
  author       = {Scott Niekum and
                  Sarah Osentoski and
                  George Dimitri Konidaris and
                  Andrew G. Barto},
  title        = {Learning and generalization of complex tasks from unstructured demonstrations},
  booktitle    = {2012 {IEEE/RSJ} International Conference on Intelligent Robots and
                  Systems, {IROS} 2012, Vilamoura, Algarve, Portugal, October 7-12,
                  2012},
  pages        = {5239--5246},
  publisher    = {{IEEE}},
  year         = {2012},
  url          = {https://doi.org/10.1109/IROS.2012.6386006},
  doi          = {10.1109/IROS.2012.6386006},
  timestamp    = {Tue, 19 Nov 2019 08:34:00 +0100},
  biburl       = {https://dblp.org/rec/conf/iros/NiekumOKB12.bib},
  bibsource    = {dblp computer science bibliography, https://dblp.org}
}