@article{DDO,
  author       = {Roy Fox and
                  Sanjay Krishnan and
                  Ion Stoica and
                  Ken Goldberg},
  title        = {Multi-Level Discovery of Deep Options},
  journal      = {CoRR},
  volume       = {abs/1703.08294},
  year         = {2017},
  url          = {http://arxiv.org/abs/1703.08294},
  eprinttype    = {arXiv},
  eprint       = {1703.08294},
  timestamp    = {Mon, 13 Aug 2018 16:46:24 +0200},
  biburl       = {https://dblp.org/rec/journals/corr/FoxKSG17.bib},
  bibsource    = {dblp computer science bibliography, https://dblp.org}
}

@inproceedings{alfred,
  author       = {Mohit Shridhar and
                  Jesse Thomason and
                  Daniel Gordon and
                  Yonatan Bisk and
                  Winson Han and
                  Roozbeh Mottaghi and
                  Luke Zettlemoyer and
                  Dieter Fox},
  title        = {{ALFRED:} {A} Benchmark for Interpreting Grounded Instructions for
                  Everyday Tasks},
  booktitle    = {2020 {IEEE/CVF} Conference on Computer Vision and Pattern Recognition,
                  {CVPR} 2020, Seattle, WA, USA, June 13-19, 2020},
  pages        = {10737--10746},
  publisher    = {Computer Vision Foundation / {IEEE}},
  year         = {2020},
  url          = {https://openaccess.thecvf.com/content\_CVPR\_2020/html/Shridhar\_ALFRED\_A\_Benchmark\_for\_Interpreting\_Grounded\_Instructions\_for\_Everyday\_Tasks\_CVPR\_2020\_paper.html},
  doi          = {10.1109/CVPR42600.2020.01075},
  timestamp    = {Tue, 31 Aug 2021 14:00:04 +0200},
  biburl       = {https://dblp.org/rec/conf/cvpr/ShridharTGBHMZF20.bib},
  bibsource    = {dblp computer science bibliography, https://dblp.org}
}

@article{as_survey,
  title={Temporal action segmentation: An analysis of modern techniques},
  author={Ding, Guodong and Sener, Fadime and Yao, Angela},
  journal={IEEE Transactions on Pattern Analysis and Machine Intelligence},
  year={2023},
  publisher={IEEE}
}

@inproceedings{asformer,
  author       = {Fangqiu Yi and
                  Hongyu Wen and
                  Tingting Jiang},
  title        = {ASFormer: Transformer for Action Segmentation},
  booktitle    = {32nd British Machine Vision Conference 2021, {BMVC} 2021, Online,
                  November 22-25, 2021},
  pages        = {236},
  publisher    = {{BMVA} Press},
  year         = {2021},
  url          = {https://www.bmvc2021-virtualconference.com/assets/papers/0183.pdf},
  timestamp    = {Wed, 22 Jun 2022 16:52:45 +0200},
  biburl       = {https://dblp.org/rec/conf/bmvc/YiWJ21.bib},
  bibsource    = {dblp computer science bibliography, https://dblp.org}
}

@inproceedings{assembly101_dataset,
  title={Assembly101: A large-scale multi-view video dataset for understanding procedural activities},
  author={Sener, Fadime and Chatterjee, Dibyadip and Shelepov, Daniel and He, Kun and Singhania, Dipika and Wang, Robert and Yao, Angela},
  booktitle={Proceedings of the IEEE/CVF Conference on Computer Vision and Pattern Recognition},
  pages={21096--21106},
  year={2022}
}

@article{bc_z,
  author       = {Eric Jang and
                  Alex Irpan and
                  Mohi Khansari and
                  Daniel Kappler and
                  Frederik Ebert and
                  Corey Lynch and
                  Sergey Levine and
                  Chelsea Finn},
  title        = {{BC-Z:} Zero-Shot Task Generalization with Robotic Imitation Learning},
  journal      = {CoRR},
  volume       = {abs/2202.02005},
  year         = {2022},
  url          = {https://arxiv.org/abs/2202.02005},
  eprinttype    = {arXiv},
  eprint       = {2202.02005},
  timestamp    = {Wed, 09 Feb 2022 15:43:34 +0100},
  biburl       = {https://dblp.org/rec/journals/corr/abs-2202-02005.bib},
  bibsource    = {dblp computer science bibliography, https://dblp.org}
}

@inproceedings{breakfast_dataset,
  title={The language of actions: Recovering the syntax and semantics of goal-directed human activities},
  author={Kuehne, Hilde and Arslan, Ali and Serre, Thomas},
  booktitle={Proceedings of the IEEE conference on computer vision and pattern recognition},
  pages={780--787},
  year={2014}
}

@inproceedings{clip,
  author       = {Alec Radford and
                  Jong Wook Kim and
                  Chris Hallacy and
                  Aditya Ramesh and
                  Gabriel Goh and
                  Sandhini Agarwal and
                  Girish Sastry and
                  Amanda Askell and
                  Pamela Mishkin and
                  Jack Clark and
                  Gretchen Krueger and
                  Ilya Sutskever},
  editor       = {Marina Meila and
                  Tong Zhang},
  title        = {Learning Transferable Visual Models From Natural Language Supervision},
  booktitle    = {Proceedings of the 38th International Conference on Machine Learning,
                  {ICML} 2021, 18-24 July 2021, Virtual Event},
  series       = {Proceedings of Machine Learning Research},
  volume       = {139},
  pages        = {8748--8763},
  publisher    = {{PMLR}},
  year         = {2021},
  url          = {http://proceedings.mlr.press/v139/radford21a.html},
  timestamp    = {Wed, 25 Aug 2021 17:11:17 +0200},
  biburl       = {https://dblp.org/rec/conf/icml/RadfordKHRGASAM21.bib},
  bibsource    = {dblp computer science bibliography, https://dblp.org}
}

@inproceedings{coin_dataset,
  title={Coin: A large-scale dataset for comprehensive instructional video analysis},
  author={Tang, Yansong and Ding, Dajun and Rao, Yongming and Zheng, Yu and Zhang, Danyang and Zhao, Lili and Lu, Jiwen and Zhou, Jie},
  booktitle={Proceedings of the IEEE/CVF Conference on Computer Vision and Pattern Recognition},
  pages={1207--1216},
  year={2019}
}

@inproceedings{compile,
  author       = {Thomas Kipf and
                  Yujia Li and
                  Hanjun Dai and
                  Vin{\'{\i}}cius Flores Zambaldi and
                  Alvaro Sanchez{-}Gonzalez and
                  Edward Grefenstette and
                  Pushmeet Kohli and
                  Peter W. Battaglia},
  editor       = {Kamalika Chaudhuri and
                  Ruslan Salakhutdinov},
  title        = {CompILE: Compositional Imitation Learning and Execution},
  booktitle    = {Proceedings of the 36th International Conference on Machine Learning,
                  {ICML} 2019, 9-15 June 2019, Long Beach, California, {USA}},
  series       = {Proceedings of Machine Learning Research},
  volume       = {97},
  pages        = {3418--3428},
  publisher    = {{PMLR}},
  year         = {2019},
  url          = {http://proceedings.mlr.press/v97/kipf19a.html},
  timestamp    = {Sat, 02 Dec 2023 13:23:52 +0100},
  biburl       = {https://dblp.org/rec/conf/icml/KipfLDZSGKB19.bib},
  bibsource    = {dblp computer science bibliography, https://dblp.org}
}

@article{interactive_language,
  author       = {Corey Lynch and
                  Ayzaan Wahid and
                  Jonathan Tompson and
                  Tianli Ding and
                  James Betker and
                  Robert Baruch and
                  Travis Armstrong and
                  Pete Florence},
  title        = {Interactive Language: Talking to Robots in Real Time},
  journal      = {CoRR},
  volume       = {abs/2210.06407},
  year         = {2022},
  url          = {https://doi.org/10.48550/arXiv.2210.06407},
  doi          = {10.48550/ARXIV.2210.06407},
  eprinttype    = {arXiv},
  eprint       = {2210.06407},
  timestamp    = {Tue, 18 Oct 2022 15:06:52 +0200},
  biburl       = {https://dblp.org/rec/journals/corr/abs-2210-06407.bib},
  bibsource    = {dblp computer science bibliography, https://dblp.org}
}

@inproceedings{labelling_model,
  author       = {Ted Xiao and
                  Harris Chan and
                  Pierre Sermanet and
                  Ayzaan Wahid and
                  Anthony Brohan and
                  Karol Hausman and
                  Sergey Levine and
                  Jonathan Tompson},
  editor       = {Kostas E. Bekris and
                  Kris Hauser and
                  Sylvia L. Herbert and
                  Jingjin Yu},
  title        = {Robotic Skill Acquisition via Instruction Augmentation with Vision-Language
                  Models},
  booktitle    = {Robotics: Science and Systems XIX, Daegu, Republic of Korea, July
                  10-14, 2023},
  year         = {2023},
  url          = {https://doi.org/10.15607/RSS.2023.XIX.029},
  doi          = {10.15607/RSS.2023.XIX.029},
  timestamp    = {Thu, 20 Jul 2023 15:37:49 +0200},
  biburl       = {https://dblp.org/rec/conf/rss/XiaoCSWBHLT23.bib},
  bibsource    = {dblp computer science bibliography, https://dblp.org}
}

@article{llm_segment,
  author       = {Haotian Fu and
                  Pratyusha Sharma and
                  Elias Stengel{-}Eskin and
                  George Konidaris and
                  Nicolas Le Roux and
                  Marc{-}Alexandre C{\^{o}}t{\'{e}} and
                  Xingdi Yuan},
  title        = {Language-guided Skill Learning with Temporal Variational Inference},
  journal      = {CoRR},
  volume       = {abs/2402.16354},
  year         = {2024},
  url          = {https://doi.org/10.48550/arXiv.2402.16354},
  doi          = {10.48550/ARXIV.2402.16354},
  eprinttype    = {arXiv},
  eprint       = {2402.16354},
  timestamp    = {Mon, 25 Mar 2024 15:38:17 +0100},
  biburl       = {https://dblp.org/rec/journals/corr/abs-2402-16354.bib},
  bibsource    = {dblp computer science bibliography, https://dblp.org}
}

@inproceedings{love,
  author       = {Yiding Jiang and
                  Evan Zheran Liu and
                  Benjamin Eysenbach and
                  J. Zico Kolter and
                  Chelsea Finn},
  editor       = {Sanmi Koyejo and
                  S. Mohamed and
                  A. Agarwal and
                  Danielle Belgrave and
                  K. Cho and
                  A. Oh},
  title        = {Learning Options via Compression},
  booktitle    = {Advances in Neural Information Processing Systems 35: Annual Conference
                  on Neural Information Processing Systems 2022, NeurIPS 2022, New Orleans,
                  LA, USA, November 28 - December 9, 2022},
  year         = {2022},
  url          = {http://papers.nips.cc/paper\_files/paper/2022/hash/8567a53e58a9fa4823af356c76ed943c-Abstract-Conference.html},
  timestamp    = {Mon, 08 Jan 2024 16:31:33 +0100},
  biburl       = {https://dblp.org/rec/conf/nips/JiangLEKF22.bib},
  bibsource    = {dblp computer science bibliography, https://dblp.org}
}

@inproceedings{ms_tcn,
  title={Ms-tcn: Multi-stage temporal convolutional network for action segmentation},
  author={Farha, Yazan Abu and Gall, Jurgen},
  booktitle={Proceedings of the IEEE/CVF conference on computer vision and pattern recognition},
  pages={3575--3584},
  year={2019}
}

@inproceedings{niekum_unsupervised,
  author       = {Scott Niekum and
                  Sarah Osentoski and
                  George Dimitri Konidaris and
                  Andrew G. Barto},
  title        = {Learning and generalization of complex tasks from unstructured demonstrations},
  booktitle    = {2012 {IEEE/RSJ} International Conference on Intelligent Robots and
                  Systems, {IROS} 2012, Vilamoura, Algarve, Portugal, October 7-12,
                  2012},
  pages        = {5239--5246},
  publisher    = {{IEEE}},
  year         = {2012},
  url          = {https://doi.org/10.1109/IROS.2012.6386006},
  doi          = {10.1109/IROS.2012.6386006},
  timestamp    = {Tue, 19 Nov 2019 08:34:00 +0100},
  biburl       = {https://dblp.org/rec/conf/iros/NiekumOKB12.bib},
  bibsource    = {dblp computer science bibliography, https://dblp.org}
}

@inproceedings{relabelling,
  author       = {Yuying Ge and
                  Annabella Macaluso and
                  Li Erran Li and
                  Ping Luo and
                  Xiaolong Wang},
  title        = {Policy Adaptation from Foundation Model Feedback},
  booktitle    = {{IEEE/CVF} Conference on Computer Vision and Pattern Recognition,
                  {CVPR} 2023, Vancouver, BC, Canada, June 17-24, 2023},
  pages        = {19059--19069},
  publisher    = {{IEEE}},
  year         = {2023},
  url          = {https://doi.org/10.1109/CVPR52729.2023.01827},
  doi          = {10.1109/CVPR52729.2023.01827},
  timestamp    = {Wed, 25 Oct 2023 16:58:42 +0200},
  biburl       = {https://dblp.org/rec/conf/cvpr/GeML0W23.bib},
  bibsource    = {dblp computer science bibliography, https://dblp.org}
}

@inproceedings{robotic_imitation_language,
  author       = {Simon Stepputtis and
                  Joseph Campbell and
                  Mariano J. Phielipp and
                  Stefan Lee and
                  Chitta Baral and
                  Heni Ben Amor},
  editor       = {Hugo Larochelle and
                  Marc'Aurelio Ranzato and
                  Raia Hadsell and
                  Maria{-}Florina Balcan and
                  Hsuan{-}Tien Lin},
  title        = {Language-Conditioned Imitation Learning for Robot Manipulation Tasks},
  booktitle    = {Advances in Neural Information Processing Systems 33: Annual Conference
                  on Neural Information Processing Systems 2020, NeurIPS 2020, December
                  6-12, 2020, virtual},
  year         = {2020},
  timestamp    = {Tue, 19 Jan 2021 15:57:24 +0100},
  biburl       = {https://dblp.org/rec/conf/nips/StepputtisCPLBA20.bib},
  bibsource    = {dblp computer science bibliography, https://dblp.org}
}

@inproceedings{semi_supervised_as,
  title={Leveraging Action Affinity and Continuity for Semi-supervised Temporal Action Segmentation},
  author={Ding, Guodong and Yao, Angela},
  booktitle={European Conference on Computer Vision},
  pages={17--32},
  year={2022},
  organization={Springer}
}

@inproceedings{sl3,
  author       = {Pratyusha Sharma and
                  Antonio Torralba and
                  Jacob Andreas},
  editor       = {Smaranda Muresan and
                  Preslav Nakov and
                  Aline Villavicencio},
  title        = {Skill Induction and Planning with Latent Language},
  booktitle    = {Proceedings of the 60th Annual Meeting of the Association for Computational
                  Linguistics (Volume 1: Long Papers), {ACL} 2022, Dublin, Ireland,
                  May 22-27, 2022},
  pages        = {1713--1726},
  publisher    = {Association for Computational Linguistics},
  year         = {2022},
  url          = {https://doi.org/10.18653/v1/2022.acl-long.120},
  doi          = {10.18653/V1/2022.ACL-LONG.120},
  timestamp    = {Mon, 01 Aug 2022 16:27:51 +0200},
  biburl       = {https://dblp.org/rec/conf/acl/Sharma0A22.bib},
  bibsource    = {dblp computer science bibliography, https://dblp.org}
}

@inproceedings{st_cnn,
  title={Segmental spatiotemporal cnns for fine-grained action segmentation},
  author={Lea, Colin and Reiter, Austin and Vidal, Ren{\'e} and Hager, Gregory D},
  booktitle={Computer Vision--ECCV 2016: 14th European Conference, Amsterdam, The Netherlands, October 11-14, 2016, Proceedings, Part III 14},
  pages={36--52},
  year={2016},
  organization={Springer}
}

@inproceedings{taco,
  author       = {Kyriacos Shiarlis and
                  Markus Wulfmeier and
                  Sasha Salter and
                  Shimon Whiteson and
                  Ingmar Posner},
  editor       = {Jennifer G. Dy and
                  Andreas Krause},
  title        = {{TACO:} Learning Task Decomposition via Temporal Alignment for Control},
  booktitle    = {Proceedings of the 35th International Conference on Machine Learning,
                  {ICML} 2018, Stockholmsm{\"{a}}ssan, Stockholm, Sweden, July
                  10-15, 2018},
  series       = {Proceedings of Machine Learning Research},
  volume       = {80},
  pages        = {4661--4670},
  publisher    = {{PMLR}},
  year         = {2018},
  url          = {http://proceedings.mlr.press/v80/shiarlis18a.html},
  timestamp    = {Wed, 03 Apr 2019 18:17:30 +0200},
  biburl       = {https://dblp.org/rec/conf/icml/ShiarlisWSWP18.bib},
  bibsource    = {dblp computer science bibliography, https://dblp.org}
}

@article{tal_survey,
  title={Temporal Action Localization in the Deep Learning Era: A Survey},
  author={Wang, Binglu and Zhao, Yongqiang and Yang, Le and Long, Teng and Li, Xuelong},
  journal={IEEE Transactions on Pattern Analysis and Machine Intelligence},
  year={2023},
  publisher={IEEE}
}

@inproceedings{tallformer,
  author       = {Feng Cheng and
                  Gedas Bertasius},
  editor       = {Shai Avidan and
                  Gabriel J. Brostow and
                  Moustapha Ciss{\'{e}} and
                  Giovanni Maria Farinella and
                  Tal Hassner},
  title        = {TallFormer: Temporal Action Localization with a Long-Memory Transformer},
  booktitle    = {Computer Vision - {ECCV} 2022 - 17th European Conference, Tel Aviv,
                  Israel, October 23-27, 2022, Proceedings, Part {XXXIV}},
  series       = {Lecture Notes in Computer Science},
  volume       = {13694},
  pages        = {503--521},
  publisher    = {Springer},
  year         = {2022},
  url          = {https://doi.org/10.1007/978-3-031-19830-4\_29},
  doi          = {10.1007/978-3-031-19830-4\_29},
  timestamp    = {Wed, 26 Oct 2022 09:56:24 +0200},
  biburl       = {https://dblp.org/rec/conf/eccv/ChengB22.bib},
  bibsource    = {dblp computer science bibliography, https://dblp.org}
}

@inproceedings{tridet,
  author       = {Dingfeng Shi and
                  Yujie Zhong and
                  Qiong Cao and
                  Lin Ma and
                  Jia Li and
                  Dacheng Tao},
  title        = {TriDet: Temporal Action Detection with Relative Boundary Modeling},
  booktitle    = {{IEEE/CVF} Conference on Computer Vision and Pattern Recognition,
                  {CVPR} 2023, Vancouver, BC, Canada, June 17-24, 2023},
  pages        = {18857--18866},
  publisher    = {{IEEE}},
  year         = {2023},
  url          = {https://doi.org/10.1109/CVPR52729.2023.01808},
  doi          = {10.1109/CVPR52729.2023.01808},
  timestamp    = {Mon, 27 Nov 2023 20:16:41 +0100},
  biburl       = {https://dblp.org/rec/conf/cvpr/ShiZCMLT23.bib},
  bibsource    = {dblp computer science bibliography, https://dblp.org}
}

@inproceedings{unloc,
  title={Unloc: A unified framework for video localization tasks},
  author={Yan, Shen and Xiong, Xuehan and Nagrani, Arsha and Arnab, Anurag and Wang, Zhonghao and Ge, Weina and Ross, David and Schmid, Cordelia},
  booktitle={Proceedings of the IEEE/CVF International Conference on Computer Vision},
  pages={13623--13633},
  year={2023}
}

@inproceedings{unsupervised_as,
  title={Unsupervised action segmentation by joint representation learning and online clustering},
  author={Kumar, Sateesh and Haresh, Sanjay and Ahmed, Awais and Konin, Andrey and Zia, M Zeeshan and Tran, Quoc-Huy},
  booktitle={Proceedings of the IEEE/CVF Conference on Computer Vision and Pattern Recognition},
  pages={20174--20185},
  year={2022}
}

@inproceedings{weakly_supervised_as,
  title={Weakly-supervised action segmentation and alignment via transcript-aware union-of-subspaces learning},
  author={Lu, Zijia and Elhamifar, Ehsan},
  booktitle={Proceedings of the IEEE/CVF International Conference on Computer Vision},
  pages={8085--8095},
  year={2021}
}

