@misc{CBF_aided_teleop,
      title={Control-Barrier-Aided Teleoperation with Visual-Inertial SLAM for Safe MAV Navigation in Complex Environments}, 
      author={Siqi Zhou and Sotiris Papatheodorou and Stefan Leutenegger and Angela P. Schoellig},
      year={2024},
      eprint={2403.04331},
      archivePrefix={arXiv},
      primaryClass={cs.RO},
      url={https://arxiv.org/abs/2403.04331}, 
}

@INPROCEEDINGS{backstepping_CBF,
  author={Kim, Jinrae and Kim, Youdan},
  booktitle={2023 62nd IEEE Conference on Decision and Control (CDC)}, 
  title={Safe Control Synthesis for Multicopter via Control Barrier Function Backstepping}, 
  year={2023},
  volume={},
  number={},
  pages={8720-8725},
  keywords={Fault tolerance;Backstepping;Fault tolerant systems;Rotors;Numerical simulation;Solids;Angular velocity},
  doi={10.1109/CDC49753.2023.10383446}}

@INPROCEEDINGS{cascaded_CBF,
  author={Khan, Mouhyemen and Zafar, Munzir and Chatterjee, Abhijit},
  booktitle={2020 American Control Conference (ACC)}, 
  title={Barrier Functions in Cascaded Controller: Safe Quadrotor Control}, 
  year={2020},
  volume={},
  number={},
  pages={1737-1742},
  keywords={Safety;Aerospace electronics;Acceleration;Three-dimensional displays;Attitude control;Trajectory;Collision avoidance},
  doi={10.23919/ACC45564.2020.9147864}}

@INPROCEEDINGS{cbf_potential_field_analysis,
  author={Singletary, Andrew and Klingebiel, Karl and Bourne, Joseph and Browning, Andrew and Tokumaru, Phil and Ames, Aaron},
  booktitle={2021 IEEE/RSJ International Conference on Intelligent Robots and Systems (IROS)}, 
  title={Comparative Analysis of Control Barrier Functions and Artificial Potential Fields for Obstacle Avoidance}, 
  year={2021},
  volume={},
  number={},
  pages={8129-8136},
  keywords={Robot sensing systems;Real-time systems;Hardware;Safety;Trajectory;Sensors;Mobile robots},
  doi={10.1109/IROS51168.2021.9636670}}

@INPROCEEDINGS{collisionConeCBF,
  author={Tayal, Manan and Singh, Rajpal and Keshavan, Jishnu and Kolathaya, Shishir},
  booktitle={2024 American Control Conference (ACC)}, 
  title={Control Barrier Functions in Dynamic UAVs for Kinematic Obstacle Avoidance: A Collision Cone Approach}, 
  year={2024},
  volume={},
  number={},
  pages={3722-3727},
  keywords={Legged locomotion;Navigation;Shape;Kinematics;Vectors;Robustness;Safety},
  doi={10.23919/ACC60939.2024.10644548}}

@misc{compositeCBFtemporal,
      title={Time-Varying Soft-Maximum Barrier Functions for Safety in Unmapped and Dynamic Environments}, 
      author={Amirsaeid Safari and Jesse B. Hoagg},
      year={2024},
      eprint={2409.01458},
      archivePrefix={arXiv},
      primaryClass={cs.RO},
      url={https://arxiv.org/abs/2409.01458}, 
}

@article{dawson2022learning,
	title        = {Learning safe, generalizable perception-based hybrid control with certificates},
	author       = {Dawson, Charles and others},
	year         = 2022,
	journal      = {IEEE Robotics and Automation Letters},
	publisher    = {IEEE},
	volume       = 7,
	number       = 2,
	pages        = {1904--1911}
}

@INPROCEEDINGS{harms2024neural,
AUTHOR={Harms, Marvin and Kulkarni, Mihir and Khedekar, Nikhil and Jacquet, Martin and Alexis, Kostas},
TITLE={Neural Control Barrier Functions for Safe Navigation},
BOOKTITLE={2024 IEEE/RSJ International Conference on Intelligent Robots and Systems (IROS)},
YEAR={2024},
URL={https://arxiv.org/abs/2407.19907},
}

@proceedings{range_sensing_CBF,
    author = {Wu, Guofan and Sreenath, Koushil},
    title = "{Safety-Critical Control of a 3D Quadrotor With Range-Limited Sensing}",
    volume = {Volume 1},
    series = {Dynamic Systems and Control Conference},
    pages = {V001T05A006},
    year = {2016},
    month = {10},
    doi = {10.1115/DSCC2016-9913},
    url = {https://doi.org/10.1115/DSCC2016-9913},
    eprint = {https://asmedigitalcollection.asme.org/DSCC/proceedings-pdf/DSCC2016/50695/V001T05A006/2375292/v001t05a006-dscc2016-9913.pdf},
}

