
@INPROCEEDINGS{Lee,
  author={Lee, Taeyoung and Leok, Melvin and McClamroch, N. Harris},
  booktitle={49th IEEE Conference on Decision and Control (CDC)}, 
  title={Geometric tracking control of a quadrotor {UAV} on {SE(3)}}, 
  year={2010},
  volume={},
  number={},
  pages={5420-5425},
  doi={10.1109/CDC.2010.5717652}}

@misc{LeeProof,
      title={Control of Complex Maneuvers for a Quadrotor UAV using Geometric Methods on SE(3)}, 
      author={Taeyoung Lee and Melvin Leok and N. Harris McClamroch},
      year={2011},
      eprint={1003.2005},
      archivePrefix={arXiv},
      primaryClass={math.OC}
}

@INPROCEEDINGS{planar_quadrotor_CBF,
  author={Wu, Guofan and Sreenath, Koushil},
  booktitle={2016 American Control Conference (ACC)}, 
  title={Safety-critical control of a planar quadrotor}, 
  year={2016},
  volume={},
  number={},
  pages={2252-2258},
  keywords={Safety;Trajectory;Lyapunov methods;Asymptotic stability;Aerospace electronics;Robot sensing systems},
  doi={10.1109/ACC.2016.7525253}}

@article{ames2016control,
  title={Control barrier function based quadratic programs for safety critical systems},
  author={Ames, Aaron D and Xu, Xiangru and Grizzle, Jessy W and Tabuada, Paulo},
  journal={IEEE Transactions on Automatic Control},
  volume={62},
  number={8},
  pages={3861--3876},
  year={2016},
  publisher={IEEE}
}

@inproceedings{ames2019control,
  title={Control barrier functions: Theory and applications},
  author={Ames, Aaron D and Coogan, Samuel and Egerstedt, Magnus and Notomista, Gennaro and Sreenath, Koushil and Tabuada, Paulo},
  booktitle={2019 18th European control conference (ECC)},
  pages={3420--3431},
  year={2019},
  organization={IEEE}
}

@INPROCEEDINGS{backstepping_CBF,
  author={Kim, Jinrae and Kim, Youdan},
  booktitle={2023 62nd IEEE Conference on Decision and Control (CDC)}, 
  title={Safe Control Synthesis for Multicopter via Control Barrier Function Backstepping}, 
  year={2023},
  volume={},
  number={},
  pages={8720-8725},
  keywords={Fault tolerance;Backstepping;Fault tolerant systems;Rotors;Numerical simulation;Solids;Angular velocity},
  doi={10.1109/CDC49753.2023.10383446}}

@INPROCEEDINGS{CBF_teleoperation,
  author={Xu, Bin and Sreenath, Koushil},
  booktitle={2018 IEEE International Conference on Robotics and Automation (ICRA)}, 
  title={Safe Teleoperation of Dynamic UAVs Through Control Barrier Functions}, 
  year={2018},
  volume={},
  number={},
  pages={7848-7855},
  keywords={Safety;Trajectory;Collision avoidance;Vehicle dynamics;Dynamics;Robots;Task analysis},
  doi={10.1109/ICRA.2018.8463194}}

@INPROCEEDINGS{cascaded_CBF,
  author={Khan, Mouhyemen and Zafar, Munzir and Chatterjee, Abhijit},
  booktitle={2020 American Control Conference (ACC)}, 
  title={Barrier Functions in Cascaded Controller: Safe Quadrotor Control}, 
  year={2020},
  volume={},
  number={},
  pages={1737-1742},
  keywords={Safety;Aerospace electronics;Acceleration;Three-dimensional displays;Attitude control;Trajectory;Collision avoidance},
  doi={10.23919/ACC45564.2020.9147864}}


@proceedings{range_sensing_CBF,
    author = {Wu, Guofan and Sreenath, Koushil},
    title = "{Safety-Critical Control of a 3D Quadrotor With Range-Limited Sensing}",
    volume = {Volume 1},
    series = {Dynamic Systems and Control Conference},
    pages = {V001T05A006},
    year = {2016},
    month = {10},
    doi = {10.1115/DSCC2016-9913},
    url = {https://doi.org/10.1115/DSCC2016-9913},
    eprint = {https://asmedigitalcollection.asme.org/DSCC/proceedings-pdf/DSCC2016/50695/V001T05A006/2375292/v001t05a006-dscc2016-9913.pdf},
}


@misc{mixed_relative_degree,
      title={Control Barrier Functions for Systems with Multiple Control Inputs}, 
      author={Wei Xiao and Christos G. Cassandras and Calin A. Belta and Daniela Rus},
      year={2022},
      eprint={2203.07978},
      archivePrefix={arXiv},
      primaryClass={eess.SY}
}


@INPROCEEDINGS{ECBF,
  author={Nguyen, Quan and Sreenath, Koushil},
  booktitle={2016 American Control Conference (ACC)}, 
  title={Exponential Control Barrier Functions for enforcing high relative-degree safety-critical constraints}, 
  year={2016},
  volume={},
  number={},
  pages={322-328},
  keywords={Nonlinear systems;Safety;Control theory;Lyapunov methods;Design methodology;Systematics;Control design},
  doi={10.1109/ACC.2016.7524935}}

@ARTICLE{HOCBF,
  author={Xiao, Wei and Belta, Calin},
  journal={IEEE Transactions on Automatic Control}, 
  title={High-Order Control Barrier Functions}, 
  year={2022},
  volume={67},
  number={7},
  pages={3655-3662},
  keywords={Safety;Optimization;Lyapunov methods;Cruise control;Optimal control;Navigation;Convergence;Lyapunov methods;safety-critical control},
  doi={10.1109/TAC.2021.3105491}}

@INPROCEEDINGS{BCBF,
  author={Taylor, Andrew J. and Ong, Pio and Molnar, Tamas G. and Ames, Aaron D.},
  booktitle={2022 IEEE 61st Conference on Decision and Control (CDC)}, 
  title={Safe Backstepping with Control Barrier Functions}, 
  year={2022},
  volume={},
  number={},
  pages={5775-5782},
  keywords={Uncertain systems;Backstepping;Process control;Control systems;Stability analysis;Robustness;Safety},
  doi={10.1109/CDC51059.2022.9992763}}

@article{alejo2016reactive,
  title={A reactive method for collision avoidance in industrial environments},
  author={Alejo, David and Cobano, Jose A and Heredia, Guillermo and Ollero, An{\'\i}bal},
  journal={Journal of Intelligent \& Robotic Systems},
  volume={84},
  pages={745--758},
  year={2016},
  publisher={Springer}
}

@inproceedings{allen2016real,
  title={A real-time framework for kinodynamic planning with application to quadrotor obstacle avoidance},
  author={Allen, Ross and Pavone, Marco},
  booktitle={AIAA Guidance, Navigation, and Control Conference},
  pages={1374},
  year={2016}
}

@article{karaman2011sampling,
  title={Sampling-based algorithms for optimal motion planning},
  author={Karaman, Sertac and Frazzoli, Emilio},
  journal={The international journal of robotics research},
  volume={30},
  number={7},
  pages={846--894},
  year={2011},
  publisher={Sage Publications Sage UK: London, England}
}

@article{kahn2017uncertainty,
  title={Uncertainty-aware reinforcement learning for collision avoidance},
  author={Kahn, Gregory and Villaflor, Adam and Pong, Vitchyr and Abbeel, Pieter and Levine, Sergey},
  journal={arXiv preprint arXiv:1702.01182},
  year={2017}
}

@article{kulkarni2024reinforcement,
  title={Reinforcement learning for collision-free flight exploiting deep collision encoding},
  author={Kulkarni, Mihir and Alexis, Kostas},
  journal={arXiv preprint arXiv:2402.03947},
  year={2024}
}

@inproceedings{dentler2016real,
  title={A real-time model predictive position control with collision avoidance for commercial low-cost quadrotors},
  author={Dentler, Jan and Kannan, Somasundar and Mendez, Miguel Angel Olivares and Voos, Holger},
  booktitle={2016 IEEE conference on control applications (CCA)},
  pages={519--525},
  year={2016},
  organization={IEEE}
}

@inproceedings{kamel2017robust,
  title={Robust collision avoidance for multiple micro aerial vehicles using nonlinear model predictive control},
  author={Kamel, Mina and Alonso-Mora, Javier and Siegwart, Roland and Nieto, Juan},
  booktitle={2017 IEEE/RSJ International Conference on Intelligent Robots and Systems (IROS)},
  pages={236--243},
  year={2017},
  organization={IEEE}
}

@article{alexis2016robust,
  title={Robust model predictive flight control of unmanned rotorcrafts},
  author={Alexis, Kostas and Papachristos, Christos and Siegwart, Roland and Tzes, Anthony},
  journal={Journal of Intelligent \& Robotic Systems},
  volume={81},
  pages={443--469},
  year={2016},
  publisher={Springer}
}

@article{compositeCBFames,
  title={Composing control barrier functions for complex safety specifications},
  author={Molnar, Tamas G and Ames, Aaron D},
  journal={IEEE Control Systems Letters},
  year={2023},
  publisher={IEEE}
}

@misc{compositeCBFtemporal,
      title={Time-Varying Soft-Maximum Barrier Functions for Safety in Unmapped and Dynamic Environments}, 
      author={Amirsaeid Safari and Jesse B. Hoagg},
      year={2024},
      eprint={2409.01458},
      archivePrefix={arXiv},
      primaryClass={cs.RO},
      url={https://arxiv.org/abs/2409.01458}, 
}

@INPROCEEDINGS{compositeCBFhoagg,
  author={Rabiee, Pedram and Hoagg, Jesse B.},
  booktitle={2024 American Control Conference (ACC)}, 
  title={Composition of Control Barrier Functions with Differing Relative Degrees for Safety Under Input Constraints}, 
  year={2024},
  volume={},
  number={},
  pages={3692-3697},
  keywords={Actuators;Control systems;Safety;Robots},
  doi={10.23919/ACC60939.2024.10644151}}

@INPROCEEDINGS{collisionConeCBF,
  author={Tayal, Manan and Singh, Rajpal and Keshavan, Jishnu and Kolathaya, Shishir},
  booktitle={2024 American Control Conference (ACC)}, 
  title={Control Barrier Functions in Dynamic UAVs for Kinematic Obstacle Avoidance: A Collision Cone Approach}, 
  year={2024},
  volume={},
  number={},
  pages={3722-3727},
  keywords={Legged locomotion;Navigation;Shape;Kinematics;Vectors;Robustness;Safety},
  doi={10.23919/ACC60939.2024.10644548}}

@misc{CBF_aided_teleop,
      title={Control-Barrier-Aided Teleoperation with Visual-Inertial SLAM for Safe MAV Navigation in Complex Environments}, 
      author={Siqi Zhou and Sotiris Papatheodorou and Stefan Leutenegger and Angela P. Schoellig},
      year={2024},
      eprint={2403.04331},
      archivePrefix={arXiv},
      primaryClass={cs.RO},
      url={https://arxiv.org/abs/2403.04331}, 
}

@INPROCEEDINGS{voxblox,
  author={Oleynikova, Helen and Taylor, Zachary and Fehr, Marius and Siegwart, Roland and Nieto, Juan},
  booktitle={2017 IEEE/RSJ International Conference on Intelligent Robots and Systems (IROS)}, 
  title={Voxblox: Incremental 3D Euclidean Signed Distance Fields for on-board MAV planning}, 
  year={2017},
  volume={},
  number={},
  pages={1366-1373},
  keywords={Planning;Three-dimensional displays;Robot sensing systems;Real-time systems;Buildings;Surface reconstruction},
  doi={10.1109/IROS.2017.8202315}}

@INPROCEEDINGS{harms2024neural,
AUTHOR={Harms, Marvin and Kulkarni, Mihir and Khedekar, Nikhil and Jacquet, Martin and Alexis, Kostas},
TITLE={Neural Control Barrier Functions for Safe Navigation},
BOOKTITLE={2024 IEEE/RSJ International Conference on Intelligent Robots and Systems (IROS)},
YEAR={2024},
URL={https://arxiv.org/abs/2407.19907},
}

@article{dawson2022learning,
	title        = {Learning safe, generalizable perception-based hybrid control with certificates},
	author       = {Dawson, Charles and others},
	year         = 2022,
	journal      = {IEEE Robotics and Automation Letters},
	publisher    = {IEEE},
	volume       = 7,
	number       = 2,
	pages        = {1904--1911}
}

@inproceedings{khattak2020complementary,
    author={Khattak, Shehryar and Nguyen, Huan and Mascarich, Frank and Dang, Tung and Alexis, Kostas},
	title        = {Complementary multi--modal sensor fusion for resilient robot pose estimation in subterranean environments},
    year         = 2020,
	booktitle    = {2020 International Conference on Unmanned Aircraft Systems (ICUAS)},
	pages        = {1024--1029},
	organization = {IEEE}
}

@Article{Andersson_Casadi,
  author = {Joel A E Andersson and Joris Gillis and Greg Horn and James B Rawlings and Moritz Diehl},
  title = {{CasADi} -- {A} software framework for nonlinear optimization  and optimal control},
  journal = {Mathematical Programming Computation},
  volume = {11},
  number = {1},
  pages = {1--36},
  year = {2019},
  publisher = {Springer},
  doi = {10.1007/s12532-018-0139-4}
}

@ARTICLE{Ferreau_qpOASES,
  author = {H.J. Ferreau and C. Kirches and A. Potschka and H.G. Bock and M. Diehl},
  title = {{qpOASES}: A parametric active-set algorithm for quadratic programming},
  journal = {Mathematical Programming Computation},
  year = {2014},
  volume = {6},
  number = {4},
  pages = {327--363},
}

@ARTICLE{TalINDI,
  author={Tal, Ezra and Karaman, Sertac},
  journal={IEEE Transactions on Control Systems Technology}, 
  title={Accurate Tracking of Aggressive Quadrotor Trajectories Using Incremental Nonlinear Dynamic Inversion and Differential Flatness}, 
  year={2021},
  volume={29},
  number={3},
  pages={1203-1218},
  doi={10.1109/TCST.2020.3001117}
}

@INPROCEEDINGS{cbf_potential_field_analysis,
  author={Singletary, Andrew and Klingebiel, Karl and Bourne, Joseph and Browning, Andrew and Tokumaru, Phil and Ames, Aaron},
  booktitle={2021 IEEE/RSJ International Conference on Intelligent Robots and Systems (IROS)}, 
  title={Comparative Analysis of Control Barrier Functions and Artificial Potential Fields for Obstacle Avoidance}, 
  year={2021},
  volume={},
  number={},
  pages={8129-8136},
  keywords={Robot sensing systems;Real-time systems;Hardware;Safety;Trajectory;Sensors;Mobile robots},
  doi={10.1109/IROS51168.2021.9636670}}
