@inproceedings{bai2022transfusion,
  title={Transfusion: Robust lidar-camera fusion for 3d object detection with transformers},
  author={Bai, Xuyang and Hu, Zeyu and Zhu, Xinge and Huang, Qingqiu and Chen, Yilun and Fu, Hongbo and Tai, Chiew-Lan},
  booktitle={Proceedings of the IEEE/CVF conference on computer vision and pattern recognition},
  pages={1090--1099},
  year={2022}
}

@inproceedings{carion2020end,
  title={End-to-end object detection with transformers},
  author={Carion, Nicolas and Massa, Francisco and Synnaeve, Gabriel and Usunier, Nicolas and Kirillov, Alexander and Zagoruyko, Sergey},
  booktitle={European conference on computer vision},
  pages={213--229},
  year={2020},
  organization={Springer}
}

@inproceedings{gao2021fast,
  title={Fast convergence of detr with spatially modulated co-attention},
  author={Gao, Peng and Zheng, Minghang and Wang, Xiaogang and Dai, Jifeng and Li, Hongsheng},
  booktitle={Proceedings of the IEEE/CVF international conference on computer vision},
  pages={3621--3630},
  year={2021}
}

@article{huang2022bevdet4d,
  title={BEVDet4D: Exploit temporal cues in multi-camera 3D object detection},
  author={Huang, Junjie and others},
  journal={arXiv preprint arXiv:2203.17054},
  year={2022}
}

@inproceedings{jiao2023msmdfusion,
  title={Msmdfusion: Fusing lidar and camera at multiple scales with multi-depth seeds for 3d object detection},
  author={Jiao, Yang and Jie, Zequn and Chen, Shaoxiang and Chen, Jingjing and Ma, Lin and Jiang, Yu-Gang},
  booktitle={Proceedings of the IEEE/CVF conference on computer vision and pattern recognition},
  pages={21643--21652},
  year={2023}
}

@inproceedings{li2022bevformer,
  title={BEVFormer: Learning bird's-eye-view representation from multi-camera images via spatiotemporal transformers},
  author={Li, Zhiqi and others},
  booktitle={Proceedings of the European Conference on Computer Vision (ECCV)},
  year={2022}
}

@inproceedings{li2023bevdepth,
  title={Bevdepth: Acquisition of reliable depth for multi-view 3d object detection},
  author={Li, Yinhao and Ge, Zheng and Yu, Guanyi and Yang, Jinrong and Wang, Zengran and Shi, Yukang and Sun, Jianjian and Li, Zeming},
  booktitle={Proceedings of the AAAI Conference on Artificial Intelligence},
  volume={37},
  number={2},
  pages={1477--1485},
  year={2023}
}

@inproceedings{li2024gafusion,
  title={GAFusion: Adaptive Fusing LiDAR and Camera with Multiple Guidance for 3D Object Detection},
  author={Li, Xiaotian and Fan, Baojie and Tian, Jiandong and Fan, Huijie},
  booktitle={Proceedings of the IEEE/CVF Conference on Computer Vision and Pattern Recognition},
  pages={21209--21218},
  year={2024}
}

@article{liang2022bevfusion,
  title={Bevfusion: A simple and robust lidar-camera fusion framework},
  author={Liang, Tingting and Xie, Hongwei and Yu, Kaicheng and Xia, Zhongyu and Lin, Zhiwei and Wang, Yongtao and Tang, Tao and Wang, Bing and Tang, Zhi},
  journal={Advances in Neural Information Processing Systems},
  volume={35},
  pages={10421--10434},
  year={2022}
}

@inproceedings{liu2021group,
  title={Group-free 3d object detection via transformers},
  author={Liu, Ze and Zhang, Zheng and Cao, Yue and Hu, Han and Tong, Xin},
  booktitle={Proceedings of the IEEE/CVF International Conference on Computer Vision},
  pages={2949--2958},
  year={2021}
}

@inproceedings{liu2023bevfusion,
  title={Bevfusion: Multi-task multi-sensor fusion with unified bird's-eye view representation},
  author={Liu, Zhijian and Tang, Haotian and Amini, Alexander and Yang, Xinyu and Mao, Huizi and Rus, Daniela L and Han, Song},
  booktitle={2023 IEEE International Conference on Robotics and Automation (ICRA)},
  pages={2774--2781},
  year={2023},
  organization={IEEE}
}

@inproceedings{mao2021voxel,
  title={Voxel transformer for 3d object detection},
  author={Mao, Jiageng and Xue, Yujing and Niu, Minzhe and Bai, Haoyue and Feng, Jiashi and Liang, Xiaodan and Xu, Hang and Xu, Chunjing},
  booktitle={Proceedings of the IEEE/CVF International Conference on Computer Vision},
  pages={3164--3173},
  year={2021}
}

@inproceedings{misra2021end,
  title={An end-to-end transformer model for 3d object detection},
  author={Misra, Ishan and Girdhar, Rohit and Joulin, Armand},
  booktitle={Proceedings of the IEEE/CVF International Conference on Computer Vision},
  pages={2906--2917},
  year={2021}
}

@inproceedings{philion2020lift,
  title={Lift, splat, shoot: Encoding images from arbitrary camera rigs by implicitly unprojecting to 3d},
  author={Philion, Jonah and Fidler, Sanja},
  booktitle={Computer Vision--ECCV 2020: 16th European Conference, Glasgow, UK, August 23--28, 2020, Proceedings, Part XIV 16},
  pages={194--210},
  year={2020},
  organization={Springer}
}

@article{qi2017pointnet++,
  title={Pointnet++: Deep hierarchical feature learning on point sets in a metric space},
  author={Qi, Charles Ruizhongtai and Yi, Li and Su, Hao and Guibas, Leonidas J},
  journal={Advances in neural information processing systems},
  volume={30},
  year={2017}
}

@inproceedings{sheng2021improving,
  title={Improving 3d object detection with channel-wise transformer},
  author={Sheng, Hualian and Cai, Sijia and Liu, Yuan and Deng, Bing and Huang, Jianqiang and Hua, Xian-Sheng and Zhao, Min-Jian},
  booktitle={Proceedings of the IEEE/CVF International Conference on Computer Vision},
  pages={2743--2752},
  year={2021}
}

@inproceedings{shi2020pv,
  title={Pv-rcnn: Point-voxel feature set abstraction for 3d object detection},
  author={Shi, Shaoshuai and Guo, Chaoxu and Jiang, Li and Wang, Zhe and Shi, Jianping and Wang, Xiaogang and Li, Hongsheng},
  booktitle={Proceedings of the IEEE/CVF conference on computer vision and pattern recognition},
  pages={10529--10538},
  year={2020}
}

@inproceedings{sun2021sparse,
  title={Sparse r-cnn: End-to-end object detection with learnable proposals},
  author={Sun, Peize and Zhang, Rufeng and Jiang, Yi and Kong, Tao and Xu, Chenfeng and Zhan, Wei and Tomizuka, Masayoshi and Li, Lei and Yuan, Zehuan and Wang, Changhu and others},
  booktitle={Proceedings of the IEEE/CVF conference on computer vision and pattern recognition},
  pages={14454--14463},
  year={2021}
}

@article{vaswani2017attention,
  title={Attention is all you need},
  author={Vaswani, Ashish and Shazeer, Noam and Parmar, Niki and Uszkoreit, Jakob and Jones, Llion and Gomez, Aidan N and Kaiser, {\L}ukasz and Polosukhin, Illia},
  journal={Advances in neural information processing systems},
  volume={30},
  year={2017}
}

@inproceedings{wang2022detr3d,
  title={DETR3D: 3D object detection from multi-view images via 3D-to-2D queries},
  author={Wang, Yue and others},
  booktitle={Proceedings of the Conference on Robot Learning (CoRL)},
  year={2022}
}

@inproceedings{xie2023sparsefusion,
  title={SparseFusion: Fusing multi-modal sparse representations for multi-sensor 3D object detection},
  author={Xie, Yichen and others},
  booktitle={Proceedings of the IEEE/CVF International Conference on Computer Vision (ICCV)},
  year={2023}
}

@article{yan2018second,
  title={Second: Sparsely embedded convolutional detection},
  author={Yan, Yan and Mao, Yuxing and Li, Bo},
  journal={Sensors},
  volume={18},
  number={10},
  pages={3337},
  year={2018},
  publisher={MDPI}
}

@inproceedings{yan2023cross,
  title={Cross modal transformer: Towards fast and robust 3d object detection},
  author={Yan, Junjie and Liu, Yingfei and Sun, Jianjian and Jia, Fan and Li, Shuailin and Wang, Tiancai and Zhang, Xiangyu},
  booktitle={Proceedings of the IEEE/CVF International Conference on Computer Vision},
  pages={18268--18278},
  year={2023}
}

@article{zhai2022vid,
  title={3D-VID: Multi-frame point cloud feature fusion based on attention mechanisms for 3D object detection},
  author={Zhai, Zhenyu and others},
  journal={Sensors},
  volume={22},
  number={22},
  pages={8640},
  year={2022},
  publisher={MDPI}
}

@inproceedings{zhou2018voxelnet,
  title={Voxelnet: End-to-end learning for point cloud based 3d object detection},
  author={Zhou, Yin and Tuzel, Oncel},
  booktitle={Proceedings of the IEEE conference on computer vision and pattern recognition},
  pages={4490--4499},
  year={2018}
}

@article{zhu2020deformable,
  title={Deformable detr: Deformable transformers for end-to-end object detection},
  author={Zhu, Xizhou and Su, Weijie and Lu, Lewei and Li, Bin and Wang, Xiaogang and Dai, Jifeng},
  journal={arXiv preprint arXiv:2010.04159},
  year={2020}
}

