@book{ abelson-et-al:scheme,
  author = "Harold Abelson and Gerald~Jay Sussman and Julie Sussman",
  title = "Structure and Interpretation of Computer Programs",
  publisher = "MIT Press",
  address = "Cambridge, Massachusetts",
  year = "1985"
}

@inproceedings{ bgf:Lixto,
  author = "Robert Baumgartner and Georg Gottlob and Sergio Flesca",
  title = "Visual Information Extraction with {Lixto}",
  booktitle = "Proceedings of the 27th International Conference on Very Large Databases",
  pages = "119--128",
  publisher = "Morgan Kaufmann",
  address = "Rome, Italy",
  month = "September",
  year = "2001"
}

@article{ brachman-schmolze:kl-one,
  author = "Ronald~J. Brachman and James~G. Schmolze",
  title = "An overview of the {KL-ONE} knowledge representation system",
  journal = "Cognitive Science",
  volume = "9",
  number = "2",
  pages = "171--216",
  month = "April--June",
  year = "1985"
}

@article{ gottlob:nonmon,
  author = "Georg Gottlob",
  title = "Complexity results for nonmonotonic logics",
  journal = "Journal of Logic and Computation",
  volume = "2",
  number = "3",
  pages = "397--425",
  month = "June",
  year = "1992"
}

@article{ gls:hypertrees,
  author = "Georg Gottlob and Nicola Leone and Francesco Scarcello",
  title = "Hypertree Decompositions and Tractable Queries",
  journal = "Journal of Computer and System Sciences",
  volume = "64",
  number = "3",
  pages = "579--627",
  month = "May",
  year = "2002"
}

@article{ levesque:functional-foundations,
  author = "Hector~J. Levesque",
  title = "Foundations of a functional approach to knowledge representation",
  journal = "Artificial Intelligence",
  volume = "23",
  number = "2",
  pages = "155--212",
  month = "July",
  year = "1984"
}

@inproceedings{ levesque:belief,
  author = "Hector~J. Levesque",
  title = "A logic of implicit and explicit belief",
  booktitle = "Proceedings of the Fourth National Conference on Artificial Intelligence",
  publisher = "American Association for Artificial Intelligence",
  pages = "198--202",
  address = "Austin, Texas",
  month = "August",
  year = "1984"
}

@article{ nebel:jair-2000,
  author = "Bernhard Nebel",
  title = "On the compilability and expressive power of propositional planning formalisms",
  journal = "Journal of Artificial Intelligence Research",
  volume = "12",
  pages = "271--315",
  year = "2000"
}

 @misc{proceedings,
  author = {{IJCAI Proceedings}},
  title = {{IJCAI} Camera Ready Submission},
  howpublished = {\url{https://proceedings.ijcai.org/info}},
}

% Long form of conference & journal abbreviations -- especially for camera ready
@String(PAMI  = {IEEE Trans. Pattern Anal. Mach. Intell.})
@String(IJCV  = {Int. J. Comput. Vis.})
@String(CVPR  = {IEEE Conf. Comput. Vis. Pattern Recog.})
@String(ICCV  = {Int. Conf. Comput. Vis.})
@String(ECCV  = {Eur. Conf. Comput. Vis.})
@String(NeurIPS = {Adv. Neural Inform. Process. Syst.})
@String(ICML  = {Int. Conf. Mach. Learn.})
@String(ICLR  = {Int. Conf. Learn. Represent.})
@String(ACCV  = {Asian Conf. Comput. Vis.})
@String(BMVC  = {Brit. Mach. Vis. Conf.})
@String(CVPRW = {IEEE Conf. Comput. Vis. Pattern Recog. Worksh.})
@String(AAAI  = {AAAI})
@String(IJCAI = {IJCAI})
@String(ICIP  = {IEEE Int. Conf. Image Process.})
@String(ICPR  = {Int. Conf. Pattern Recog.})
@String(ICASSP=	{ICASSP})
@String(ICME  = {Int. Conf. Multimedia and Expo})
@String(JMLR  = {J. Mach. Learn. Res.})
@String(TMLR  = {Trans. Mach. Learn Res.})
@String(TOG   = {ACM Trans. Graph.})
@String(TIP   = {IEEE Trans. Image Process.})
@String(TVCG  = {IEEE Trans. Vis. Comput. Graph.})
@String(TCSVT = {IEEE Trans. Circuit Syst. Video Technol.})
@String(TMM   = {IEEE Trans. Multimedia})
@String(ACMMM = {ACM Int. Conf. Multimedia})
@String(PR    = {Pattern Recognition})

@String(MNI	  = {Nature Mach. Intell.})
@String(SPL	  = {IEEE Sign. Process. Letters})
@String(VR    = {Vis. Res.})
@String(JOV	  = {J. Vis.})
@String(TVC   = {The Vis. Comput.})
@String(JCST  = {J. Comput. Sci. Tech.})
@String(CGF   = {Comput. Graph. Forum})
@String(CVM   = {Computational Visual Media})


% Short form of conference & journal abbreviations -- especially for submission version
% if desired, remove these macros in favor of the above ones
@String(PAMI  = {IEEE TPAMI})
@String(IJCV  = {IJCV})
@String(CVPR  = {CVPR})
@String(ICCV  = {ICCV})
@String(ECCV  = {ECCV})
@String(NeurIPS = {NeurIPS})
@String(ICML  = {ICML})
@String(ICLR  = {ICLR})
@String(ACCV  = {ACCV})
@String(BMVC  =	{BMVC})
@String(CVPRW = {CVPRW})
@String(AAAI  = {AAAI})
@String(IJCAI = {IJCAI})
@String(ICIP  = {ICIP})
@String(ICPR  = {ICPR})
@String(ICASSP=	{ICASSP})
@String(ICME  =	{ICME})
@String(JMLR  = {JMLR})
@String(TMLR  = {TMLR})
@String(TOG   = {ACM TOG})
@String(TIP   = {IEEE TIP})
@String(TVCG  = {IEEE TVCG})
@String(TCSVT = {IEEE TCSVT})
@String(TMM   =	{IEEE TMM})
@String(ACMMM = {ACM MM})
@String(PR    = {PR})



@misc{Anonymous24,
 author = {Anonymous},
 title = {The frobnicatable foo filter},
 note = {{ECCV} submission ID 00324, supplied as supplemental material {\tt 00324.pdf}},
 year = 2024
}

@misc{Anonymous24b,
 author = {Anonymous},
 title = {Frobnication tutorial},
 note = {Supplied as supplemental material {\tt tr.pdf}},
 year = 2024
}

@article{Alpher02,
author = {FirstName Alpher},
title = {Frobnication},
journal = PAMI,
volume = 12,
number = 1,
pages = {234--778},
year = 2002
}

@article{Alpher03,
author = {FirstName Alpher and FirstName Fotheringham-Smythe},
title = {Frobnication revisited},
journal = {Journal of Foo},
volume = 13,
number = 1,
pages = {234--778},
year = 2003
}

@article{Alpher04,
author = {FirstName Alpher and FirstName Fotheringham-Smythe and FirstName Gamow},
title = {Can a machine frobnicate?},
journal = {Journal of Foo},
volume = 14,
number = 1,
pages = {234--778},
year = 2004
}

@inproceedings{Alpher05,
author = {FirstName Alpher and FirstName Gamow},
title = {Can a computer frobnicate?},
booktitle = CVPR,
pages = {234--778},
year = 2005
}

@book{ECCV2022,
    editor = {Shai Avidan and Gabriel Brostow and Moustapha Cissé and Giovanni Maria Farinella and Tal Hassner},
    title = {Computer Vision -- ECCV 2022},
    year = {2022},
    publisher = {Springer},
    doi = {10.1007/978-3-031-19769-7}
}

% Long form of conference & journal abbreviations -- especially for camera ready
@String(PAMI  = {IEEE Trans. Pattern Anal. Mach. Intell.})
@String(IJCV  = {Int. J. Comput. Vis.})
@String(CVPR  = {IEEE Conf. Comput. Vis. Pattern Recog.})
@String(ICCV  = {Int. Conf. Comput. Vis.})
@String(ECCV  = {Eur. Conf. Comput. Vis.})
@String(NeurIPS = {Adv. Neural Inform. Process. Syst.})
@String(ICML  = {Int. Conf. Mach. Learn.})
@String(ICLR  = {Int. Conf. Learn. Represent.})
@String(ACCV  = {Asian Conf. Comput. Vis.})
@String(BMVC  = {Brit. Mach. Vis. Conf.})
@String(CVPRW = {IEEE Conf. Comput. Vis. Pattern Recog. Worksh.})
@String(AAAI  = {AAAI})
@String(IJCAI = {IJCAI})
@String(ICIP  = {IEEE Int. Conf. Image Process.})
@String(ICPR  = {Int. Conf. Pattern Recog.})
@String(ICASSP=	{ICASSP})
@String(ICME  = {Int. Conf. Multimedia and Expo})
@String(JMLR  = {J. Mach. Learn. Res.})
@String(TMLR  = {Trans. Mach. Learn Res.})
@String(TOG   = {ACM Trans. Graph.})
@String(TIP   = {IEEE Trans. Image Process.})
@String(TVCG  = {IEEE Trans. Vis. Comput. Graph.})
@String(TCSVT = {IEEE Trans. Circuit Syst. Video Technol.})
@String(TMM   = {IEEE Trans. Multimedia})
@String(ACMMM = {ACM Int. Conf. Multimedia})
@String(PR    = {Pattern Recognition})

@String(MNI	  = {Nature Mach. Intell.})
@String(SPL	  = {IEEE Sign. Process. Letters})
@String(VR    = {Vis. Res.})
@String(JOV	  = {J. Vis.})
@String(TVC   = {The Vis. Comput.})
@String(JCST  = {J. Comput. Sci. Tech.})
@String(CGF   = {Comput. Graph. Forum})
@String(CVM   = {Computational Visual Media})


% Short form of conference & journal abbreviations -- especially for submission version
% if desired, remove these macros in favor of the above ones
@String(PAMI  = {IEEE TPAMI})
@String(IJCV  = {IJCV})
@String(CVPR  = {CVPR})
@String(ICCV  = {ICCV})
@String(ECCV  = {ECCV})
@String(NeurIPS = {NeurIPS})
@String(ICML  = {ICML})
@String(ICLR  = {ICLR})
@String(ACCV  = {ACCV})
@String(BMVC  =	{BMVC})
@String(CVPRW = {CVPRW})
@String(AAAI  = {AAAI})
@String(IJCAI = {IJCAI})
@String(ICIP  = {ICIP})
@String(ICPR  = {ICPR})
@String(ICASSP=	{ICASSP})
@String(ICME  =	{ICME})
@String(JMLR  = {JMLR})
@String(TMLR  = {TMLR})
@String(TOG   = {ACM TOG})
@String(TIP   = {IEEE TIP})
@String(TVCG  = {IEEE TVCG})
@String(TCSVT = {IEEE TCSVT})
@String(TMM   =	{IEEE TMM})
@String(ACMMM = {ACM MM})
@String(PR    = {PR})



@misc{Anonymous24,
 author = {Anonymous},
 title = {The frobnicatable foo filter},
 note = {{ECCV} submission ID 00324, supplied as supplemental material {\tt 00324.pdf}},
 year = 2024
}

@misc{Anonymous24b,
 author = {Anonymous},
 title = {Frobnication tutorial},
 note = {Supplied as supplemental material {\tt tr.pdf}},
 year = 2024
}

@article{Alpher02,
author = {FirstName Alpher},
title = {Frobnication},
journal = PAMI,
volume = 12,
number = 1,
pages = {234--778},
year = 2002
}

@article{Alpher03,
author = {FirstName Alpher and FirstName Fotheringham-Smythe},
title = {Frobnication revisited},
journal = {Journal of Foo},
volume = 13,
number = 1,
pages = {234--778},
year = 2003
}

@article{Alpher04,
author = {FirstName Alpher and FirstName Fotheringham-Smythe and FirstName Gamow},
title = {Can a machine frobnicate?},
journal = {Journal of Foo},
volume = 14,
number = 1,
pages = {234--778},
year = 2004
}

@inproceedings{Alpher05,
author = {FirstName Alpher and FirstName Gamow},
title = {Can a computer frobnicate?},
booktitle = CVPR,
pages = {234--778},
year = 2005
}

@book{ECCV2022,
    editor = {Shai Avidan and Gabriel Brostow and Moustapha Cissé and Giovanni Maria Farinella and Tal Hassner},
    title = {Computer Vision -- ECCV 2022},
    year = {2022},
    publisher = {Springer},
    doi = {10.1007/978-3-031-19769-7}
}

@String(PAMI = {IEEE Trans. Pattern Anal. Mach. Intell.})
@String(IJCV = {Int. J. Comput. Vis.})
@String(CVPR= {IEEE Conf. Comput. Vis. Pattern Recog.})
@String(ICCV= {Int. Conf. Comput. Vis.})
@String(ECCV= {Eur. Conf. Comput. Vis.})
@String(NIPS= {Adv. Neural Inform. Process. Syst.})
@String(ICPR = {Int. Conf. Pattern Recog.})
@String(BMVC= {Brit. Mach. Vis. Conf.})
@String(TOG= {ACM Trans. Graph.})
@String(TIP  = {IEEE Trans. Image Process.})
@String(TVCG  = {IEEE Trans. Vis. Comput. Graph.})
@String(TMM  = {IEEE Trans. Multimedia})
@String(ACMMM= {ACM Int. Conf. Multimedia})
@String(ICME = {Int. Conf. Multimedia and Expo})
@String(ICASSP=	{ICASSP})
@String(ICIP = {IEEE Int. Conf. Image Process.})
@String(ACCV  = {ACCV})
@String(ICLR = {Int. Conf. Learn. Represent.})
@String(IJCAI = {IJCAI})
@String(PR   = {Pattern Recognition})
@String(AAAI = {AAAI})
@String(CVPRW= {IEEE Conf. Comput. Vis. Pattern Recog. Worksh.})
@String(CSVT = {IEEE Trans. Circuit Syst. Video Technol.})

@String(SPL	= {IEEE Sign. Process. Letters})
@String(VR   = {Vis. Res.})
@String(JOV	 = {J. Vis.})
@String(TVC  = {The Vis. Comput.})
@String(JCST  = {J. Comput. Sci. Tech.})
@String(CGF  = {Comput. Graph. Forum})
@String(CVM = {Computational Visual Media})


@String(PAMI  = {IEEE TPAMI})
@String(IJCV  = {IJCV})
@String(CVPR  = {CVPR})
@String(ICCV  = {ICCV})
@String(ECCV  = {ECCV})
@String(NIPS  = {NeurIPS})
@String(ICPR  = {ICPR})
@String(BMVC  =	{BMVC})
@String(TOG   = {ACM TOG})
@String(TIP   = {IEEE TIP})
@String(TVCG  = {IEEE TVCG})
@String(TCSVT = {IEEE TCSVT})
@String(TMM   =	{IEEE TMM})
@String(ACMMM = {ACM MM})
@String(ICME  =	{ICME})
@String(ICASSP=	{ICASSP})
@String(ICIP  = {ICIP})
@String(ACCV  = {ACCV})
@String(ICLR  = {ICLR})
@String(IJCAI = {IJCAI})
@String(PR = {PR})
@String(AAAI = {AAAI})
@String(CVPRW= {CVPRW})
@String(CSVT = {IEEE TCSVT})



@misc{Authors14,
 author = {FirstName LastName},
 title = {The frobnicatable foo filter},
 note = {Face and Gesture submission ID 324. Supplied as supplemental material {\tt fg324.pdf}},
 year = 2014
}

@misc{Authors14b,
 author = {FirstName LastName},
 title = {Frobnication tutorial},
 note = {Supplied as supplemental material {\tt tr.pdf}},
 year = 2014
}

@article{Alpher02,
author = {FirstName Alpher},
title = {Frobnication},
journal = PAMI,
volume = 12,
number = 1,
pages = {234--778},
year = 2002
}

@article{Alpher03,
author = {FirstName Alpher and  FirstName Fotheringham-Smythe},
title = {Frobnication revisited},
journal = {Journal of Foo},
volume = 13,
number = 1,
pages = {234--778},
year = 2003
}

@article{Alpher04,
author = {FirstName Alpher and FirstName Fotheringham-Smythe and FirstName Gamow},
title = {Can a machine frobnicate?},
journal = {Journal of Foo},
volume = 14,
number = 1,
pages = {234--778},
year = 2004
}

@inproceedings{Alpher05,
author = {FirstName Alpher and FirstName Gamow},
title = {Can a computer frobnicate?},
booktitle = CVPR,
pages = {234--778},
year = 2005
}

@article{vaswani2017attention,
  title={Attention is all you need},
  author={Vaswani, Ashish and Shazeer, Noam and Parmar, Niki and Uszkoreit, Jakob and Jones, Llion and Gomez, Aidan N and Kaiser, {\L}ukasz and Polosukhin, Illia},
  journal={Advances in neural information processing systems},
  volume={30},
  year={2017}
}
@article{dosovitskiy2020image,
  title={An image is worth 16x16 words: Transformers for image recognition at scale},
  author={Dosovitskiy, Alexey and Beyer, Lucas and Kolesnikov, Alexander and Weissenborn, Dirk and Zhai, Xiaohua and Unterthiner, Thomas and Dehghani, Mostafa and Minderer, Matthias and Heigold, Georg and Gelly, Sylvain and others},
  journal={arXiv preprint arXiv:2010.11929},
  year={2020}
}
@inproceedings{chen2020generative,
  title={Generative pretraining from pixels},
  author={Chen, Mark and Radford, Alec and Child, Rewon and Wu, Jeffrey and Jun, Heewoo and Luan, David and Sutskever, Ilya},
  booktitle={International conference on machine learning},
  pages={1691--1703},
  year={2020},
  organization={PMLR}
}
@article{qi2020imagebert,
  title={Imagebert: Cross-modal pre-training with large-scale weak-supervised image-text data},
  author={Qi, Di and Su, Lin and Song, Jia and Cui, Edward and Bharti, Taroon and Sacheti, Arun},
  journal={arXiv preprint arXiv:2001.07966},
  year={2020}
}
@inproceedings{sun2019videobert,
  title={Videobert: A joint model for video and language representation learning},
  author={Sun, Chen and Myers, Austin and Vondrick, Carl and Murphy, Kevin and Schmid, Cordelia},
  booktitle={Proceedings of the IEEE/CVF international conference on computer vision},
  pages={7464--7473},
  year={2019}
}

@inproceedings{geiger2012we,
  title={Are we ready for autonomous driving? the kitti vision benchmark suite},
  author={Geiger, Andreas and Lenz, Philip and Urtasun, Raquel},
  booktitle={2012 IEEE conference on computer vision and pattern recognition},
  pages={3354--3361},
  year={2012},
  organization={IEEE}
}

@inproceedings{el2023enhanced,
  title={Enhanced Thermal-RGB Fusion for Robust Object Detection},
  author={El Ahmar, Wassim and Massoud, Yahya and Kolhatkar, Dhanvin and AlGhamdi, Hamzah and Alja’afreh, Mohammad and Hammoud, Riad and Laganiere, Robert},
  booktitle={Proceedings of the IEEE/CVF Conference on Computer Vision and Pattern Recognition},
  pages={365--374},
  year={2023}
}
@inproceedings{chabot2017deep,
  title={Deep manta: A coarse-to-fine many-task network for joint 2d and 3d vehicle analysis from monocular image},
  author={Chabot, Florian and Chaouch, Mohamed and Rabarisoa, Jaonary and Teuliere, C{\'e}line and Chateau, Thierry},
  booktitle={Proceedings of the IEEE conference on computer vision and pattern recognition},
  pages={2040--2049},
  year={2017}
}
@inproceedings{chen2017multi,
  title={Multi-view 3d object detection network for autonomous driving},
  author={Chen, Xiaozhi and Ma, Huimin and Wan, Ji and Li, Bo and Xia, Tian},
  booktitle={Proceedings of the IEEE conference on Computer Vision and Pattern Recognition},
  pages={1907--1915},
  year={2017}
}


@inproceedings{yoo20203d,
  title={3d-cvf: Generating joint camera and lidar features using cross-view spatial feature fusion for 3d object detection},
  author={Yoo, Jin Hyeok and Kim, Yecheol and Kim, Jisong and Choi, Jun Won},
  booktitle={Computer Vision--ECCV 2020: 16th European Conference, Glasgow, UK, August 23--28, 2020, Proceedings, Part XXVII 16},
  pages={720--736},
  year={2020},
  organization={Springer}
}

@inproceedings{yang2019std,
  title={Std: Sparse-to-dense 3d object detector for point cloud},
  author={Yang, Zetong and Sun, Yanan and Liu, Shu and Shen, Xiaoyong and Jia, Jiaya},
  booktitle={Proceedings of the IEEE/CVF international conference on computer vision},
  pages={1951--1960},
  year={2019}
}
@inproceedings{lang2019pointpillars,
  title={Pointpillars: Fast encoders for object detection from point clouds},
  author={Lang, Alex H and Vora, Sourabh and Caesar, Holger and Zhou, Lubing and Yang, Jiong and Beijbom, Oscar},
  booktitle={Proceedings of the IEEE/CVF conference on computer vision and pattern recognition},
  pages={12697--12705},
  year={2019}
}

@inproceedings{shi2019pointrcnn,
  title={Pointrcnn: 3d object proposal generation and detection from point cloud},
  author={Shi, Shaoshuai and Wang, Xiaogang and Li, Hongsheng},
  booktitle={Proceedings of the IEEE/CVF conference on computer vision and pattern recognition},
  pages={770--779},
  year={2019}
}

@inproceedings{yang20203dssd,
  title={3dssd: Point-based 3d single stage object detector},
  author={Yang, Zetong and Sun, Yanan and Liu, Shu and Jia, Jiaya},
  booktitle={Proceedings of the IEEE/CVF conference on computer vision and pattern recognition},
  pages={11040--11048},
  year={2020}
}
@article{liu2023tanet,
  title={TANet: Transformer-based asymmetric network for RGB-D salient object detection},
  author={Liu, Chang and Yang, Gang and Wang, Shuo and Wang, Hangxu and Zhang, Yunhua and Wang, Yutao},
  journal={IET Computer Vision},
  year={2023},
  publisher={Wiley Online Library}
}

@inproceedings{li2022diversity,
  title={Diversity matters: Fully exploiting depth clues for reliable monocular 3d object detection},
  author={Li, Zhuoling and Qu, Zhan and Zhou, Yang and Liu, Jianzhuang and Wang, Haoqian and Jiang, Lihui},
  booktitle={Proceedings of the IEEE/CVF Conference on Computer Vision and Pattern Recognition},
  pages={2791--2800},
  year={2022}
}
@article{yan2018second,
  title={Second: Sparsely embedded convolutional detection},
  author={Yan, Yan and Mao, Yuxing and Li, Bo},
  journal={Sensors},
  volume={18},
  number={10},
  pages={3337},
  year={2018},
  publisher={MDPI}
}

@inproceedings{deng2021voxel,
  title={Voxel r-cnn: Towards high performance voxel-based 3d object detection},
  author={Deng, Jiajun and Shi, Shaoshuai and Li, Peiwei and Zhou, Wengang and Zhang, Yanyong and Li, Houqiang},
  booktitle={Proceedings of the AAAI Conference on Artificial Intelligence},
  volume={35},
  number={2},
  pages={1201--1209},
  year={2021}
}
@inproceedings{shi2020pv,
  title={Pv-rcnn: Point-voxel feature set abstraction for 3d object detection},
  author={Shi, Shaoshuai and Guo, Chaoxu and Jiang, Li and Wang, Zhe and Shi, Jianping and Wang, Xiaogang and Li, Hongsheng},
  booktitle={Proceedings of the IEEE/CVF conference on computer vision and pattern recognition},
  pages={10529--10538},
  year={2020}
}
@article{zhu2022vpfnet,
  title={Vpfnet: Improving 3d object detection with virtual point based lidar and stereo data fusion},
  author={Zhu, Hanqi and Deng, Jiajun and Zhang, Yu and Ji, Jianmin and Mao, Qiuyu and Li, Houqiang and Zhang, Yanyong},
  journal={IEEE Transactions on Multimedia},
  year={2022},
  publisher={IEEE}
}

@article{liu2023real,
  title={Real time object detection using LiDAR and camera fusion for autonomous driving},
  author={Liu, Haibin and Wu, Chao and Wang, Huanjie},
  journal={Scientific Reports},
  volume={13},
  number={1},
  pages={8056},
  year={2023},
  publisher={Nature Publishing Group UK London}
}
@inproceedings{chen2017multi,
  title={Multi-view 3d object detection network for autonomous driving},
  author={Chen, Xiaozhi and Ma, Huimin and Wan, Ji and Li, Bo and Xia, Tian},
  booktitle={Proceedings of the IEEE conference on Computer Vision and Pattern Recognition},
  pages={1907--1915},
  year={2017}
}
@inproceedings{ku2018joint,
  title={Joint 3d proposal generation and object detection from view aggregation},
  author={Ku, Jason and Mozifian, Melissa and Lee, Jungwook and Harakeh, Ali and Waslander, Steven L},
  booktitle={2018 IEEE/RSJ International Conference on Intelligent Robots and Systems (IROS)},
  pages={1--8},
  year={2018},
  organization={IEEE}
}

@inproceedings{sun2020scalability,
  title={Scalability in perception for autonomous driving: Waymo open dataset},
  author={Sun, Pei and Kretzschmar, Henrik and Dotiwalla, Xerxes and Chouard, Aurelien and Patnaik, Vijaysai and Tsui, Paul and Guo, James and Zhou, Yin and Chai, Yuning and Caine, Benjamin and others},
  booktitle={Proceedings of the IEEE/CVF conference on computer vision and pattern recognition},
  pages={2446--2454},
  year={2020}
}
@inproceedings{chai2021point,
  title={To the point: Efficient 3d object detection in the range image with graph convolution kernels},
  author={Chai, Yuning and Sun, Pei and Ngiam, Jiquan and Wang, Weiyue and Caine, Benjamin and Vasudevan, Vijay and Zhang, Xiao and Anguelov, Dragomir},
  booktitle={Proceedings of the IEEE/CVF conference on computer vision and pattern recognition},
  pages={16000--16009},
  year={2021}
}

@inproceedings{fan2021rangedet,
  title={Rangedet: In defense of range view for lidar-based 3d object detection},
  author={Fan, Lue and Xiong, Xuan and Wang, Feng and Wang, Naiyan and Zhang, Zhaoxiang},
  booktitle={Proceedings of the IEEE/CVF international conference on computer vision},
  pages={2918--2927},
  year={2021}
}
@inproceedings{liang2021rangeioudet,
  title={Rangeioudet: Range image based real-time 3d object detector optimized by intersection over union},
  author={Liang, Zhidong and Zhang, Zehan and Zhang, Ming and Zhao, Xian and Pu, Shiliang},
  booktitle={Proceedings of the IEEE/CVF Conference on Computer Vision and Pattern Recognition},
  pages={7140--7149},
  year={2021}
}
@inproceedings{li20173d,
  title={3d fully convolutional network for vehicle detection in point cloud},
  author={Li, Bo},
  booktitle={2017 IEEE/RSJ International Conference on Intelligent Robots and Systems (IROS)},
  pages={1513--1518},
  year={2017},
  organization={IEEE}
}

@inproceedings{yang2018pixor,
  title={Pixor: Real-time 3d object detection from point clouds},
  author={Yang, Bin and Luo, Wenjie and Urtasun, Raquel},
  booktitle={Proceedings of the IEEE conference on Computer Vision and Pattern Recognition},
  pages={7652--7660},
  year={2018}
}
@inproceedings{zhou2018voxelnet,
  title={Voxelnet: End-to-end learning for point cloud based 3d object detection},
  author={Zhou, Yin and Tuzel, Oncel},
  booktitle={Proceedings of the IEEE conference on computer vision and pattern recognition},
  pages={4490--4499},
  year={2018}
}
@inproceedings{lang2019pointpillars,
  title={Pointpillars: Fast encoders for object detection from point clouds},
  author={Lang, Alex H and Vora, Sourabh and Caesar, Holger and Zhou, Lubing and Yang, Jiong and Beijbom, Oscar},
  booktitle={Proceedings of the IEEE/CVF conference on computer vision and pattern recognition},
  pages={12697--12705},
  year={2019}
}
@inproceedings{qi2019deep,
  title={Deep hough voting for 3d object detection in point clouds},
  author={Qi, Charles R and Litany, Or and He, Kaiming and Guibas, Leonidas J},
  booktitle={proceedings of the IEEE/CVF International Conference on Computer Vision},
  pages={9277--9286},
  year={2019}
}

@inproceedings{qi2018frustum,
  title={Frustum pointnets for 3d object detection from rgb-d data},
  author={Qi, Charles R and Liu, Wei and Wu, Chenxia and Su, Hao and Guibas, Leonidas J},
  booktitle={Proceedings of the IEEE conference on computer vision and pattern recognition},
  pages={918--927},
  year={2018}
}
@inproceedings{shi2019pointrcnn,
  title={Pointrcnn: 3d object proposal generation and detection from point cloud},
  author={Shi, Shaoshuai and Wang, Xiaogang and Li, Hongsheng},
  booktitle={Proceedings of the IEEE/CVF conference on computer vision and pattern recognition},
  pages={770--779},
  year={2019}
}
@inproceedings{yang20203dssd,
  title={3dssd: Point-based 3d single stage object detector},
  author={Yang, Zetong and Sun, Yanan and Liu, Shu and Jia, Jiaya},
  booktitle={Proceedings of the IEEE/CVF conference on computer vision and pattern recognition},
  pages={11040--11048},
  year={2020}
}

@inproceedings{yang2019std,
  title={Std: Sparse-to-dense 3d object detector for point cloud},
  author={Yang, Zetong and Sun, Yanan and Liu, Shu and Shen, Xiaoyong and Jia, Jiaya},
  booktitle={Proceedings of the IEEE/CVF international conference on computer vision},
  pages={1951--1960},
  year={2019}
}
@article{qi2017pointnet++,
  title={Pointnet++: Deep hierarchical feature learning on point sets in a metric space},
  author={Qi, Charles Ruizhongtai and Yi, Li and Su, Hao and Guibas, Leonidas J},
  journal={Advances in neural information processing systems},
  volume={30},
  year={2017}
}
@inproceedings{qi2019deep,
  title={Deep hough voting for 3d object detection in point clouds},
  author={Qi, Charles R and Litany, Or and He, Kaiming and Guibas, Leonidas J},
  booktitle={proceedings of the IEEE/CVF International Conference on Computer Vision},
  pages={9277--9286},
  year={2019}
}


@inproceedings{he2020structure,
  title={Structure aware single-stage 3d object detection from point cloud},
  author={He, Chenhang and Zeng, Hui and Huang, Jianqiang and Hua, Xian-Sheng and Zhang, Lei},
  booktitle={Proceedings of the IEEE/CVF conference on computer vision and pattern recognition},
  pages={11873--11882},
  year={2020}
}


@inproceedings{carion2020end,
  title={End-to-end object detection with transformers},
  author={Carion, Nicolas and Massa, Francisco and Synnaeve, Gabriel and Usunier, Nicolas and Kirillov, Alexander and Zagoruyko, Sergey},
  booktitle={European conference on computer vision},
  pages={213--229},
  year={2020},
  organization={Springer}
}
@article{dosovitskiy2020image,
  title={An image is worth 16x16 words: Transformers for image recognition at scale},
  author={Dosovitskiy, Alexey and Beyer, Lucas and Kolesnikov, Alexander and Weissenborn, Dirk and Zhai, Xiaohua and Unterthiner, Thomas and Dehghani, Mostafa and Minderer, Matthias and Heigold, Georg and Gelly, Sylvain and others},
  journal={arXiv preprint arXiv:2010.11929},
  year={2020}
}
@article{zhu2020deformable,
  title={Deformable detr: Deformable transformers for end-to-end object detection},
  author={Zhu, Xizhou and Su, Weijie and Lu, Lewei and Li, Bin and Wang, Xiaogang and Dai, Jifeng},
  journal={arXiv preprint arXiv:2010.04159},
  year={2020}
}


@inproceedings{mao2021voxel,
  title={Voxel transformer for 3d object detection},
  author={Mao, Jiageng and Xue, Yujing and Niu, Minzhe and Bai, Haoyue and Feng, Jiashi and Liang, Xiaodan and Xu, Hang and Xu, Chunjing},
  booktitle={Proceedings of the IEEE/CVF International Conference on Computer Vision},
  pages={3164--3173},
  year={2021}
}

@inproceedings{liu2021group,
  title={Group-free 3d object detection via transformers},
  author={Liu, Ze and Zhang, Zheng and Cao, Yue and Hu, Han and Tong, Xin},
  booktitle={Proceedings of the IEEE/CVF International Conference on Computer Vision},
  pages={2949--2958},
  year={2021}
}

@inproceedings{misra2021end,
  title={An end-to-end transformer model for 3d object detection},
  author={Misra, Ishan and Girdhar, Rohit and Joulin, Armand},
  booktitle={Proceedings of the IEEE/CVF International Conference on Computer Vision},
  pages={2906--2917},
  year={2021}
}
@article{guo2021pct,
  title={Pct: Point cloud transformer},
  author={Guo, Meng-Hao and Cai, Jun-Xiong and Liu, Zheng-Ning and Mu, Tai-Jiang and Martin, Ralph R and Hu, Shi-Min},
  journal={Computational Visual Media},
  volume={7},
  pages={187--199},
  year={2021},
  publisher={Springer}
}

@inproceedings{zhao2021point,
  title={Point transformer},
  author={Zhao, Hengshuang and Jiang, Li and Jia, Jiaya and Torr, Philip HS and Koltun, Vladlen},
  booktitle={Proceedings of the IEEE/CVF international conference on computer vision},
  pages={16259--16268},
  year={2021}
}

@inproceedings{ranftl2021vision,
  title={Vision transformers for dense prediction},
  author={Ranftl, Ren{\'e} and Bochkovskiy, Alexey and Koltun, Vladlen},
  booktitle={Proceedings of the IEEE/CVF international conference on computer vision},
  pages={12179--12188},
  year={2021}
}

@inproceedings{sheng2021improving,
  title={Improving 3d object detection with channel-wise transformer},
  author={Sheng, Hualian and Cai, Sijia and Liu, Yuan and Deng, Bing and Huang, Jianqiang and Hua, Xian-Sheng and Zhao, Min-Jian},
  booktitle={Proceedings of the IEEE/CVF International Conference on Computer Vision},
  pages={2743--2752},
  year={2021}
}
@inproceedings{bai2022transfusion,
  title={Transfusion: Robust lidar-camera fusion for 3d object detection with transformers},
  author={Bai, Xuyang and Hu, Zeyu and Zhu, Xinge and Huang, Qingqiu and Chen, Yilun and Fu, Hongbo and Tai, Chiew-Lan},
  booktitle={Proceedings of the IEEE/CVF conference on computer vision and pattern recognition},
  pages={1090--1099},
  year={2022}
}

@inproceedings{gao2021fast,
  title={Fast convergence of detr with spatially modulated co-attention},
  author={Gao, Peng and Zheng, Minghang and Wang, Xiaogang and Dai, Jifeng and Li, Hongsheng},
  booktitle={Proceedings of the IEEE/CVF international conference on computer vision},
  pages={3621--3630},
  year={2021}
}
@inproceedings{sun2021sparse,
  title={Sparse r-cnn: End-to-end object detection with learnable proposals},
  author={Sun, Peize and Zhang, Rufeng and Jiang, Yi and Kong, Tao and Xu, Chenfeng and Zhan, Wei and Tomizuka, Masayoshi and Li, Lei and Yuan, Zehuan and Wang, Changhu and others},
  booktitle={Proceedings of the IEEE/CVF conference on computer vision and pattern recognition},
  pages={14454--14463},
  year={2021}
}
@inproceedings{touvron2021training,
  title={Training data-efficient image transformers \& distillation through attention},
  author={Touvron, Hugo and Cord, Matthieu and Douze, Matthijs and Massa, Francisco and Sablayrolles, Alexandre and J{\'e}gou, Herv{\'e}},
  booktitle={International conference on machine learning},
  pages={10347--10357},
  year={2021},
  organization={PMLR}
}
@inproceedings{liu2021swin,
  title={Swin transformer: Hierarchical vision transformer using shifted windows},
  author={Liu, Ze and Lin, Yutong and Cao, Yue and Hu, Han and Wei, Yixuan and Zhang, Zheng and Lin, Stephen and Guo, Baining},
  booktitle={Proceedings of the IEEE/CVF international conference on computer vision},
  pages={10012--10022},
  year={2021}
}
@inproceedings{yuan2021tokens,
  title={Tokens-to-token vit: Training vision transformers from scratch on imagenet},
  author={Yuan, Li and Chen, Yunpeng and Wang, Tao and Yu, Weihao and Shi, Yujun and Jiang, Zi-Hang and Tay, Francis EH and Feng, Jiashi and Yan, Shuicheng},
  booktitle={Proceedings of the IEEE/CVF international conference on computer vision},
  pages={558--567},
  year={2021}
}
@inproceedings{wang2021pyramid,
  title={Pyramid vision transformer: A versatile backbone for dense prediction without convolutions},
  author={Wang, Wenhai and Xie, Enze and Li, Xiang and Fan, Deng-Ping and Song, Kaitao and Liang, Ding and Lu, Tong and Luo, Ping and Shao, Ling},
  booktitle={Proceedings of the IEEE/CVF international conference on computer vision},
  pages={568--578},
  year={2021}
}
@inproceedings{chen2021crossvit,
  title={Crossvit: Cross-attention multi-scale vision transformer for image classification},
  author={Chen, Chun-Fu Richard and Fan, Quanfu and Panda, Rameswar},
  booktitle={Proceedings of the IEEE/CVF international conference on computer vision},
  pages={357--366},
  year={2021}
}
@article{xie2021segformer,
  title={SegFormer: Simple and efficient design for semantic segmentation with transformers},
  author={Xie, Enze and Wang, Wenhai and Yu, Zhiding and Anandkumar, Anima and Alvarez, Jose M and Luo, Ping},
  journal={Advances in Neural Information Processing Systems},
  volume={34},
  pages={12077--12090},
  year={2021}
}
@inproceedings{zheng2021rethinking,
  title={Rethinking semantic segmentation from a sequence-to-sequence perspective with transformers},
  author={Zheng, Sixiao and Lu, Jiachen and Zhao, Hengshuang and Zhu, Xiatian and Luo, Zekun and Wang, Yabiao and Fu, Yanwei and Feng, Jianfeng and Xiang, Tao and Torr, Philip HS and others},
  booktitle={Proceedings of the IEEE/CVF conference on computer vision and pattern recognition},
  pages={6881--6890},
  year={2021}
}
@inproceedings{strudel2021segmenter,
  title={Segmenter: Transformer for semantic segmentation},
  author={Strudel, Robin and Garcia, Ricardo and Laptev, Ivan and Schmid, Cordelia},
  booktitle={Proceedings of the IEEE/CVF international conference on computer vision},
  pages={7262--7272},
  year={2021}
}
@inproceedings{yu2017multi,
  title={Multi-modal factorized bilinear pooling with co-attention learning for visual question answering},
  author={Yu, Zhou and Yu, Jun and Fan, Jianping and Tao, Dacheng},
  booktitle={Proceedings of the IEEE international conference on computer vision},
  pages={1821--1830},
  year={2017}
}
@article{yu2021bisenet,
  title={Bisenet v2: Bilateral network with guided aggregation for real-time semantic segmentation},
  author={Yu, Changqian and Gao, Changxin and Wang, Jingbo and Yu, Gang and Shen, Chunhua and Sang, Nong},
  journal={International Journal of Computer Vision},
  volume={129},
  pages={3051--3068},
  year={2021},
  publisher={Springer}
}
@inproceedings{redmon2016you,
  title={You only look once: Unified, real-time object detection},
  author={Redmon, Joseph and Divvala, Santosh and Girshick, Ross and Farhadi, Ali},
  booktitle={Proceedings of the IEEE conference on computer vision and pattern recognition},
  pages={779--788},
  year={2016}
}

@inproceedings{wang2023yolov7,
  title={YOLOv7: Trainable bag-of-freebies sets new state-of-the-art for real-time object detectors},
  author={Wang, Chien-Yao and Bochkovskiy, Alexey and Liao, Hong-Yuan Mark},
  booktitle={Proceedings of the IEEE/CVF Conference on Computer Vision and Pattern Recognition},
  pages={7464--7475},
  year={2023}
}

@inproceedings{liu2016ssd,
  title={Ssd: Single shot multibox detector},
  author={Liu, Wei and Anguelov, Dragomir and Erhan, Dumitru and Szegedy, Christian and Reed, Scott and Fu, Cheng-Yang and Berg, Alexander C},
  booktitle={Computer Vision--ECCV 2016: 14th European Conference, Amsterdam, The Netherlands, October 11--14, 2016, Proceedings, Part I 14},
  pages={21--37},
  year={2016},
  organization={Springer}
}
@article{ren2015faster,
  title={Faster r-cnn: Towards real-time object detection with region proposal networks},
  author={Ren, Shaoqing and He, Kaiming and Girshick, Ross and Sun, Jian},
  journal={Advances in neural information processing systems},
  volume={28},
  year={2015}
}
@article{fu2017dssd,
  title={Dssd: Deconvolutional single shot detector},
  author={Fu, Cheng-Yang and Liu, Wei and Ranga, Ananth and Tyagi, Ambrish and Berg, Alexander C},
  journal={arXiv preprint arXiv:1701.06659},
  year={2017}
}
@inproceedings{girshick2015fast,
  title={Fast r-cnn},
  author={Girshick, Ross},
  booktitle={Proceedings of the IEEE international conference on computer vision},
  pages={1440--1448},
  year={2015}
}
@article{li2022yolov6,
  title={YOLOv6: A single-stage object detection framework for industrial applications},
  author={Li, Chuyi and Li, Lulu and Jiang, Hongliang and Weng, Kaiheng and Geng, Yifei and Li, Liang and Ke, Zaidan and Li, Qingyuan and Cheng, Meng and Nie, Weiqiang and others},
  journal={arXiv preprint arXiv:2209.02976},
  year={2022}
}
@inproceedings{girshick2014rich,
  title={Rich feature hierarchies for accurate object detection and semantic segmentation},
  author={Girshick, Ross and Donahue, Jeff and Darrell, Trevor and Malik, Jitendra},
  booktitle={Proceedings of the IEEE conference on computer vision and pattern recognition},
  pages={580--587},
  year={2014}
}
@article{mousa2023rgb,
  title={RGB-LiDAR fusion for accurate 2D and 3D object detection},
  author={Mousa-Pasandi, Morteza and Liu, Tianran and Massoud, Yahya and Lagani{\`e}re, Robert},
  journal={Machine Vision and Applications},
  volume={34},
  number={5},
  pages={86},
  year={2023},
  publisher={Springer}
}
@article{convmixer,
  title={Patches are all you need?},
  author={Trockman, Asher and Kolter, J Zico},
  journal={arXiv preprint arXiv:2201.09792},
  year={2022}
}
@inproceedings{zhang2022not,
  title={Not all points are equal: Learning highly efficient point-based detectors for 3d lidar point clouds},
  author={Zhang, Yifan and Hu, Qingyong and Xu, Guoquan and Ma, Yanxin and Wan, Jianwei and Guo, Yulan},
  booktitle={Proceedings of the IEEE/CVF Conference on Computer Vision and Pattern Recognition},
  pages={18953--18962},
  year={2022}
}

@inproceedings{xu2022behind,
  title={Behind the curtain: Learning occluded shapes for 3d object detection},
  author={Xu, Qiangeng and Zhong, Yiqi and Neumann, Ulrich},
  booktitle={Proceedings of the AAAI Conference on Artificial Intelligence},
  volume={36},
  number={3},
  pages={2893--2901},
  year={2022}
}

@inproceedings{sheng2021improving,
  title={Improving 3d object detection with channel-wise transformer},
  author={Sheng, Hualian and Cai, Sijia and Liu, Yuan and Deng, Bing and Huang, Jianqiang and Hua, Xian-Sheng and Zhao, Min-Jian},
  booktitle={Proceedings of the IEEE/CVF International Conference on Computer Vision},
  pages={2743--2752},
  year={2021}
}
@inproceedings{zhou2021monocular,
  title={Monocular 3d object detection: An extrinsic parameter free approach},
  author={Zhou, Yunsong and He, Yuan and Zhu, Hongzi and Wang, Cheng and Li, Hongyang and Jiang, Qinhong},
  booktitle={Proceedings of the IEEE/CVF Conference on Computer Vision and Pattern Recognition},
  pages={7556--7566},
  year={2021}
}

@inproceedings{chen2021monorun,
  title={Monorun: Monocular 3d object detection by reconstruction and uncertainty propagation},
  author={Chen, Hansheng and Huang, Yuyao and Tian, Wei and Gao, Zhong and Xiong, Lu},
  booktitle={Proceedings of the IEEE/CVF Conference on Computer Vision and Pattern Recognition},
  pages={10379--10388},
  year={2021}
}

@inproceedings{kumar2022deviant,
  title={Deviant: Depth equivariant network for monocular 3d object detection},
  author={Kumar, Abhinav and Brazil, Garrick and Corona, Enrique and Parchami, Armin and Liu, Xiaoming},
  booktitle={European Conference on Computer Vision},
  pages={664--683},
  year={2022},
  organization={Springer}
}

@inproceedings{xu2023mononerd,
  title={Mononerd: Nerf-like representations for monocular 3d object detection},
  author={Xu, Junkai and Peng, Liang and Cheng, Haoran and Li, Hao and Qian, Wei and Li, Ke and Wang, Wenxiao and Cai, Deng},
  booktitle={Proceedings of the IEEE/CVF International Conference on Computer Vision},
  pages={6814--6824},
  year={2023}
}
@inproceedings{heylen2021monocinis,
  title={Monocinis: Camera independent monocular 3d object detection using instance segmentation},
  author={Heylen, Jonas and De Wolf, Mark and Dawagne, Bruno and Proesmans, Marc and Van Gool, Luc and Abbeloos, Wim and Abdelkawy, Hazem and Reino, Daniel Olmeda},
  booktitle={Proceedings of the IEEE/CVF International Conference on Computer Vision},
  pages={923--934},
  year={2021}
}
@inproceedings{brazil2023omni3d,
  title={Omni3D: A Large Benchmark and Model for 3D Object Detection in the Wild},
  author={Brazil, Garrick and Kumar, Abhinav and Straub, Julian and Ravi, Nikhila and Johnson, Justin and Gkioxari, Georgia},
  booktitle={Proceedings of the IEEE/CVF Conference on Computer Vision and Pattern Recognition},
  pages={13154--13164},
  year={2023}
}

@inproceedings{min2023neurocs,
  title={NeurOCS: Neural NOCS Supervision for Monocular 3D Object Localization},
  author={Min, Zhixiang and Zhuang, Bingbing and Schulter, Samuel and Liu, Buyu and Dunn, Enrique and Chandraker, Manmohan},
  booktitle={Proceedings of the IEEE/CVF Conference on Computer Vision and Pattern Recognition},
  pages={21404--21414},
  year={2023}
}
@inproceedings{chen2022pseudo,
  title={Pseudo-stereo for monocular 3d object detection in autonomous driving},
  author={Chen, Yi-Nan and Dai, Hang and Ding, Yong},
  booktitle={Proceedings of the IEEE/CVF Conference on Computer Vision and Pattern Recognition},
  pages={887--897},
  year={2022}
}
@inproceedings{li2022stereo,
  title={Stereo neural vernier caliper},
  author={Li, Shichao and Liu, Zechun and Shen, Zhiqiang and Cheng, Kwang-Ting},
  booktitle={Proceedings of the AAAI Conference on Artificial Intelligence},
  volume={36},
  number={2},
  pages={1376--1385},
  year={2022}
}
@inproceedings{he2022svga,
  title={Svga-net: Sparse voxel-graph attention network for 3d object detection from point clouds},
  author={He, Qingdong and Wang, Zhengning and Zeng, Hao and Zeng, Yi and Liu, Yijun},
  booktitle={Proceedings of the AAAI Conference on Artificial Intelligence},
  volume={36},
  number={1},
  pages={870--878},
  year={2022}
}
@inproceedings{zhang2022cat,
  title={Cat-det: Contrastively augmented transformer for multi-modal 3d object detection},
  author={Zhang, Yanan and Chen, Jiaxin and Huang, Di},
  booktitle={Proceedings of the IEEE/CVF Conference on Computer Vision and Pattern Recognition},
  pages={908--917},
  year={2022}
}
@inproceedings{guan2022m3detr,
  title={M3detr: Multi-representation, multi-scale, mutual-relation 3d object detection with transformers},
  author={Guan, Tianrui and Wang, Jun and Lan, Shiyi and Chandra, Rohan and Wu, Zuxuan and Davis, Larry and Manocha, Dinesh},
  booktitle={Proceedings of the IEEE/CVF winter conference on applications of computer vision},
  pages={772--782},
  year={2022}
}
@inproceedings{huang2020epnet,
  title={Epnet: Enhancing point features with image semantics for 3d object detection},
  author={Huang, Tengteng and Liu, Zhe and Chen, Xiwu and Bai, Xiang},
  booktitle={Computer Vision--ECCV 2020: 16th European Conference, Glasgow, UK, August 23--28, 2020, Proceedings, Part XV 16},
  pages={35--52},
  year={2020},
  organization={Springer}
}

@inproceedings{li2022deepfusion,
  title={Deepfusion: Lidar-camera deep fusion for multi-modal 3d object detection},
  author={Li, Yingwei and Yu, Adams Wei and Meng, Tianjian and Caine, Ben and Ngiam, Jiquan and Peng, Daiyi and Shen, Junyang and Lu, Yifeng and Zhou, Denny and Le, Quoc V and others},
  booktitle={Proceedings of the IEEE/CVF Conference on Computer Vision and Pattern Recognition},
  pages={17182--17191},
  year={2022}
}

@inproceedings{yu2023benchmarking,
  title={Benchmarking the robustness of lidar-camera fusion for 3d object detection},
  author={Yu, Kaicheng and Tao, Tang and Xie, Hongwei and Lin, Zhiwei and Liang, Tingting and Wang, Bing and Chen, Peng and Hao, Dayang and Wang, Yongtao and Liang, Xiaodan},
  booktitle={Proceedings of the IEEE/CVF Conference on Computer Vision and Pattern Recognition},
  pages={3187--3197},
  year={2023}
}

@article{liang2022bevfusion,
  title={Bevfusion: A simple and robust lidar-camera fusion framework},
  author={Liang, Tingting and Xie, Hongwei and Yu, Kaicheng and Xia, Zhongyu and Lin, Zhiwei and Wang, Yongtao and Tang, Tao and Wang, Bing and Tang, Zhi},
  journal={Advances in Neural Information Processing Systems},
  volume={35},
  pages={10421--10434},
  year={2022}
}
@inproceedings{yang2023pvt,
  title={PVT-SSD: Single-Stage 3D Object Detector with Point-Voxel Transformer},
  author={Yang, Honghui and Wang, Wenxiao and Chen, Minghao and Lin, Binbin and He, Tong and Chen, Hua and He, Xiaofei and Ouyang, Wanli},
  booktitle={Proceedings of the IEEE/CVF Conference on Computer Vision and Pattern Recognition},
  pages={13476--13487},
  year={2023}
}
@inproceedings{fan2021rangedet,
  title={Rangedet: In defense of range view for lidar-based 3d object detection},
  author={Fan, Lue and Xiong, Xuan and Wang, Feng and Wang, Naiyan and Zhang, Zhaoxiang},
  booktitle={Proceedings of the IEEE/CVF international conference on computer vision},
  pages={2918--2927},
  year={2021}
}

@inproceedings{sun2021rsn,
  title={Rsn: Range sparse net for efficient, accurate lidar 3d object detection},
  author={Sun, Pei and Wang, Weiyue and Chai, Yuning and Elsayed, Gamaleldin and Bewley, Alex and Zhang, Xiao and Sminchisescu, Cristian and Anguelov, Dragomir},
  booktitle={Proceedings of the IEEE/CVF Conference on Computer Vision and Pattern Recognition},
  pages={5725--5734},
  year={2021}
}

@inproceedings{yin2021center,
  title={Center-based 3d object detection and tracking},
  author={Yin, Tianwei and Zhou, Xingyi and Krahenbuhl, Philipp},
  booktitle={Proceedings of the IEEE/CVF conference on computer vision and pattern recognition},
  pages={11784--11793},
  year={2021}
}
@inproceedings{he2022voxel,
  title={Voxel set transformer: A set-to-set approach to 3d object detection from point clouds},
  author={He, Chenhang and Li, Ruihuang and Li, Shuai and Zhang, Lei},
  booktitle={Proceedings of the IEEE/CVF Conference on Computer Vision and Pattern Recognition},
  pages={8417--8427},
  year={2022}
}

@inproceedings{zhou2023octr,
  title={OcTr: Octree-based Transformer for 3D Object Detection},
  author={Zhou, Chao and Zhang, Yanan and Chen, Jiaxin and Huang, Di},
  booktitle={Proceedings of the IEEE/CVF Conference on Computer Vision and Pattern Recognition},
  pages={5166--5175},
  year={2023}
}

@inproceedings{wang2021pointaugmenting,
  title={Pointaugmenting: Cross-modal augmentation for 3d object detection},
  author={Wang, Chunwei and Ma, Chao and Zhu, Ming and Yang, Xiaokang},
  booktitle={Proceedings of the IEEE/CVF Conference on Computer Vision and Pattern Recognition},
  pages={11794--11803},
  year={2021}
}
@inproceedings{chen2022focal,
  title={Focal sparse convolutional networks for 3d object detection},
  author={Chen, Yukang and Li, Yanwei and Zhang, Xiangyu and Sun, Jian and Jia, Jiaya},
  booktitle={Proceedings of the IEEE/CVF Conference on Computer Vision and Pattern Recognition},
  pages={5428--5437},
  year={2022}
}
@inproceedings{li2023logonet,
  title={LoGoNet: Towards Accurate 3D Object Detection with Local-to-Global Cross-Modal Fusion},
  author={Li, Xin and Ma, Tao and Hou, Yuenan and Shi, Botian and Yang, Yuchen and Liu, Youquan and Wu, Xingjiao and Chen, Qin and Li, Yikang and Qiao, Yu and others},
  booktitle={Proceedings of the IEEE/CVF Conference on Computer Vision and Pattern Recognition},
  pages={17524--17534},
  year={2023}
}

@inproceedings{liu2023bevfusion,
  title={Bevfusion: Multi-task multi-sensor fusion with unified bird's-eye view representation},
  author={Liu, Zhijian and Tang, Haotian and Amini, Alexander and Yang, Xinyu and Mao, Huizi and Rus, Daniela L and Han, Song},
  booktitle={2023 IEEE International Conference on Robotics and Automation (ICRA)},
  pages={2774--2781},
  year={2023},
  organization={IEEE}
}
@InProceedings{Liu_2023_CVPR,
    author    = {Liu, Xinyu and Peng, Houwen and Zheng, Ningxin and Yang, Yuqing and Hu, Han and Yuan, Yixuan},
    title     = {EfficientViT: Memory Efficient Vision Transformer With Cascaded Group Attention},
    booktitle = {Proceedings of the IEEE/CVF Conference on Computer Vision and Pattern Recognition (CVPR)},
    month     = {June},
    year      = {2023},
    pages     = {14420-14430}
}
@InProceedings{Pan_2023_CVPR,
    author    = {Pan, Xuran and Ye, Tianzhu and Xia, Zhuofan and Song, Shiji and Huang, Gao},
    title     = {Slide-Transformer: Hierarchical Vision Transformer With Local Self-Attention},
    booktitle = {Proceedings of the IEEE/CVF Conference on Computer Vision and Pattern Recognition (CVPR)},
    month     = {June},
    year      = {2023},
    pages     = {2082-2091}
}

@inproceedings{wu2023virtual,
  title={Virtual Sparse Convolution for Multimodal 3D Object Detection},
  author={Wu, Hai and Wen, Chenglu and Shi, Shaoshuai and Li, Xin and Wang, Cheng},
  booktitle={Proceedings of the IEEE/CVF Conference on Computer Vision and Pattern Recognition},
  pages={21653--21662},
  year={2023}
}

@inproceedings{rahman2020mid,
  title={Mid-level Fusion for End-to-End Temporal Activity Detection in Untrimmed Video.},
  author={Rahman, Md Atiqur and Lagani{\`e}re, Robert},
  booktitle={BMVC},
  year={2020}
}

@inproceedings{yu2017multi,
  title={Multi-modal factorized bilinear pooling with co-attention learning for visual question answering},
  author={Yu, Zhou and Yu, Jun and Fan, Jianping and Tao, Dacheng},
  booktitle={Proceedings of the IEEE international conference on computer vision},
  pages={1821--1830},
  year={2017}
}


@article{ren2015faster,
  title={Faster r-cnn: Towards real-time object detection with region proposal networks},
  author={Ren, Shaoqing and He, Kaiming and Girshick, Ross and Sun, Jian},
  journal={Advances in neural information processing systems},
  volume={28},
  year={2015}
}

@article{paden2016survey,
  title={A survey of motion planning and control techniques for self-driving urban vehicles},
  author={Paden, Brian and {\v{C}}{\'a}p, Michal and Yong, Sze Zheng and Yershov, Dmitry and Frazzoli, Emilio},
  journal={IEEE Transactions on intelligent vehicles},
  volume={1},
  number={1},
  pages={33--55},
  year={2016},
  publisher={IEEE}
}

@article{tao2023pseudo,
  title={Pseudo-mono for monocular 3d object detection in autonomous driving},
  author={Tao, Chongben and Cao, Jiecheng and Wang, Chen and Zhang, Zufeng and Gao, Zhen},
  journal={IEEE Transactions on Circuits and Systems for Video Technology},
  volume={33},
  number={8},
  pages={3962--3975},
  year={2023},
  publisher={IEEE}
}

@article{yu2023pipc,
  title={PIPC-3Ddet: Harnessing perspective information and proposal correlation for 3D point cloud object detection},
  author={Yu, Chuanbo and Peng, Bo and Huang, Qingming and Lei, Jianjun},
  journal={IEEE Transactions on Circuits and Systems for Video Technology},
  year={2023},
  publisher={IEEE}
}

@inproceedings{sindagi2019mvx,
  title={Mvx-net: Multimodal voxelnet for 3d object detection},
  author={Sindagi, Vishwanath A and Zhou, Yin and Tuzel, Oncel},
  booktitle={2019 International Conference on Robotics and Automation (ICRA)},
  pages={7276--7282},
  year={2019},
  organization={IEEE}
}



@article{chen2022autoalign,
  title={Autoalign: Pixel-instance feature aggregation for multi-modal 3d object detection},
  author={Chen, Zehui and Li, Zhenyu and Zhang, Shiquan and Fang, Liangji and Jiang, Qinghong and Zhao, Feng and Zhou, Bolei and Zhao, Hang},
  journal={arXiv preprint arXiv:2201.06493},
  year={2022}
}


@inproceedings{caesar2020nuscenes,
  title={nuscenes: A multimodal dataset for autonomous driving},
  author={Caesar, Holger and Bankiti, Varun and Lang, Alex H and Vora, Sourabh and Liong, Venice Erin and Xu, Qiang and Krishnan, Anush and Pan, Yu and Baldan, Giancarlo and Beijbom, Oscar},
  booktitle={Proceedings of the IEEE/CVF conference on computer vision and pattern recognition},
  pages={11621--11631},
  year={2020}
}

@inproceedings{li2023bevdepth,
  title={Bevdepth: Acquisition of reliable depth for multi-view 3d object detection},
  author={Li, Yinhao and Ge, Zheng and Yu, Guanyi and Yang, Jinrong and Wang, Zengran and Shi, Yukang and Sun, Jianjian and Li, Zeming},
  booktitle={Proceedings of the AAAI Conference on Artificial Intelligence},
  volume={37},
  number={2},
  pages={1477--1485},
  year={2023}
}

@inproceedings{jiao2023msmdfusion,
  title={Msmdfusion: Fusing lidar and camera at multiple scales with multi-depth seeds for 3d object detection},
  author={Jiao, Yang and Jie, Zequn and Chen, Shaoxiang and Chen, Jingjing and Ma, Lin and Jiang, Yu-Gang},
  booktitle={Proceedings of the IEEE/CVF conference on computer vision and pattern recognition},
  pages={21643--21652},
  year={2023}
}

@inproceedings{li2024gafusion,
  title={GAFusion: Adaptive Fusing LiDAR and Camera with Multiple Guidance for 3D Object Detection},
  author={Li, Xiaotian and Fan, Baojie and Tian, Jiandong and Fan, Huijie},
  booktitle={Proceedings of the IEEE/CVF Conference on Computer Vision and Pattern Recognition},
  pages={21209--21218},
  year={2024}
}

@inproceedings{philion2020lift,
  title={Lift, splat, shoot: Encoding images from arbitrary camera rigs by implicitly unprojecting to 3d},
  author={Philion, Jonah and Fidler, Sanja},
  booktitle={Computer Vision--ECCV 2020: 16th European Conference, Glasgow, UK, August 23--28, 2020, Proceedings, Part XIV 16},
  pages={194--210},
  year={2020},
  organization={Springer}
}

@article{zhang2023fs,
  title={FS-net: LiDAR-camera fusion with matched scale for 3D object detection in autonomous driving},
  author={Zhang, Lei and Li, Xu and Tang, Kaichen and Jiang, Yunzhe and Yang, Liu and Zhang, Yonggang and Chen, Xianyi},
  journal={IEEE Transactions on Intelligent Transportation Systems},
  volume={24},
  number={11},
  pages={12154--12165},
  year={2023},
  publisher={IEEE}
}
@inproceedings{yan2023cross,
  title={Cross modal transformer: Towards fast and robust 3d object detection},
  author={Yan, Junjie and Liu, Yingfei and Sun, Jianjian and Jia, Fan and Li, Shuailin and Wang, Tiancai and Zhang, Xiangyu},
  booktitle={Proceedings of the IEEE/CVF International Conference on Computer Vision},
  pages={18268--18278},
  year={2023}
}

@inproceedings{jie2022deepinteraction,
  title={DeepInteraction: 3D object detection via modality interaction},
  author={Jie, Zequn and others},
  booktitle={Proceedings of the 36th Conference on Neural Information Processing Systems (NeurIPS)},
  year={2022}
}


@article{huang2022bevdet4d,
  title={BEVDet4D: Exploit temporal cues in multi-camera 3D object detection},
  author={Huang, Junjie and others},
  journal={arXiv preprint arXiv:2203.17054},
  year={2022}
}

@inproceedings{li2022bevformer,
  title={BEVFormer: Learning bird's-eye-view representation from multi-camera images via spatiotemporal transformers},
  author={Li, Zhiqi and others},
  booktitle={Proceedings of the European Conference on Computer Vision (ECCV)},
  year={2022}
}

@article{zhai2022vid,
  title={3D-VID: Multi-frame point cloud feature fusion based on attention mechanisms for 3D object detection},
  author={Zhai, Zhenyu and others},
  journal={Sensors},
  volume={22},
  number={22},
  pages={8640},
  year={2022},
  publisher={MDPI}
}

@inproceedings{xie2023sparsefusion,
  title={SparseFusion: Fusing multi-modal sparse representations for multi-sensor 3D object detection},
  author={Xie, Yichen and others},
  booktitle={Proceedings of the IEEE/CVF International Conference on Computer Vision (ICCV)},
  year={2023}
}

@inproceedings{wang2022detr3d,
  title={DETR3D: 3D object detection from multi-view images via 3D-to-2D queries},
  author={Wang, Yue and others},
  booktitle={Proceedings of the Conference on Robot Learning (CoRL)},
  year={2022}
}

@inproceedings{bertasius2021space,
  title={Is space-time attention all you need for video understanding?},
  author={Bertasius, Gedas and Wang, Heng and Torresani, Lorenzo},
  booktitle={ICML},
  volume={2},
  number={3},
  pages={4},
  year={2021}
}

@article{hendrycks2016gaussian,
  title={Gaussian error linear units (gelus)},
  author={Hendrycks, Dan and Gimpel, Kevin},
  journal={arXiv preprint arXiv:1606.08415},
  year={2016}
}


@inproceedings{chen2023futr3d,
  title={Futr3d: A unified sensor fusion framework for 3d detection},
  author={Chen, Xuanyao and Zhang, Tianyuan and Wang, Yue and Wang, Yilun and Zhao, Hang},
  booktitle={proceedings of the IEEE/CVF conference on computer vision and pattern recognition},
  pages={172--181},
  year={2023}
}

@inproceedings{sadeghian2024transformer,
  title={Transformer-Based RGB and LiDAR Fusion for Enhanced Object Detection},
  author={Sadeghian, Reza and Hooshyaripour, Niloofar and Lee, WonSook},
  booktitle={International Conference on Pattern Recognition},
  pages={445--460},
  year={2024},
  organization={Springer}
}
@article{mmdetection,
  title   = {{MMDetection}: Open MMLab Detection Toolbox and Benchmark},
  author  = {Chen, Kai and Wang, Jiaqi and Pang, Jiangmiao and Cao, Yuhang and
             Xiong, Yu and Li, Xiaoxiao and Sun, Shuyang and Feng, Wansen and
             Liu, Ziwei and Xu, Jiarui and Zhang, Zheng and Cheng, Dazhi and
             Zhu, Chenchen and Cheng, Tianheng and Zhao, Qijie and Li, Buyu and
             Lu, Xin and Zhu, Rui and Wu, Yue and Dai, Jifeng and Wang, Jingdong
             and Shi, Jianping and Ouyang, Wanli and Loy, Chen Change and Lin, Dahua},
  journal= {arXiv preprint arXiv:1906.07155},
  year={2019}
}