@inproceedings{b31,
  title={Conmatch: Semi-supervised learning with confidence-guided consistency regularization},
  author={Kim, Jiwon and Min, Youngjo and Kim, Daehwan and Lee, Gyuseong and Seo, Junyoung and Ryoo, Kwangrok and Kim, Seungryong},
  booktitle={European Conference on Computer Vision},
  pages={674--690},
  year={2022},
  organization={Springer}
}

@article{b32,
  title={Semi-supervised CT lesion segmentation using uncertainty-based data pairing and SwapMix},
  author={Qiao, Pengchong and Li, Han and Song, Guoli and Han, Hu and Gao, Zhiqiang and Tian, Yonghong and Liang, Yongsheng and Li, Xi and Zhou, S Kevin and Chen, Jie},
  journal={IEEE Transactions on Medical Imaging},
  volume={42},
  number={5},
  pages={1546--1562},
  year={2022},
  publisher={IEEE}
}

@article{b33,
  title={Semi-supervised neuron segmentation via reinforced consistency learning},
  author={Huang, Wei and Chen, Chang and Xiong, Zhiwei and Zhang, Yueyi and Chen, Xuejin and Sun, Xiaoyan and Wu, Feng},
  journal={IEEE Transactions on Medical Imaging},
  volume={41},
  number={11},
  pages={3016--3028},
  year={2022},
  publisher={IEEE}

  
}

@inproceedings{b34,
  title={Reciprocal learning for semi-supervised segmentation},
  author={Zeng, Xiangyun and Huang, Rian and Zhong, Yuming and Sun, Dong and Han, Chu and Lin, Di and Ni, Dong and Wang, Yi},
  booktitle={Medical Image Computing and Computer Assisted Intervention--MICCAI 2021: 24th International Conference, Strasbourg, France, September 27--October 1, 2021, Proceedings, Part II 24},
  pages={352--361},
  year={2021},
  organization={Springer}

}

@inproceedings{b35,
  title={Tripled-uncertainty guided mean teacher model for semi-supervised medical image segmentation},
  author={Wang, Kaiping and Zhan, Bo and Zu, Chen and Wu, Xi and Zhou, Jiliu and Zhou, Luping and Wang, Yan},
  booktitle={Medical Image Computing and Computer Assisted Intervention--MICCAI 2021: 24th International Conference, Strasbourg, France, September 27--October 1, 2021, Proceedings, Part II 24},
  pages={450--460},
  year={2021},
  organization={Springer}
}

@inproceedings{b36,
  title={CCAT-NET: A novel transformer based semi-supervised framework for COVID-19 lung lesion segmentation},
  author={Liu, Mingyang and Xiao, Li and Jiang, Huiqin and He, Qing},
  booktitle={2022 IEEE 19th International Symposium on Biomedical Imaging (ISBI)},
  pages={1--5},
  year={2022},
  organization={IEEE}
}

@inproceedings{b37,
  title={Semi-supervised semantic segmentation with cross pseudo supervision},
  author={Chen, Xiaokang and Yuan, Yuhui and Zeng, Gang and Wang, Jingdong},
  booktitle={Proceedings of the IEEE/CVF conference on computer vision and pattern recognition},
  pages={2613--2622},
  year={2021}

}

@article{b7,
  title={Regularization with stochastic transformations and perturbations for deep semi-supervised learning},
  author={Sajjadi, Mehdi and Javanmardi, Mehran and Tasdizen, Tolga},
  journal={Advances in neural information processing systems},
  volume={29},
  year={2016}
}

@article{b9,
  title={Mean teachers are better role models: Weight-averaged consistency targets improve semi-supervised deep learning results},
  author={Tarvainen, Antti and Valpola, Harri},
  journal={Advances in neural information processing systems},
  volume={30},
  year={2017}
}

