@inproceedings{10161041,
	title        = {A Joint Modeling of Vision-Language-Action for Target-oriented Grasping in Clutter},
	author       = {Xu, Kechun and Zhao, Shuqi and Zhou, Zhongxiang and Li, Zizhang and Pi, Huaijin and Zhu, Yifeng and Wang, Yue and Xiong, Rong},
	year         = 2023,
	booktitle    = {International Conference on Robotics and Automation (ICRA)},
	volume       = {},
	number       = {},
	pages        = {11597--11604}
}

@inproceedings{10342335,
	title        = {Object-Oriented Option Framework for Robotics Manipulation in Clutter},
	author       = {Pang, Jing-Cheng and Yang, Si-Hang and Chen, Xiong-Hui and Yang, Xinyu and Yu, Yang and Ma, Mas and Guo, Ziqi and Yang, Howard and Huang, Bill},
	year         = 2023,
	booktitle    = {International Conference on Intelligent Robots and Systems (IROS)},
	volume       = {},
	number       = {},
	pages        = {1230--1237},
}

@article{10343126,
	title        = {Bi-DexHands: Towards Human-Level Bimanual Dexterous Manipulation},
	author       = {Chen, Yuanpei and Geng, Yiran and Zhong, Fangwei and Ji, Jiaming and Jiang, Jiechuang and Lu, Zongqing and Dong, Hao and Yang, Yaodong},
	year         = 2024,
	journal      = {IEEE Transactions on Pattern Analysis and Machine Intelligence},
	volume       = 46,
	number       = 5,
	pages        = {2804--2818},
}

@inproceedings{10611541,
	title        = {Unknown Object Retrieval in Confined Space through Reinforcement Learning with Tactile Exploration},
	author       = {Zhao, Xinyuan and Liang, Wenyu and Zhang, Xiaoshi and Chew, Chee Meng and Wu, Yan},
	year         = 2024,
	booktitle    = {International Conference on Robotics and Automation (ICRA)},
	volume       = {},
	number       = {},
	pages        = {10881--10887}
}

@article{1087038,
	title        = {Robot hands and the mechanics of manipulation},
	author       = {Gruber, S.},
	year         = 1986,
	journal      = {IEEE Journal on Robotics and Automation},
	volume       = 2,
	number       = 1,
	pages        = {59--59},
}

@inproceedings{6907059,
	title        = {Dexterous manipulation using both palm and fingers},
	author       = {Bai, Yunfei and Liu, C. Karen},
	year         = 2014,
	booktitle    = {International Conference on Robotics and Automation (ICRA)},
	volume       = {},
	number       = {},
	pages        = {1560--1565},
}

@inproceedings{6907864,
	title        = {Real-time behaviour synthesis for dynamic hand-manipulation},
	author       = {Kumar, Vikash and Tassa, Yuval and Erez, Tom and Todorov, Emanuel},
	year         = 2014,
	booktitle    = {International Conference on Robotics and Automation (ICRA)},
	volume       = {},
	number       = {},
	pages        = {6808--6815},
}

@inproceedings{8793494,
	title        = {Online Planning for Target Object Search in Clutter under Partial Observability},
	author       = {Xiao, Yuchen and Katt, Sammie and Pas, Andreas ten and Chen, Shengjian and Amato, Christopher},
	year         = 2019,
	booktitle    = {International Conference on Robotics and Automation (ICRA)},
	volume       = {},
	number       = {},
	pages        = {8241--8247}
}

@inproceedings{8794143,
	title        = {Mechanical Search: Multi-Step Retrieval of a Target Object Occluded by Clutter},
	author       = {Danielczuk, Michael and Kurenkov, Andrey and Balakrishna, Ashwin and Matl, Matthew and Wang, David and Martín-Martín, Roberto and Garg, Animesh and Savarese, Silvio and Goldberg, Ken},
	year         = 2019,
	booktitle    = {International Conference on Robotics and Automation (ICRA)},
	volume       = {},
	number       = {},
	pages        = {1614--1621}
}

@inproceedings{9196689,
	title        = {Non-Prehensile Manipulation in Clutter with Human-In-The-Loop},
	author       = {Papallas, Rafael and Dogar, Mehmet R.},
	year         = 2020,
	booktitle    = {International Conference on Robotics and Automation (ICRA)},
	volume       = {},
	number       = {},
	pages        = {6723--6729}
}

@inproceedings{9197318,
	title        = {6-DOF Grasping for Target-driven Object Manipulation in Clutter},
	author       = {Murali, Adithyavairavan and Mousavian, Arsalan and Eppner, Clemens and Paxton, Chris and Fox, Dieter},
	year         = 2020,
	booktitle    = {International Conference on Robotics and Automation (ICRA)},
	volume       = {},
	number       = {},
	pages        = {6232--6238},

}

@inproceedings{9341545,
	title        = {Visuomotor Mechanical Search: Learning to Retrieve Target Objects in Clutter},
	author       = {Kurenkov, Andrey and Taglic, Joseph and Kulkarni, Rohun and Dominguez-Kuhne, Marcus and Garg, Animesh and Martín-Martín, Roberto and Savarese, Silvio},
	year         = 2020,
	booktitle    = {International Conference on Intelligent Robots and Systems (IROS)},
	volume       = {},
	number       = {},
	pages        = {8408--8414}
}

@article{9465702,
	title        = {Efficient Learning of Goal-Oriented Push-Grasping Synergy in Clutter},
	author       = {Xu, Kechun and Yu, Hongxiang and Lai, Qianen and Wang, Yue and Xiong, Rong},
	year         = 2021,
	journal      = {IEEE Robotics and Automation Letters},
	volume       = 6,
	number       = 4,
	pages        = {6337--6344}
}

@inproceedings{9561802,
	title        = {Learning Dexterous Grasping with Object-Centric Visual Affordances},
	author       = {Mandikal, Priyanka and Grauman, Kristen},
	year         = 2021,
	booktitle    = {International Conference on Robotics and Automation (ICRA)},
	volume       = {},
	number       = {},
	pages        = {6169--6176},
}

@article{9591286,
	title        = {Visual Foresight Trees for Object Retrieval From Clutter With Nonprehensile Rearrangement},
	author       = {Huang, Baichuan and Han, Shuai D. and Yu, Jingjin and Boularias, Abdeslam},
	year         = 2022,
	journal      = {IEEE Robotics and Automation Letters},
	volume       = 7,
	number       = 1,
	pages        = {231--238},
}

@inproceedings{9636230,
	title        = {Occlusion-Aware Search for Object Retrieval in Clutter},
	author       = {Bejjani, Wissam and Agboh, Wisdom C. and Dogar, Mehmet R. and Leonetti, Matteo},
	year         = 2021,
	booktitle    = {International Conference on Intelligent Robots and Systems (IROS)},
	volume       = {},
	number       = {},
	pages        = {4678--4685}
}

@inproceedings{9812132,
	title        = {Interleaving Monte Carlo Tree Search and Self-Supervised Learning for Object Retrieval in Clutter},
	author       = {Huang, Baichuan and Guo, Teng and Boularias, Abdeslam and Yu, Jingjin},
	year         = 2022,
	booktitle    = {International Conference on Robotics and Automation (ICRA)},
	volume       = {},
	number       = {},
	pages        = {625--632}
}

@article{Bai_Zhang_Tao_Wu_Wang_Xu_2023,
	title        = {PiCor: Multi-Task Deep Reinforcement Learning with Policy Correction},
	author       = {Bai, Fengshuo and Zhang, Hongming and Tao, Tianyang and Wu, Zhiheng and Wang, Yanna and Xu, Bo},
	year         = 2023,
	month        = {Jun.},
	journal      = {Proceedings of the AAAI Conference on Artificial Intelligence (AAAI)},
	volume       = 37,
	number       = 6,
	pages        = {6728--6736}
}

@inproceedings{chen2024objectcentric,
	title        = {Object-Centric Dexterous Manipulation from Human Motion Data},
	author       = {Yuanpei Chen and Chen Wang and Yaodong Yang and Karen Liu},
	year         = 2024,
	booktitle    = {8th Annual Conference on Robot Learning},
}

@inproceedings{goyal2022ifor,
	title        = {Ifor: Iterative flow minimization for robotic object rearrangement},
	author       = {Goyal, Ankit and Mousavian, Arsalan and Paxton, Chris and Chao, Yu-Wei and Okorn, Brian and Deng, Jia and Fox, Dieter},
	year         = 2022,
	booktitle    = {Conference on Computer Vision and Pattern Recognition (CVPR)},
	pages        = {14787--14797}
}

@inproceedings{jia2024cluttergen,
	title        = {ClutterGen: A Cluttered Scene Generator for Robot Learning},
	author       = {Yinsen Jia and Boyuan Chen},
	year         = 2024,
	booktitle    = {Conference on Robot Learning (CoRL)},
}

@article{kasaei2024harnessing,
	title        = {Harnessing the Synergy between Pushing, Grasping, and Throwing to Enhance Object Manipulation in Cluttered Scenarios},
	author       = {Kasaei, Hamidreza and Kasaei, Mohammadreza},
	year         = 2024,
	journal      = {arXiv preprint arXiv:2402.16045}
}

@inproceedings{lemke2024spotcompose,
	title        = {Spot-Compose: A Framework for Open-Vocabulary Object Retrieval and Drawer Manipulation in Point Clouds},
	author       = {Oliver Lemke and Zuria Bauer and Ren{\'e} Zurbr{\"u}gg and Marc Pollefeys and Francis Engelmann and Hermann Blum},
	year         = 2024,
	booktitle    = {Workshop on Mobile Manipulation and Embodied Intelligence at ICRA 2024}
}

@inproceedings{li2024broadcasting,
	title        = {Broadcasting Support Relations Recursively from Local Dynamics for Object Retrieval in Clutters},
	author       = {Li, Yitong and Wu, Ruihai and Lu, Haoran and Ning, Chuanruo and Shen, Yan and Zhan, Guanqi and Dong, Hao},
	year         = 2024,
	booktitle    = {Robotics: Science and Systems (RSS)}
}

@inproceedings{lin2024twisting,
	title        = {Twisting Lids Off with Two Hands},
	author       = {Toru Lin and Zhao-Heng Yin and Haozhi Qi and Pieter Abbeel and Jitendra Malik},
	year         = 2024,
	booktitle    = {Conference on Robot Learning (CoRL)},
}

@article{liu2025vlp,
	title        = {VLP: Vision-Language Preference Learning for Embodied Manipulation},
	author       = {Liu, Runze and Bai, Chenjia and Lyu, Jiafei and Sun, Shengjie and Du, Yali and Li, Xiu},
	year         = 2025,
	journal      = {arXiv preprint arXiv:2502.11918}
}

@inproceedings{pmlr-v164-chen22a,
	title        = {A System for General In-Hand Object Re-Orientation},
	author       = {Chen, Tao and Xu, Jie and Agrawal, Pulkit},
	year         = 2022,
	month        = {08--11 Nov},
	booktitle    = {Conference on Robot Learning (CoRL)},
	publisher    = {PMLR},
	volume       = 164,
	pages        = {297--307},
}

@inproceedings{pmlr-v205-chen23b,
	title        = {Learning Robust Real-World Dexterous Grasping Policies via Implicit Shape Augmentation},
	author       = {Chen, Qiuyu and Wyk, Karl Van and Chao, Yu-Wei and Yang, Wei and Mousavian, Arsalan and Gupta, Abhishek and Fox, Dieter},
	year         = 2023,
	booktitle    = {Conference on Robot Learning (CoRL)},
	volume       = 205,
	pages        = {1222--1232},
}

@inproceedings{pmlr-v205-tang23a,
	title        = {Selective Object Rearrangement in Clutter},
	author       = {Tang, Bingjie and Sukhatme, Gaurav S.},
	year         = 2023,
	booktitle    = {Conference on Robot Learning (CoRL)},
	volume       = 205,
	pages        = {1001--1010}
}

@inproceedings{pmlr-v229-agarwal23a,
	title        = {Dexterous Functional Grasping},
	author       = {Agarwal, Ananye and Uppal, Shagun and Shaw, Kenneth and Pathak, Deepak},
	year         = 2023,
	month        = {06--09 Nov},
	booktitle    = {Conference on Robot Learning (CoRL)},
	volume       = 229,
	pages        = {3453--3467},
}

@inproceedings{pmlr-v229-chen23e,
	title        = {Sequential Dexterity: Chaining Dexterous Policies for Long-Horizon Manipulation},
	author       = {Chen, Yuanpei and Wang, Chen and Fei-Fei, Li and Liu, Karen},
	year         = 2023,
	booktitle    = {Conference on Robot Learning (CoRL)},
	volume       = 229,
	pages        = {3809--3829}
}

@inproceedings{pmlr-v229-huang23d,
	title        = {Dynamic Handover: Throw and Catch with Bimanual Hands},
	author       = {Huang, Binghao and Chen, Yuanpei and Wang, Tianyu and Qin, Yuzhe and Yang, Yaodong and Atanasov, Nikolay and Wang, Xiaolong},
	year         = 2023,
	month        = {06--09 Nov},
	booktitle    = {Conference on Robot Learning (CoRL)},
	volume       = 229,
	pages        = {1887--1902},
}

@article{sun2024large,
	title        = {A Large Language Model-Driven Reward Design Framework via Dynamic Feedback for Reinforcement Learning},
	author       = {Sun, Shengjie and Liu, Runze and Lyu, Jiafei and Yang, Jing-Wen and Zhang, Liangpeng and Li, Xiu},
	year         = 2024,
	journal      = {arXiv preprint arXiv:2410.14660}
}

@inproceedings{wang2024lessons,
	title        = {Lessons from Learning to Spin {\textquotedblleft}Pens{\textquotedblright}},
	author       = {Jun Wang and Ying Yuan and Haichuan Che and Haozhi Qi and Yi Ma and Jitendra Malik and Xiaolong Wang},
	year         = 2024,
	booktitle    = {Conference on Robot Learning (CoRL)},
}

@article{xu2024tactile,
	title        = {Tactile-based Object Retrieval From Granular Media},
	author       = {Xu, Jingxi and Jia, Yinsen and Yang, Dongxiao and Meng, Patrick and Zhu, Xinyue and Guo, Zihan and Song, Shuran and Ciocarlie, Matei},
	year         = 2024,
	journal      = {arXiv preprint arXiv:2402.04536}
}

@inproceedings{yang2024anyrotate,
	title        = {AnyRotate: Gravity-Invariant In-Hand Object Rotation with Sim-to-Real Touch},
	author       = {Max Yang and chenghua lu and Alex Church and Yijiong Lin and Christopher J. Ford and Haoran Li and Efi Psomopoulou and David A.W. Barton and Nathan F. Lepora},
	year         = 2024,
	booktitle    = {Conference on Robot Learning (CoRL)},
}

@article{zhang2025beta,
	title        = {{\(\beta\)}-DQN: Improving Deep Q-Learning By Evolving the Behavior},
	author       = {Zhang, Hongming and Bai, Fengshuo and Xiao, Chenjun and Gao, Chao and Xu, Bo and M{\"u}ller, Martin},
	year         = 2025,
	journal      = {arXiv preprint arXiv:2501.00913}
}

@inproceedings{zhou2022learning,
	title        = {Learning to Grasp the Ungraspable with Emergent Extrinsic Dexterity},
	author       = {Wenxuan Zhou and David Held},
	year         = 2022,
	booktitle    = {Conference on Robot Learning (CoRL)},
}

