%@String(TPAMI  = {TPAMI})
@String(TPAMI  ={IEEE Transactions on Pattern Analysis and Machine Intelligence})
%@String(TMI  = {TMI})%
@String(TMI  ={IEEE Transactions on Medical Imaging})
%@String(IJCV  = {IJCV})%
@String(IJCV  ={International Journal of Computer Vision})
%@String(CVPR  = {CVPR})
@String(CVPR={IEEE/CVF Computer Vision and Pattern Recognition Conference})
%@String(ICCV  = {ICCV})
@String(ICCV  = {International Conference on Computer Vision})
%@String(ECCV  = {ECCV})
@String(ECCV  = {European Conference on Computer Vision})
%@String(NIPS  = {NIPS})
@String(NIPS  ={Conference on Neural Information Processing Systems })
%@String(ICPR  = {ICPR})
@String(ICPR = {International Conference on Pattern Recognition})
%@String(BMVC  =	{BMVC})
@String(BMVC  =	{British Machine Vision Conference})
%@String(COLT  =	{COLT})
@String(COLT  =	{Conference on Learning Theory})
%@String(TOG   = {TOG})
@String(TOG   ={ACM Transactions on Graphics})
%@String(TIP   = {TIP})
@String(TIP  = {IEEE Transactions on Image Processing})
%@String(TNNLS   = {TNNLS})
@String(TNNLS   ={IEEE Transactions on Neural Networks and learning systems})
%@String(TSMC   = {TSMC})
@String(TSMC   = {IEEE Transactions on Systems, Man, and Cybernetics})
%@String(TVCG  = {TVCG})
@String(TVCG  ={IEEE Transactions on Visualization and Computer Graphics})
%@String(TCSVT = {TCSVT})
@String(TCSVT={IEEE Transactions on Circuits and Systems for Video Technology})
%@String(TKDE = {TKDE})
@String(TKDE ={IEEE Transactions on Knowledge and Data Engineering})
%@String(TMM   =	{TMM})
@String(TMM = {IEEE Transactions on Multimedia})
@String(ACMMM = {ACM MM})
@String(ICME  =	{ICME})
@String(ICASSP=	{ICASSP})
@String(ICIP  = {ICIP})
@String(ACCV  = {ACCV})
@String(ICLR  = {ICLR})
@String(IJCAI = {IJCAI})
%@String(PR = {PR})
@String(PR ={Pattern Recognition})
@String(AAAI = {AAAI})
@String(CVPRW= {CVPR Workshop})
@String(KDDW= {KDD Workshop})
%@String(JMLR= {JMLR}) 
@String(JMLR={Journal of Machine Learning Research})
@String(CIKM = {CIKM})
@String(KDD = {KDD})
@String(UAI = {UAI})
@String(WWW = {WWW})
@String(Allerton = {Allerton})
@String(SIGIR = {SIGIR})
@String(AISTATS = {AISTATS})
%@String(ML = {MLJ})
@String(ML ={Machine Learning})
@String(ICML = {ICML})
@String(arXiv = {arXiv})

@String(ACMMM = {ACM International Conference on Multimedia})
@String(ICME  =	{IEEE International Conference on Multimedia and Expo})
@String(ICASSP=	{IEEE International Conference on Acoustics, Speech, and Signal Processing})
@String(ICIP  = {IEEE International Conference on Image Processing})
@String(ACCV  = {Asian Conference on Computer Vision})
@String(ICLR  = {International Conference on Learning Representations})
@String(IJCAI = {International Joint Conference on Artificial Intelligence })
@String(CVPRW= {IEE/CVF Computer Vision and Pattern Recognition Workshop})
@String(KDDW= {ACM SIGKDD Conference on Knowledge Discovery and Data Mining Workshop})
@String(AAAI = {AAAI Conference on Artificial Intelligence})
@String(CIKM = {International Conference on Information and Knowledge Management})
@String(KDD = {ACM SIGKDD Conference on Knowledge Discovery and Data Mining})
@String(UAI = {Conference on Uncertainty in Artificial Intelligence})
@String(WWW = {The Web Conference})
@String(Allerton = {Allerton Conference on Communication, Control, and Computing})
@String(SIGIR = {ACM SIGIR Conference on Research and Development in Information Retrieval})
@String(AISTATS = {International Conference on Artificial Intelligence and Statistics})
@String(ICML = {International Conference on Machine Learning})

@article{zhang2021understanding,
  title={Understanding deep learning (still) requires rethinking generalization},
  author={Zhang, Chiyuan and Bengio, Samy and Hardt, Moritz and Recht, Benjamin and Vinyals, Oriol},
  journal={Communications of the ACM},
  year={2021},
  publisher={ACM New York, NY, USA}
}

@inproceedings{arpit2017closer,
  title={A closer look at memorization in deep networks},
  author={Arpit, Devansh and Jastrz{\k{e}}bski, Stanis{\l}aw and Ballas, Nicolas and Krueger, David and Bengio, Emmanuel and Kanwal, Maxinder S and Maharaj, Tegan and Fischer, Asja and Courville, Aaron and Bengio, Yoshua and others},
  booktitle={ICML},
  year={2017}
}

@article{kang2023unleashing,
  title={Unleashing the potential of regularization strategies in learning with noisy labels},
  author={Kang, Hui and Liu, Sheng and Huang, Huaxi and Yu, Jun and Han, Bo and Wang, Dadong and Liu, Tongliang},
  journal={arXiv preprint arXiv:2307.05025},
  year={2023}
}

@article{natarajan2013learning,
  title={Learning with noisy labels},
  author={Natarajan, Nagarajan and Dhillon, Inderjit S and Ravikumar, Pradeep K and Tewari, Ambuj},
  journal={Advances in neural information processing systems},
  volume={26},
  year={2013}
}

@article{zhang2024badlabel,
  title={Badlabel: A robust perspective on evaluating and enhancing label-noise learning},
  author={Zhang, Jingfeng and Song, Bo and Wang, Haohan and Han, Bo and Liu, Tongliang and Liu, Lei and Sugiyama, Masashi},
  journal={IEEE transactions on pattern analysis and machine intelligence},
  year={2024},
  publisher={IEEE}
}

@article{wei2021open,
  title={Open-set label noise can improve robustness against inherent label noise},
  author={Wei, Hongxin and Tao, Lue and Xie, Renchunzi and An, Bo},
  journal={Advances in Neural Information Processing Systems},
  volume={34},
  pages={7978--7992},
  year={2021}
}

@article{shafahi2018poison,
  title={Poison frogs! targeted clean-label poisoning attacks on neural networks},
  author={Shafahi, Ali and Huang, W Ronny and Najibi, Mahyar and Suciu, Octavian and Studer, Christoph and Dumitras, Tudor and Goldstein, Tom},
  journal={Advances in neural information processing systems},
  volume={31},
  year={2018}
}

@inproceedings{scott2013classification,
  title={Classification with asymmetric label noise: Consistency and maximal denoising},
  author={Scott, Clayton and Blanchard, Gilles and Handy, Gregory},
  booktitle={Conference on learning theory},
  pages={489--511},
  year={2013},
  organization={PMLR}
}

@inproceedings{deng2009imagenet,
  title={Imagenet: A large-scale hierarchical image database},
  author={Deng, Jia and Dong, Wei and Socher, Richard and Li, Li-Jia and Li, Kai and Fei-Fei, Li},
  booktitle={2009 IEEE conference on computer vision and pattern recognition},
  pages={248--255},
  year={2009},
  organization={Ieee}
}

@article{li2017webvision,
  title={Webvision database: Visual learning and understanding from web data},
  author={Li, Wen and Wang, Limin and Li, Wei and Agustsson, Eirikur and Van Gool, Luc},
  journal={arXiv preprint arXiv:1708.02862},
  year={2017}
}

@inproceedings{patrini2017making,
  title={Making deep neural networks robust to label noise: A loss correction approach},
  author={Patrini, Giorgio and Rozza, Alessandro and Krishna Menon, Aditya and Nock, Richard and Qu, Lizhen},
  booktitle={CVPR},
  year={2017}
}

@article{hendrycks2018using,
  title={Using trusted data to train deep networks on labels corrupted by severe noise},
  author={Hendrycks, Dan and Mazeika, Mantas and Wilson, Duncan and Gimpel, Kevin},
  journal={NeurIPS},
  year={2018}
}

@inproceedings{jiang2018mentornet,
  title={Mentornet: Learning data-driven curriculum for very deep neural networks on corrupted labels},
  author={Jiang, Lu and Zhou, Zhengyuan and Leung, Thomas and Li, Li-Jia and Fei-Fei, Li},
  booktitle={ICML},
  year={2018}
}


@article{han2018co,
  title={Co-teaching: Robust training of deep neural networks with extremely noisy labels},
  author={Han, Bo and Yao, Quanming and Yu, Xingrui and Niu, Gang and Xu, Miao and Hu, Weihua and Tsang, Ivor and Sugiyama, Masashi},
  journal={NeurIPS},
  year={2018}
}

@inproceedings{wei2020combating,
  title={Combating noisy labels by agreement: A joint training method with co-regularization},
  author={Wei, Hongxin and Feng, Lei and Chen, Xiangyu and An, Bo},
  booktitle={CVPR},
  year={2020}
}

@article{nguyen2019self,
  title={Self: Learning to filter noisy labels with self-ensembling},
  author={Nguyen, Duc Tam and Mummadi, Chaithanya Kumar and Ngo, Thi Phuong Nhung and Nguyen, Thi Hoai Phuong and Beggel, Laura and Brox, Thomas},
  journal={arXiv},
  year={2019}
}

@inproceedings{tanaka2018joint,
  title={Joint optimization framework for learning with noisy labels},
  author={Tanaka, Daiki and Ikami, Daiki and Yamasaki, Toshihiko and Aizawa, Kiyoharu},
  booktitle={CVPR},
  year={2018}
}

@article{bai2021understanding,
  title={Understanding and improving early stopping for learning with noisy labels},
  author={Bai, Yingbin and Yang, Erkun and Han, Bo and Yang, Yanhua and Li, Jiatong and Mao, Yinian and Niu, Gang and Liu, Tongliang},
  journal={NeurIPS},
  year={2021}
}

@inproceedings{li2024regroup,
  title={Regroup Median Loss for Combating Label Noise},
  author={Li, Fengpeng and Li, Kemou and Tian, Jinyu and Zhou, Jiantao},
  booktitle={Proceedings of the AAAI Conference on Artificial Intelligence},
  volume={38},
  number={12},
  pages={13474--13482},
  year={2024}
}

@article{zhang2018generalized,
  title={Generalized cross entropy loss for training deep neural networks with noisy labels},
  author={Zhang, Zhilu and Sabuncu, Mert},
  journal={Advances in neural information processing systems},
  volume={31},
  year={2018}
}

@ARTICLE{10412669,
  author={Zhang, Shuo and Li, Jian-Qing and Fujita, Hamido and Li, Yu-Wen and Wang, Deng-Bao and Zhu, Ting-Ting and Zhang, Min-Ling and Liu, Cheng-Yu},
  journal={IEEE Transactions on Pattern Analysis and Machine Intelligence}, 
  title={Student Loss: Towards the Probability Assumption in Inaccurate Supervision}, 
  year={2024},
  volume={46},
  number={6},
  pages={4460-4475},
  keywords={Noise measurement;Training;Task analysis;Robustness;Optimization;Labeling;Probability distribution;Deep learning;learning with noisy label;robust loss function},
  doi={10.1109/TPAMI.2024.3357518}}


@article{feldman2020neural,
  title={What neural networks memorize and why: Discovering the long tail via influence estimation},
  author={Feldman, Vitaly and Zhang, Chiyuan},
  journal={NeurIPS},
  year={2020}
}

@inproceedings{yuan2024early,
  title={Early stopping against label noise without validation data},
  author={Yuan, Suqin and Feng, Lei and Liu, Tongliang},
  booktitle={The Twelfth International Conference on Learning Representations},
  year={2024}
}

@inproceedings{englesson2024robust,
  title={Robust classification via regression for learning with noisy labels},
  author={Englesson, Erik and Azizpour, Hossein},
  booktitle={The Twelfth International Conference on Learning Representations},
  year={2024}
}

@inproceedings{linlearning,
  title={Learning the Latent Causal Structure for Modeling Label Noise},
  author={Lin, Yexiong and Yao, Yu and Liu, Tongliang},
  booktitle={The Thirty-eighth Annual Conference on Neural Information Processing Systems},
  year={2024}
}

@article{baek2024sam,
  title={Why is SAM Robust to Label Noise?},
  author={Baek, Christina and Kolter, Zico and Raghunathan, Aditi},
  journal={arXiv preprint arXiv:2405.03676},
  year={2024}
}

@article{sun2024variational,
  title={Variational Rectification Inference for Learning with Noisy Labels},
  author={Sun, Haoliang and Wei, Qi and Feng, Lei and Hu, Yupeng and Liu, Fan and Fan, Hehe and Yin, Yilong},
  journal={International Journal of Computer Vision},
  pages={1--20},
  year={2024},
  publisher={Springer}
}

@inproceedings{lienen2024mitigating,
  title={Mitigating label noise through data ambiguation},
  author={Lienen, Julian and H{\"u}llermeier, Eyke},
  booktitle={Proceedings of the AAAI Conference on Artificial Intelligence},
  volume={38},
  number={12},
  pages={13799--13807},
  year={2024}
}

@article{xia2021sample,
  title={Sample selection with uncertainty of losses for learning with noisy labels},
  author={Xia, Xiaobo and Liu, Tongliang and Han, Bo and Gong, Mingming and Yu, Jun and Niu, Gang and Sugiyama, Masashi},
  journal={arXiv},
  year={2021}
}

@inproceedings{feldman2020does,
  title={Does learning require memorization? a short tale about a long tail},
  author={Feldman, Vitaly},
  booktitle={STOC},
  year={2020}
}

@inproceedings{li2021provably,
  title={Provably end-to-end label-noise learning without anchor points},
  author={Li, Xuefeng and Liu, Tongliang and Han, Bo and Niu, Gang and Sugiyama, Masashi},
  booktitle={International conference on machine learning},
  pages={6403--6413},
  year={2021},
  organization={PMLR}
}

@inproceedings{wang2019symmetric,
  title={Symmetric cross entropy for robust learning with noisy labels},
  author={Wang, Yisen and Ma, Xingjun and Chen, Zaiyi and Luo, Yuan and Yi, Jinfeng and Bailey, James},
  booktitle={Proceedings of the IEEE/CVF international conference on computer vision},
  pages={322--330},
  year={2019}
}

@inproceedings{zhu2021second,
  title={A second-order approach to learning with instance-dependent label noise},
  author={Zhu, Zhaowei and Liu, Tongliang and Liu, Yang},
  booktitle={Proceedings of the IEEE/CVF conference on computer vision and pattern recognition},
  pages={10113--10123},
  year={2021}
}


@inproceedings{liu2020peer,
  title={Peer loss functions: Learning from noisy labels without knowing noise rates},
  author={Liu, Yang and Guo, Hongyi},
  booktitle={International conference on machine learning},
  pages={6226--6236},
  year={2020},
  organization={PMLR}
}

@inproceedings{song2021robust,
  title={Robust learning by self-transition for handling noisy labels},
  author={Song, Hwanjun and Kim, Minseok and Park, Dongmin and Shin, Yooju and Lee, Jae-Gil},
  booktitle={Proceedings of the 27th ACM SIGKDD Conference on Knowledge Discovery \& Data Mining},
  pages={1490--1500},
  year={2021}
}

@article{song2019does,
  title={How does early stopping help generalization against label noise?},
  author={Song, Hwanjun and Kim, Minseok and Park, Dongmin and Lee, Jae-Gil},
  journal={arXiv preprint arXiv:1911.08059},
  year={2019}
}

@article{reed2014training,
  title={Training deep neural networks on noisy labels with bootstrapping},
  author={Reed, Scott and Lee, Honglak and Anguelov, Dragomir and Szegedy, Christian and Erhan, Dumitru and Rabinovich, Andrew},
  journal={arXiv preprint arXiv:1412.6596},
  year={2014}
}

@inproceedings{feng2021can,
  title={Can cross entropy loss be robust to label noise?},
  author={Feng, Lei and Shu, Senlin and Lin, Zhuoyi and Lv, Fengmao and Li, Li and An, Bo},
  booktitle={Proceedings of the twenty-ninth international conference on international joint conferences on artificial intelligence},
  pages={2206--2212},
  year={2021}
}

@article{xu2021instance,
  title={Instance-dependent partial label learning},
  author={Xu, Ning and Qiao, Congyu and Geng, Xin and Zhang, Min-Ling},
  journal={Advances in Neural Information Processing Systems},
  volume={34},
  pages={27119--27130},
  year={2021}
}

@inproceedings{lukasik2020does,
  title={Does label smoothing mitigate label noise?},
  author={Lukasik, Michal and Bhojanapalli, Srinadh and Menon, Aditya and Kumar, Sanjiv},
  booktitle={International Conference on Machine Learning},
  pages={6448--6458},
  year={2020},
  organization={PMLR}
}

@inproceedings{zheng2021meta,
  title={Meta label correction for noisy label learning},
  author={Zheng, Guoqing and Awadallah, Ahmed Hassan and Dumais, Susan},
  booktitle={Proceedings of the AAAI conference on artificial intelligence},
  volume={35},
  number={12},
  pages={11053--11061},
  year={2021}
}

@article{wei2021smooth,
  title={To smooth or not? when label smoothing meets noisy labels},
  author={Wei, Jiaheng and Liu, Hangyu and Liu, Tongliang and Niu, Gang and Sugiyama, Masashi and Liu, Yang},
  journal={arXiv preprint arXiv:2106.04149},
  year={2021}
}

@inproceedings{zhang2021dualgraph,
  title={Dualgraph: A graph-based method for reasoning about label noise},
  author={Zhang, HaiYang and Xing, XiMing and Liu, Liang},
  booktitle={Proceedings of the IEEE/CVF Conference on Computer Vision and Pattern Recognition},
  pages={9654--9663},
  year={2021}
}

@inproceedings{bai2021me,
  title={Me-momentum: Extracting hard confident examples from noisily labeled data},
  author={Bai, Yingbin and Liu, Tongliang},
  booktitle={CVPR},
  year={2021}
}

@inproceedings{bengio2009curriculum,
  title={Curriculum learning},
  author={Bengio, Yoshua and Louradour, J{\'e}r{\^o}me and Collobert, Ronan and Weston, Jason},
  booktitle={ICML},
  year={2009}
}

@book{mohri2018foundations,
  title={Foundations of machine learning},
  author={Mohri, Mehryar and Rostamizadeh, Afshin and Talwalkar, Ameet},
  year={2018},
  publisher={MIT press}
}

@inproceedings{maini2022characterizing,
  title={Characterizing Datapoints via Second-Split Forgetting},
  author={Maini, Pratyush and Garg, Saurabh and Lipton, Zachary Chase and Kolter, J Zico},
  year={2022},
  booktitle={ICML 2022 Workshop on Spurious Correlations, Invariance and Stability}
}

@inproceedings{toneva2018empirical,
  title={An Empirical Study of Example Forgetting during Deep Neural Network Learning},
  author={Toneva, Mariya and Sordoni, Alessandro and des Combes, Remi Tachet and Trischler, Adam and Bengio, Yoshua and Gordon, Geoffrey J},
  booktitle={ICLR},
  year={2018}
}

@article{menon2020long,
  title={Long-tail learning via logit adjustment},
  author={Menon, Aditya Krishna and Jayasumana, Sadeep and Rawat, Ankit Singh and Jain, Himanshu and Veit, Andreas and Kumar, Sanjiv},
  journal={arXiv},
  year={2020}
}

@article{krizhevsky2009learning,
  title={Learning multiple layers of features from tiny images},
  author={Krizhevsky, Alex and Hinton, Geoffrey and others},
  year={2009},
  publisher={Toronto, ON, Canada}
}

@inproceedings{xiao2015learning,
  title={Learning from massive noisy labeled data for image classification},
  author={Xiao, Tong and Xia, Tian and Yang, Yi and Huang, Chang and Wang, Xiaogang},
  booktitle={CVPR},
  pages={2691--2699},
  year={2015}
}

@inproceedings{xia2020robust,
  title={Robust early-learning: Hindering the memorization of noisy labels},
  author={Xia, Xiaobo and Liu, Tongliang and Han, Bo and Gong, Chen and Wang, Nannan and Ge, Zongyuan and Chang, Yi},
  booktitle={ICLR},
  year={2020}
}

@article{xu2019l_dmi,
  title={L\_dmi: A novel information-theoretic loss function for training deep nets robust to label noise},
  author={Xu, Yilun and Cao, Peng and Kong, Yuqing and Wang, Yizhou},
  journal={NeurIPS},
  year={2019}
}


@article{rubinstein1999cross,
  title={The cross-entropy method for combinatorial and continuous optimization},
  author={Rubinstein, Reuven},
  journal={Methodology and computing in applied probability},
  year={1999},
  publisher={Springer}
}


@article{liu2020early,
  title={Early-learning regularization prevents memorization of noisy labels},
  author={Liu, Sheng and Niles-Weed, Jonathan and Razavian, Narges and Fernandez-Granda, Carlos},
  journal={NeurIPS},
  year={2020}
}

@inproceedings{wei2022self,
  title={Self-Filtering: A Noise-Aware Sample Selection for Label Noise with Confidence Penalization},
  author={Wei, Qi and Sun, Haoliang and Lu, Xiankai and Yin, Yilong},
  booktitle={ECCV},
  year={2022}
}

@inproceedings{hacohen2019power,
  title={On the power of curriculum learning in training deep networks},
  author={Hacohen, Guy and Weinshall, Daphna},
  booktitle={ICML},
  year={2019}
}

@article{cao2020heteroskedastic,
  title={Heteroskedastic and imbalanced deep learning with adaptive regularization},
  author={Cao, Kaidi and Chen, Yining and Lu, Junwei and Arechiga, Nikos and Gaidon, Adrien and Ma, Tengyu},
  journal={arXiv},
  year={2020}
}

@article{rolnick2017deep,
  title={Deep learning is robust to massive label noise},
  author={Rolnick, David and Veit, Andreas and Belongie, Serge and Shavit, Nir},
  journal={arXiv},
  year={2017}
}

@article{han2020survey,
  title={A survey of label-noise representation learning: Past, present and future},
  author={Han, Bo and Yao, Quanming and Liu, Tongliang and Niu, Gang and Tsang, Ivor W and Kwok, James T and Sugiyama, Masashi},
  journal={arXiv},
  year={2020}
}



@inproceedings{song2019selfie,
  title={Selfie: Refurbishing unclean samples for robust deep learning},
  author={Song, Hwanjun and Kim, Minseok and Lee, Jae-Gil},
  booktitle={ICML},
  year={2019}
}

@inproceedings{zhou2021robust,
  title={Robust curriculum learning: from clean label detection to noisy label self-correction},
  author={Zhou, Tianyi and Wang, Shengjie and Bilmes, Jeff},
  booktitle={ICLR},
  year={2021}
}

@article{liu2015classification,
  title={Classification with noisy labels by importance reweighting},
  author={Liu, Tongliang and Tao, Dacheng},
  journal={IEEE Transactions on Pattern Analysis and Machine Intelligence},
  year={2015},
  publisher={IEEE}
}

@inproceedings{jiang2021characterizing,
  title={Characterizing Structural Regularities of Labeled Data in Overparameterized Models},
  author={Jiang, Ziheng and Zhang, Chiyuan and Talwar, Kunal and Mozer, Michael C},
  booktitle={ICML},
  year={2021}
}

@inproceedings{mangalam2019deep,
  title={Do deep neural networks learn shallow learnable examples first?},
  author={Mangalam, Karttikeya and Prabhu, Vinay Uday},
  booktitle={ICML 2019 Workshop on Identifying and Understanding Deep Learning Phenomena},
  year={2019}
}

@article{hooker2019compressed,
  title={What do compressed deep neural networks forget?},
  author={Hooker, Sara and Courville, Aaron and Clark, Gregory and Dauphin, Yann and Frome, Andrea},
  journal={arXiv},
  year={2019}
}

@article{baldock2021deep,
  title={Deep learning through the lens of example difficulty},
  author={Baldock, Robert and Maennel, Hartmut and Neyshabur, Behnam},
  journal={NeurIPS},
  year={2021}
}

@article{van2008visualizing,
  title={Visualizing data using t-SNE.},
  author={Van der Maaten, Laurens and Hinton, Geoffrey},
  journal={Journal of machine learning research},
  volume={9},
  number={11},
  year={2008}
}

@article{carlini2019distribution,
  title={Distribution density, tails, and outliers in machine learning: Metrics and applications},
  author={Carlini, Nicholas and Erlingsson, Ulfar and Papernot, Nicolas},
  journal={arXiv},
  year={2019}
}


@article{pleiss2020identifying,
  title={Identifying mislabeled data using the area under the margin ranking},
  author={Pleiss, Geoff and Zhang, Tianyi and Elenberg, Ethan and Weinberger, Kilian Q},
  journal={NeurIPS},
  year={2020}
}

@inproceedings{huang2019o2u,
  title={O2u-net: A simple noisy label detection approach for deep neural networks},
  author={Huang, Jinchi and Qu, Lie and Jia, Rongfei and Zhao, Binqiang},
  booktitle={CVPR},
  year={2019}
}

@inproceedings{chen2019understanding,
  title={Understanding and utilizing deep neural networks trained with noisy labels},
  author={Chen, Pengfei and Liao, Ben Ben and Chen, Guangyong and Zhang, Shengyu},
  booktitle={ICML},
  year={2019}
}

@article{song2022learning,
  title={Learning from noisy labels with deep neural networks: A survey},
  author={Song, Hwanjun and Kim, Minseok and Park, Dongmin and Shin, Yooju and Lee, Jae-Gil},
  journal={IEEE Transactions on Neural Networks and Learning Systems},
  year={2022},
  publisher={IEEE}
}

@inproceedings{liu2020peer,
  title={Peer loss functions: Learning from noisy labels without knowing noise rates},
  author={Liu, Yang and Guo, Hongyi},
  booktitle={ICML},
  year={2020}
}

@article{hu2019simple,
  title={Simple and effective regularization methods for training on noisily labeled data with generalization guarantee},
  author={Hu, Wei and Li, Zhiyuan and Yu, Dingli},
  journal={arXiv},
  year={2019}
}

@inproceedings{li2020gradient,
  title={Gradient descent with early stopping is provably robust to label noise for overparameterized neural networks},
  author={Li, Mingchen and Soltanolkotabi, Mahdi and Oymak, Samet},
  booktitle={AISTATS},
  year={2020}
}

@inproceedings{han2020sigua,
  title={Sigua: Forgetting may make learning with noisy labels more robust},
  author={Han, Bo and Niu, Gang and Yu, Xingrui and Yao, Quanming and Xu, Miao and Tsang, Ivor and Sugiyama, Masashi},
  booktitle={ICML},
  year={2020}
}

@ARTICLE{9941371,
  author={Yang, Xiangli and Song, Zixing and King, Irwin and Xu, Zenglin},
  journal={IEEE Transactions on Knowledge and Data Engineering}, 
  title={A Survey on Deep Semi-Supervised Learning}, 
  year={2022}}

  @inproceedings{wu2021ngc,
  title={NGC: A unified framework for learning with open-world noisy data},
  author={Wu, Zhi-Fan and Wei, Tong and Jiang, Jianwen and Mao, Chaojie and Tang, Mingqian and Li, Yu-Feng},
  booktitle={CVPR},
  year={2021}
}

@inproceedings{zhou2021learning,
  title={Learning with noisy labels via sparse regularization},
  author={Zhou, Xiong and Liu, Xianming and Wang, Chenyang and Zhai, Deming and Jiang, Junjun and Ji, Xiangyang},
  booktitle={Proceedings of the IEEE/CVF international conference on computer vision},
  pages={72--81},
  year={2021}
}

@article{zhang2017mixup,
  title={mixup: Beyond empirical risk minimization},
  author={Zhang, Hongyi and Cisse, Moustapha and Dauphin, Yann N and Lopez-Paz, David},
  journal={arXiv preprint arXiv:1710.09412},
  year={2017}
}

@article{luo2017learning,
  title={Learning with noise: Enhance distantly supervised relation extraction with dynamic transition matrix},
  author={Luo, Bingfeng and Feng, Yansong and Wang, Zheng and Zhu, Zhanxing and Huang, Songfang and Yan, Rui and Zhao, Dongyan},
  journal={arXiv},
  year={2017}
}

@article{berthelot2019mixmatch,
  title={Mixmatch: A holistic approach to semi-supervised learning},
  author={Berthelot, David and Carlini, Nicholas and Goodfellow, Ian and Papernot, Nicolas and Oliver, Avital and Raffel, Colin A},
  journal={Advances in neural information processing systems},
  volume={32},
  year={2019}
}

@inproceedings{sachdeva2021evidentialmix,
  title={Evidentialmix: Learning with combined open-set and closed-set noisy labels},
  author={Sachdeva, Ragav and Cordeiro, Filipe R and Belagiannis, Vasileios and Reid, Ian and Carneiro, Gustavo},
  booktitle={Proceedings of the IEEE/CVF Winter Conference on Applications of Computer Vision},
  pages={3607--3615},
  year={2021}
}

@inproceedings{tan2021co,
  title={Co-learning: Learning from noisy labels with self-supervision},
  author={Tan, Cheng and Xia, Jun and Wu, Lirong and Li, Stan Z},
  booktitle={Proceedings of the 29th ACM International Conference on Multimedia},
  pages={1405--1413},
  year={2021}
}

@inproceedings{yu2019does,
  title={How does disagreement help generalization against label corruption?},
  author={Yu, Xingrui and Han, Bo and Yao, Jiangchao and Niu, Gang and Tsang, Ivor and Sugiyama, Masashi},
  booktitle={International conference on machine learning},
  pages={7164--7173},
  year={2019},
  organization={PMLR}
}

@article{malach2017decoupling,
  title={Decoupling" when to update" from" how to update"},
  author={Malach, Eran and Shalev-Shwartz, Shai},
  journal={Advances in neural information processing systems},
  volume={30},
  year={2017}
}

@inproceedings{saito2019semi,
  title={Semi-supervised domain adaptation via minimax entropy},
  author={Saito, Kuniaki and Kim, Donghyun and Sclaroff, Stan and Darrell, Trevor and Saenko, Kate},
  booktitle={Proceedings of the IEEE/CVF international conference on computer vision},
  pages={8050--8058},
  year={2019}
}


@inproceedings{ren2018learning,
  title={Learning to reweight examples for robust deep learning},
  author={Ren, Mengye and Zeng, Wenyuan and Yang, Bin and Urtasun, Raquel},
  booktitle={International conference on machine learning},
  pages={4334--4343},
  year={2018},
  organization={PMLR}
}

@inproceedings{wang2018iterative,
  title={Iterative learning with open-set noisy labels},
  author={Wang, Yisen and Liu, Weiyang and Ma, Xingjun and Bailey, James and Zha, Hongyuan and Song, Le and Xia, Shu-Tao},
  booktitle={CVPR},
  year={2018}
}

@article{xia2019anchor,
  title={Are anchor points really indispensable in label-noise learning?},
  author={Xia, Xiaobo and Liu, Tongliang and Wang, Nannan and Han, Bo and Gong, Chen and Niu, Gang and Sugiyama, Masashi},
  journal={Advances in neural information processing systems},
  volume={32},
  year={2019}
}

@article{yao2020dual,
  title={Dual t: Reducing estimation error for transition matrix in label-noise learning},
  author={Yao, Yu and Liu, Tongliang and Han, Bo and Gong, Mingming and Deng, Jiankang and Niu, Gang and Sugiyama, Masashi},
  journal={Advances in neural information processing systems},
  volume={33},
  pages={7260--7271},
  year={2020}
}

@inproceedings{liu2022robust,
  title={Robust training under label noise by over-parameterization},
  author={Liu, Sheng and Zhu, Zhihui and Qu, Qing and You, Chong},
  booktitle={International Conference on Machine Learning},
  pages={14153--14172},
  year={2022},
  organization={PMLR}
}

@article{ashukha2020pitfalls,
  title={Pitfalls of in-domain uncertainty estimation and ensembling in deep learning},
  author={Ashukha, Arsenii and Lyzhov, Alexander and Molchanov, Dmitry and Vetrov, Dmitry},
  journal={arXiv preprint arXiv:2002.06470},
  year={2020}
}
@article{yao2021instance,
  title={Instance-dependent label-noise learning under a structural causal model},
  author={Yao, Yu and Liu, Tongliang and Gong, Mingming and Han, Bo and Niu, Gang and Zhang, Kun},
  journal={Advances in Neural Information Processing Systems},
  volume={34},
  pages={4409--4420},
  year={2021}
}

@article{li2020dividemix,
  title={Dividemix: Learning with noisy labels as semi-supervised learning},
  author={Li, Junnan and Socher, Richard and Hoi, Steven CH},
  journal={arXiv preprint arXiv:2002.07394},
  year={2020}
}

@inproceedings{li2021provably,
  title={Provably end-to-end label-noise learning without anchor points},
  author={Li, Xuefeng and Liu, Tongliang and Han, Bo and Niu, Gang and Sugiyama, Masashi},
  booktitle={International conference on machine learning},
  pages={6403--6413},
  year={2021},
  organization={PMLR}
}

@inproceedings{shen2019learning,
  title={Learning with bad training data via iterative trimmed loss minimization},
  author={Shen, Yanyao and Sanghavi, Sujay},
  booktitle={ICML},
  year={2019}
}

@article{wu2020topological,
  title={A topological filter for learning with label noise},
  author={Wu, Pengxiang and Zheng, Songzhu and Goswami, Mayank and Metaxas, Dimitris and Chen, Chao},
  journal={NeurIPS},
  year={2020}
}

@article{lyu2019curriculum,
  title={Curriculum loss: Robust learning and generalization against label corruption},
  author={Lyu, Yueming and Tsang, Ivor W},
  journal={arXiv},
  year={2019}
}

@article{ILSVRC15,
Author = {Olga Russakovsky and Jia Deng and Hao Su and Jonathan Krause and Sanjeev Satheesh and Sean Ma and Zhiheng Huang and Andrej Karpathy and Aditya Khosla and Michael Bernstein and Alexander C. Berg and Li Fei-Fei},
Title = {{ImageNet Large Scale Visual Recognition Challenge}},
Year = {2015},
journal   = {International Journal of Computer Vision (IJCV)},
doi = {10.1007/s11263-015-0816-y},
volume={115},
number={3},
pages={211-252}
}

@article{wei2021learning,
  title={Learning with noisy labels revisited: A study using real-world human annotations},
  author={Wei, Jiaheng and Zhu, Zhaowei and Cheng, Hao and Liu, Tongliang and Niu, Gang and Liu, Yang},
  journal={arXiv},
  year={2021}
}

@inproceedings{he2016deep,
  title={Deep residual learning for image recognition},
  author={He, Kaiming and Zhang, Xiangyu and Ren, Shaoqing and Sun, Jian},
  booktitle={CVPR},
  year={2016}
}

@article{xia2020part,
  title={Part-dependent label noise: Towards instance-dependent label noise},
  author={Xia, Xiaobo and Liu, Tongliang and Han, Bo and Wang, Nannan and Gong, Mingming and Liu, Haifeng and Niu, Gang and Tao, Dacheng and Sugiyama, Masashi},
  journal={NeurIPS},
  year={2020}
}

@article{van2015learning,
  title={Learning with symmetric label noise: The importance of being unhinged},
  author={Van Rooyen, Brendan and Menon, Aditya and Williamson, Robert C},
  journal={NeurIPS},
  year={2015}
}



@inproceedings{karim2022unicon,
  title={Unicon: Combating label noise through uniform selection and contrastive learning},
  author={Karim, Nazmul and Rizve, Mamshad Nayeem and Rahnavard, Nazanin and Mian, Ajmal and Shah, Mubarak},
  booktitle={CVPR},
  year={2022}
}

@article{huang2022harnessing,
  title={Harnessing out-of-distribution examples via augmenting content and style},
  author={Huang, Zhuo and Xia, Xiaobo and Shen, Li and Han, Bo and Gong, Mingming and Gong, Chen and Liu, Tongliang},
  journal={arXiv},
  year={2022}
}

@InProceedings{Yuan_2023_ICCV,
    author    = {Yuan, Suqin and Feng, Lei and Liu, Tongliang},
    title     = {Late Stopping: Avoiding Confidently Learning from Mislabeled Examples},
    booktitle = {ICCV},
    year      = {2023}
}

@article{cheng2020learning,
  title={Learning with instance-dependent label noise: A sample sieve approach},
  author={Cheng, Hao and Zhu, Zhaowei and Li, Xingyu and Gong, Yifei and Sun, Xing and Liu, Yang},
  journal={arXiv preprint arXiv:2010.02347},
  year={2020}
}

@inproceedings{yi2022identifying,
  title={Identifying hard noise in long-tailed sample distribution},
  author={Yi, Xuanyu and Tang, Kaihua and Hua, Xian-Sheng and Lim, Joo-Hwee and Zhang, Hanwang},
  booktitle={ECCV},
  year={2022}
}

@inproceedings{bai2023subclassdominant,
title={Subclass-Dominant Label Noise: A Counterexample for the Success of Early Stopping},
author={Yingbin Bai and Zhongyi Han and Erkun Yang and Jun Yu and Bo Han and Dadong Wang and Tongliang Liu},
booktitle={NeurIPS},
year={2023}
}


@article{lin2023over,
  title={On the Over-Memorization During Natural, Robust and Catastrophic Overfitting},
  author={Lin, Runqi and Yu, Chaojian and Han, Bo and Liu, Tongliang},
  journal={arXiv preprint arXiv:2310.08847},
  year={2023}
}

@inproceedings{lu2023label,
  title={Label-noise learning with intrinsically long-tailed data},
  author={Lu, Yang and Zhang, Yiliang and Han, Bo and Cheung, Yiu-ming and Wang, Hanzi},
  booktitle={ICCV},
  year={2023}
}

@inproceedings{nishi2021augmentation,
  title={Augmentation strategies for learning with noisy labels},
  author={Nishi, Kento and Ding, Yi and Rich, Alex and Hollerer, Tobias},
  booktitle={Proceedings of the IEEE/CVF conference on computer vision and pattern recognition},
  pages={8022--8031},
  year={2021}
}

@article{li2024transferring,
  title={Transferring annotator-and instance-dependent transition matrix for learning from crowds},
  author={Li, Shikun and Xia, Xiaobo and Deng, Jiankang and Gey, Shiming and Liu, Tongliang},
  journal={IEEE Transactions on Pattern Analysis and Machine Intelligence},
  year={2024},
  publisher={IEEE}
}

@article{wang2024tackling,
  title={Tackling Noisy Labels With Network Parameter Additive Decomposition},
  author={Wang, Jingyi and Xia, Xiaobo and Lan, Long and Wu, Xinghao and Yu, Jun and Yang, Wenjing and Han, Bo and Liu, Tongliang},
  journal={IEEE Transactions on Pattern Analysis and Machine Intelligence},
  year={2024},
  publisher={IEEE}
}

@article{xia2023regularly,
  title={Regularly truncated m-estimators for learning with noisy labels},
  author={Xia, Xiaobo and Lu, Pengqian and Gong, Chen and Han, Bo and Yu, Jun and Liu, Tongliang},
  journal={IEEE Transactions on Pattern Analysis and Machine Intelligence},
  year={2023},
  publisher={IEEE}
}

@article{xia2022extended,
  title={Extended $ t $ t: Learning with mixed closed-set and open-set noisy labels},
  author={Xia, Xiaobo and Han, Bo and Wang, Nannan and Deng, Jiankang and Li, Jiatong and Mao, Yinian and Liu, Tongliang},
  journal={IEEE Transactions on Pattern Analysis and Machine Intelligence},
  volume={45},
  number={3},
  pages={3047--3058},
  year={2022},
  publisher={IEEE}
}


@ARTICLE{9784878,
  author={Gong, Chen and Ding, Yongliang and Han, Bo and Niu, Gang and Yang, Jian and You, Jane and Tao, Dacheng and Sugiyama, Masashi},
  journal={IEEE Transactions on Pattern Analysis and Machine Intelligence}, 
  title={Class-Wise Denoising for Robust Learning Under Label Noise}, 
  year={2023},
  volume={45},
  number={3},
  pages={2835-2848},
  keywords={Noise measurement;Training;Entropy;Estimation;Neural networks;Matrix decomposition;Fasteners;Label noise;centroid estimation;unbiasedness;variance reduction},
  doi={10.1109/TPAMI.2022.3178690}}


@ARTICLE{10689264,
  author={Luo, Wenshui and Chen, Shuo and Liu, Tongliang and Han, Bo and Niu, Gang and Sugiyama, Masashi and Tao, Dacheng and Gong, Chen},
  journal={IEEE Transactions on Pattern Analysis and Machine Intelligence}, 
  title={Estimating Per-Class Statistics for Label Noise Learning}, 
  year={2024},
  volume={},
  number={},
  pages={1-17},
  keywords={Noise measurement;Estimation;Noise;Training;Accuracy;Classification algorithms;Matrix converters;Label noise;Statistic estimation;Unbiasedness},
  doi={10.1109/TPAMI.2024.3466182}}

@inproceedings{yuan2023late,
  title={Late stopping: Avoiding confidently learning from mislabeled examples},
  author={Yuan, Suqin and Feng, Lei and Liu, Tongliang},
  booktitle={Proceedings of the IEEE/CVF International Conference on Computer Vision},
  pages={16079--16088},
  year={2023}
}

@inproceedings{
lin2024on,
title={On the Over-Memorization During Natural, Robust and Catastrophic Overfitting},
author={Runqi Lin and Chaojian Yu and Bo Han and Tongliang Liu},
booktitle={The Twelfth International Conference on Learning Representations},
year={2024}
}

@ARTICLE{10209198,
  author={Yang, Shuo and Wu, Songhua and Yang, Erkun and Han, Bo and Liu, Yang and Xu, Min and Niu, Gang and Liu, Tongliang},
  journal={IEEE Transactions on Pattern Analysis and Machine Intelligence}, 
  title={A Parametrical Model for Instance-Dependent Label Noise}, 
  year={2023},
  volume={45},
  number={12},
  pages={14055-14068},
  keywords={Noise measurement;Classification algorithms;Estimation;Computer science;Artificial neural networks;Uncertainty;Risk management;Label-noise learning;label transition matrix;statistically consistent algorithm},
  doi={10.1109/TPAMI.2023.3301876}}

@inproceedings{yang2022estimating,
  title={Estimating instance-dependent bayes-label transition matrix using a deep neural network},
  author={Yang, Shuo and Yang, Erkun and Han, Bo and Liu, Yang and Xu, Min and Niu, Gang and Liu, Tongliang},
  booktitle={International Conference on Machine Learning},
  pages={25302--25312},
  year={2022},
  organization={PMLR}
}