@inproceedings{arpit2017closer,
  title={A closer look at memorization in deep networks},
  author={Arpit, Devansh and Jastrz{\k{e}}bski, Stanis{\l}aw and Ballas, Nicolas and Krueger, David and Bengio, Emmanuel and Kanwal, Maxinder S and Maharaj, Tegan and Fischer, Asja and Courville, Aaron and Bengio, Yoshua and others},
  booktitle={ICML},
  year={2017}
}

@inproceedings{bai2023subclassdominant,
title={Subclass-Dominant Label Noise: A Counterexample for the Success of Early Stopping},
author={Yingbin Bai and Zhongyi Han and Erkun Yang and Jun Yu and Bo Han and Dadong Wang and Tongliang Liu},
booktitle={NeurIPS},
year={2023}
}

@inproceedings{jiang2021characterizing,
  title={Characterizing Structural Regularities of Labeled Data in Overparameterized Models},
  author={Jiang, Ziheng and Zhang, Chiyuan and Talwar, Kunal and Mozer, Michael C},
  booktitle={ICML},
  year={2021}
}

@inproceedings{maini2022characterizing,
  title={Characterizing Datapoints via Second-Split Forgetting},
  author={Maini, Pratyush and Garg, Saurabh and Lipton, Zachary Chase and Kolter, J Zico},
  year={2022},
  booktitle={ICML 2022 Workshop on Spurious Correlations, Invariance and Stability}
}

@article{pleiss2020identifying,
  title={Identifying mislabeled data using the area under the margin ranking},
  author={Pleiss, Geoff and Zhang, Tianyi and Elenberg, Ethan and Weinberger, Kilian Q},
  journal={NeurIPS},
  year={2020}
}

@inproceedings{scott2013classification,
  title={Classification with asymmetric label noise: Consistency and maximal denoising},
  author={Scott, Clayton and Blanchard, Gilles and Handy, Gregory},
  booktitle={Conference on learning theory},
  pages={489--511},
  year={2013},
  organization={PMLR}
}

@inproceedings{toneva2018empirical,
  title={An Empirical Study of Example Forgetting during Deep Neural Network Learning},
  author={Toneva, Mariya and Sordoni, Alessandro and des Combes, Remi Tachet and Trischler, Adam and Bengio, Yoshua and Gordon, Geoffrey J},
  booktitle={ICLR},
  year={2018}
}

@article{wei2021learning,
  title={Learning with noisy labels revisited: A study using real-world human annotations},
  author={Wei, Jiaheng and Zhu, Zhaowei and Cheng, Hao and Liu, Tongliang and Niu, Gang and Liu, Yang},
  journal={arXiv},
  year={2021}
}

@article{wei2021open,
  title={Open-set label noise can improve robustness against inherent label noise},
  author={Wei, Hongxin and Tao, Lue and Xie, Renchunzi and An, Bo},
  journal={Advances in Neural Information Processing Systems},
  volume={34},
  pages={7978--7992},
  year={2021}
}

@article{xia2020part,
  title={Part-dependent label noise: Towards instance-dependent label noise},
  author={Xia, Xiaobo and Liu, Tongliang and Han, Bo and Wang, Nannan and Gong, Mingming and Liu, Haifeng and Niu, Gang and Tao, Dacheng and Sugiyama, Masashi},
  journal={NeurIPS},
  year={2020}
}

@inproceedings{yuan2024early,
  title={Early stopping against label noise without validation data},
  author={Yuan, Suqin and Feng, Lei and Liu, Tongliang},
  booktitle={The Twelfth International Conference on Learning Representations},
  year={2024}
}

@article{zhang2024badlabel,
  title={Badlabel: A robust perspective on evaluating and enhancing label-noise learning},
  author={Zhang, Jingfeng and Song, Bo and Wang, Haohan and Han, Bo and Liu, Tongliang and Liu, Lei and Sugiyama, Masashi},
  journal={IEEE transactions on pattern analysis and machine intelligence},
  year={2024},
  publisher={IEEE}
}

@inproceedings{zhou2021robust,
  title={Robust curriculum learning: from clean label detection to noisy label self-correction},
  author={Zhou, Tianyi and Wang, Shengjie and Bilmes, Jeff},
  booktitle={ICLR},
  year={2021}
}

