@article{FRS1901LIIIOL,
  title = {On Lines and Planes of Closest Fit to Systems of Points in Space},
  author = {Pearson, Karl},
  year = {1901},
  journal = {Philosophical Magazine Series},
  volume = {2},
  pages = {559--572}
}

@inproceedings{baldiAutoencodersUnsupervisedLearning2012,
  title = {Autoencoders, {{Unsupervised Learning}}, and {{Deep Architectures}}},
  booktitle = {Proceedings of {{ICML Workshop}} on {{Unsupervised}} and {{Transfer Learning}}},
  author = {Baldi, Pierre},
  year = {2012},
  pages = {37--49},
  publisher = {{JMLR Workshop and Conference Proceedings}}
}

@article{eomDeeplearnedSpikeRepresentations2021,
  title = {Deep-Learned Spike Representations and Sorting via an Ensemble of Auto-Encoders},
  author = {Eom, Junsik and Park, In Yong and Kim, Sewon and Jang, Hanbyol and Park, Sanggeon and Huh, Yeowool and Hwang, Dosik},
  year = {2021},
  journal = {Neural Networks},
  volume = {134},
  pages = {131--142}
}

@inproceedings{leeYASSAnotherSpike2017,
  title = {{{YASS}}: {{Yet Another Spike Sorter}}},
  booktitle = {Advances in {{Neural Information Processing Systems}}},
  author = {Lee, Jin Hyung and Carlson, David E and Shokri Razaghi, Hooshmand and Yao, Weichi and Goetz, Georges A and Hagen, Espen and Batty, Eleanor and Chichilnisky, E.J. and Einevoll, Gaute T. and Paninski, Liam},
  year = {2017},
  volume = {30},
  publisher = {Curran Associates, Inc.}
}

@article{maatenVisualizingDataUsing2008,
  title = {Visualizing {{Data}} Using T-{{SNE}}},
  author = {van der Maaten, Laurens and Hinton, Geoffrey},
  year = {2008},
  journal = {Journal of Machine Learning Research},
  volume = {9},
  number = {86},
  pages = {2579--2605}
}

@article{veerabhadrappaCompatibilityEvaluationClustering2020,
  title = {Compatibility {{Evaluation}} of {{Clustering Algorithms}} for {{Contemporary Extracellular Neural Spike Sorting}}},
  author = {Veerabhadrappa, Rakesh and Ul Hassan, Masood and Zhang, James and Bhatti, Asim},
  year = {2020},
  journal = {Frontiers in Systems Neuroscience},
  volume = {14},
  publisher = {Frontiers}
}

@inproceedings{vishnubhotlaRobustGeneralizableRepresentations2023,
  title = {Towards Robust and Generalizable Representations of Extracellular Data Using Contrastive Learning},
  booktitle = {Thirty-Seventh {{Conference}} on {{Neural Information Processing Systems}}},
  author = {Vishnubhotla, Ankit and Loh, Charlotte and Srivastava, Akash and Paninski, Liam and Hurwitz, Cole Lincoln},
  year = {2023}
}

@inproceedings{wuLearningSortFewshot2019,
  title = {Learning to {{Sort}}: {{Few-shot Spike Sorting}} with {{Adversarial Representation Learning}}},
  booktitle = {2019 41st {{Annual International Conference}} of the {{IEEE Engineering}} in {{Medicine}} and {{Biology Society}} ({{EMBC}})},
  author = {Wu, Tong and R치tkai, Anik칩 and Schlett, Katalin and Grand, L치szl칩 and Yang, Zhi},
  year = {2019},
  pages = {713--716}
}

