@inproceedings{baldiAutoencodersUnsupervisedLearning2012,
  title = {Autoencoders, {{Unsupervised Learning}}, and {{Deep Architectures}}},
  booktitle = {Proceedings of {{ICML Workshop}} on {{Unsupervised}} and {{Transfer Learning}}},
  author = {Baldi, Pierre},
  year = {2012},
  pages = {37--49},
  publisher = {{JMLR Workshop and Conference Proceedings}}
}

@article{hubert1985comparing,
  title={Comparing partitions},
  author={Hubert, Lawrence and Arabie, Phipps},
  journal={Journal of classification},
  volume={2},
  pages={193--218},
  year={1985},
  publisher={Springer}
}

@inproceedings{boussardThreedimensionalSpikeLocalization2021,
  title = {Three-Dimensional Spike Localization and Improved Motion Correction for {{Neuropixels}} Recordings},
  booktitle = {Advances in {{Neural Information Processing Systems}}},
  author = {Boussard, Julien and Varol, Erdem and Lee, Hyun Dong and Dethe, Nishchal and Paninski, Liam},
  year = {2021},
  volume = {34},
  pages = {22095--22105},
  publisher = {Curran Associates, Inc.}
}

@incollection{bretteHandbookNeuralActivity2012,
  title = {Handbook of {{Neural Activity Measurement}}},
  booktitle = {Handbook of {{Neural Activity Measurement}}},
  author = {Brette, Romain and Destexhe, Alain},
  year = {2012},
  pages = {92--135},
  publisher = {Cambridge University Press},
  googlebooks = {YLyGmfVuBsIC},
  isbn = {978-0-521-51622-8}
}

@article{buccinoCombiningBiophysicalModeling2018,
  title = {Combining Biophysical Modeling and Deep Learning for Multielectrode Array Neuron Localization and Classification},
  author = {Buccino, Alessio P. and Kordovan, Michael and Ness, Torbjørn V. and Merkt, Benjamin and Häfliger, Philipp D. and Fyhn, Marianne and Cauwenberghs, Gert and Rotter, Stefan and Einevoll, Gaute T.},
  year = {2018},
  journal = {Journal of Neurophysiology},
  volume = {120},
  number = {3},
  pages = {1212--1232},
  publisher = {American Physiological Society}
}

@article{buccinoMEArecFastCustomizable2021,
  title = {{{MEArec}}: {{A Fast}} and {{Customizable Testbench Simulator}} for {{Ground-truth Extracellular Spiking Activity}}},
  author = {Buccino, Alessio Paolo and Einevoll, Gaute Tomas},
  year = {2021},
  journal = {Neuroinformatics},
  volume = {19},
  number = {1},
  pages = {185--204}
}

@article{buccinoSpikeInterfaceUnifiedFramework2020,
  title = {{{SpikeInterface}}, a Unified Framework for Spike Sorting},
  author = {Buccino, Alessio P and Hurwitz, Cole L and Garcia, Samuel and Magland, Jeremy and Siegle, Joshua H and Hurwitz, Roger and Hennig, Matthias H},
  editor = {Colgin, Laura L and Grün, Sonja and Kloosterman, Fabian},
  year = {2020},
  journal = {eLife},
  volume = {9},
  pages = {e61834},
  publisher = {eLife Sciences Publications, Ltd}
}

@article{buccinoSpikeSortingNew2022,
  title = {Spike Sorting: New Trends and Challenges of the Era of High-Density Probes},
  author = {Buccino, Alessio P. and Garcia, Samuel and Yger, Pierre},
  year = {2022},
  journal = {Progress in Biomedical Engineering},
  volume = {4},
  number = {2},
  pages = {022005},
  publisher = {IOP Publishing}
}

@article{buzsakiLargescaleRecordingNeuronal2004,
  title = {Large-Scale Recording of Neuronal Ensembles},
  author = {Buzsáki, György},
  year = {2004},
  journal = {Nature Neuroscience},
  volume = {7},
  number = {5},
  pages = {446--451},
  publisher = {Nature Publishing Group}
}

@article{buzsakiOriginExtracellularFields2012,
  title = {The Origin of Extracellular Fields and Currents — {{EEG}}, {{ECoG}}, {{LFP}} and Spikes},
  author = {Buzsáki, György and Anastassiou, Costas A. and Koch, Christof},
  year = {2012},
  journal = {Nature Reviews Neuroscience},
  volume = {13},
  number = {6},
  pages = {407--420},
  publisher = {Nature Publishing Group}
}

@article{chengMeanShiftMode1995,
  title = {Mean Shift, Mode Seeking, and Clustering},
  author = {Cheng, Yizong},
  year = {1995},
  journal = {IEEE Transactions on Pattern Analysis and Machine Intelligence},
  volume = {17},
  number = {8},
  pages = {790--799}
}

@article{chenTreeMoCoContrastiveNeuron2022,
  title = {{{TreeMoCo}}: {{Contrastive Neuron Morphology Representation Learning}}},
  author = {Chen, Hanbo and Yang, Jiawei and Iascone, Daniel and Liu, Lijuan and He, Lei and Peng, Hanchuan and Yao, Jianhua},
  year = {2022},
  journal = {Advances in Neural Information Processing Systems},
  volume = {35},
  pages = {25060--25073}
}

@inproceedings{choLearningPhraseRepresentations2014,
  title = {Learning {{Phrase Representations}} Using {{RNN Encoder}}–{{Decoder}} for {{Statistical Machine Translation}}},
  booktitle = {Proceedings of the 2014 {{Conference}} on {{Empirical Methods}} in {{Natural Language Processing}} ({{EMNLP}})},
  author = {Cho, Kyunghyun and Van Merrienboer, Bart and Gulcehre, Caglar and Bahdanau, Dzmitry and Bougares, Fethi and Schwenk, Holger and Bengio, Yoshua},
  year = {2014},
  pages = {1724--1734},
  publisher = {Association for Computational Linguistics},
  address = {Doha, Qatar}
}

@article{chungFullyAutomatedApproach2017,
  title = {A {{Fully Automated Approach}} to {{Spike Sorting}}},
  author = {Chung, Jason E. and Magland, Jeremy F. and Barnett, Alex H. and Tolosa, Vanessa M. and Tooker, Angela C. and Lee, Kye Y. and Shah, Kedar G. and Felix, Sarah H. and Frank, Loren M. and Greengard, Leslie F.},
  year = {2017},
  journal = {Neuron},
  volume = {95},
  number = {6},
  pages = {1381-1394.e6}
}

@article{chungHighDensityLongLastingMultiregion2019,
  title = {High-{{Density}}, {{Long-Lasting}}, and {{Multi-region Electrophysiological Recordings Using Polymer Electrode Arrays}}},
  author = {Chung, Jason E. and Joo, Hannah R. and Fan, Jiang Lan and Liu, Daniel F. and Barnett, Alex H. and Chen, Supin and {Geaghan-Breiner}, Charlotte and Karlsson, Mattias P. and Karlsson, Magnus and Lee, Kye Y. and Liang, Hexin and Magland, Jeremy F. and Pebbles, Jeanine A. and Tooker, Angela C. and Greengard, Leslie F. and Tolosa, Vanessa M. and Frank, Loren M.},
  year = {2019},
  journal = {Neuron},
  volume = {101},
  number = {1},
  pages = {21-31.e5},
  publisher = {Elsevier}
}

@book{ComputationalModelingMethods,
  title = {Computational {{Modeling Methods}} for {{Neuroscientists}}}
}

@article{cunninghamDimensionalityReductionLargescale2014,
  title = {Dimensionality Reduction for Large-Scale Neural Recordings},
  author = {Cunningham, John P. and Yu, Byron M.},
  year = {2014},
  journal = {Nature Neuroscience},
  volume = {17},
  number = {11},
  pages = {1500--1509},
  publisher = {Nature Publishing Group}
}

@misc{DataReleaseBrainwide2024,
  title = {Data Release - {{Brainwide}} Map - {{Q4}} 2022},
  year = {2024},
  publisher = {figshare},
  archiveprefix = {figshare}
}

@article{dempsterMaximumLikelihoodIncomplete1977,
  title = {Maximum {{Likelihood}} from {{Incomplete Data Via}} the {{EM Algorithm}}},
  author = {Dempster, A. P. and Laird, N. M. and Rubin, D. B.},
  year = {1977},
  journal = {Journal of the Royal Statistical Society: Series B (Methodological)},
  volume = {39},
  number = {1},
  pages = {1--22}
}

@article{dorkenwaldMultilayeredMapsNeuropil2023,
  title = {Multi-Layered Maps of Neuropil with Segmentation-Guided Contrastive Learning},
  author = {Dorkenwald, Sven and Li, Peter H. and Januszewski, Michał and Berger, Daniel R. and {Maitin-Shepard}, Jeremy and Bodor, Agnes L. and Collman, Forrest and {Schneider-Mizell}, Casey M. and {da Costa}, Nuno Maçarico and Lichtman, Jeff W. and Jain, Viren},
  year = {2023},
  journal = {Nature Methods},
  volume = {20},
  number = {12},
  pages = {2011--2020},
  publisher = {Nature Publishing Group}
}

@article{eckartApproximationOneMatrix1936,
  title = {The Approximation of One Matrix by Another of Lower Rank},
  author = {Eckart, Carl and Young, Gale},
  year = {1936},
  journal = {Psychometrika},
  volume = {1},
  number = {3},
  pages = {211--218}
}

@article{einevollModellingAnalysisLocal2013,
  title = {Modelling and Analysis of Local Field Potentials for Studying the Function of Cortical Circuits},
  author = {Einevoll, Gaute T. and Kayser, Christoph and Logothetis, Nikos K. and Panzeri, Stefano},
  year = {2013},
  journal = {Nature Reviews Neuroscience},
  volume = {14},
  number = {11},
  pages = {770--785},
  publisher = {Nature Publishing Group}
}

@article{eomDeeplearnedSpikeRepresentations2021,
  title = {Deep-Learned Spike Representations and Sorting via an Ensemble of Auto-Encoders},
  author = {Eom, Junsik and Park, In Yong and Kim, Sewon and Jang, Hanbyol and Park, Sanggeon and Huh, Yeowool and Hwang, Dosik},
  year = {2021},
  journal = {Neural Networks},
  volume = {134},
  pages = {131--142}
}

@article{FRS1901LIIIOL,
  title = {On Lines and Planes of Closest Fit to Systems of Points in Space},
  author = {Pearson, Karl},
  year = {1901},
  journal = {Philosophical Magazine Series},
  volume = {2},
  pages = {559--572}
}

@article{gouwensSystematicGenerationBiophysically2018,
  title = {Systematic Generation of Biophysically Detailed Models for Diverse Cortical Neuron Types},
  author = {Gouwens, Nathan W. and Berg, Jim and Feng, David and Sorensen, Staci A. and Zeng, Hongkui and Hawrylycz, Michael J. and Koch, Christof and Arkhipov, Anton},
  year = {2018},
  journal = {Nature Communications},
  volume = {9},
  number = {1},
  pages = {710},
  publisher = {Nature Publishing Group}
}

@article{guptaAccurateClassificationMajor2023,
  title = {Accurate Classification of Major Brain Cell Types Using in Vivo Imaging and Neural Network Processing},
  author = {Gupta, Amrita Das and Asan, Livia and John, Jennifer and Beretta, Carlo and Kuner, Thomas and Knabbe, Johannes},
  year = {2023年11月9日},
  journal = {PLOS Biology},
  volume = {21},
  number = {11},
  pages = {e3002357},
  publisher = {Public Library of Science}
}

@article{hagenMultimodalModelingNeural2018,
  title = {Multimodal {{Modeling}} of {{Neural Network Activity}}: {{Computing LFP}}, {{ECoG}}, {{EEG}}, and {{MEG Signals With LFPy}} 2.0},
  author = {Hagen, Espen and Næss, Solveig and Ness, Torbjørn V. and Einevoll, Gaute T.},
  year = {2018},
  journal = {Frontiers in Neuroinformatics},
  volume = {12},
  publisher = {Frontiers}
}

@article{hagenViSAPyPythonTool2015,
  title = {{{ViSAPy}}: {{A Python}} Tool for Biophysics-Based Generation of Virtual Spiking Activity for Evaluation of Spike-Sorting Algorithms},
  author = {Hagen, Espen and Ness, Torbjørn V. and Khosrowshahi, Amir and Sørensen, Christina and Fyhn, Marianne and Hafting, Torkel and Franke, Felix and Einevoll, Gaute T.},
  year = {2015},
  journal = {Journal of Neuroscience Methods},
  volume = {245},
  pages = {182--204}
}

@inproceedings{hanLiveDemonstrationEfficient2024,
  title = {Live {{Demonstration}}: {{An Efficient Hardware}} for {{Real-time Multi-channel Spike Sorting}} with {{Localization}}},
  booktitle = {2024 {{IEEE Biomedical Circuits}} and {{Systems Conference}} ({{BioCAS}})},
  author = {Han, Yuntao and Wang, Shiwei and Hamilton, Alister},
  year = {2024},
  pages = {1--1}
}

@article{hayModelsNeocorticalLayer2011,
  title = {Models of {{Neocortical Layer}} 5b {{Pyramidal Cells Capturing}} a {{Wide Range}} of {{Dendritic}} and {{Perisomatic Active Properties}}},
  author = {Hay, Etay and Hill, Sean and Schürmann, Felix and Markram, Henry and Segev, Idan},
  year = {2011},
  journal = {PLOS Computational Biology},
  volume = {7},
  number = {7},
  pages = {e1002107},
  publisher = {Public Library of Science}
}

@article{hilgenUnsupervisedSpikeSorting2017,
  title = {Unsupervised {{Spike Sorting}} for {{Large-Scale}}, {{High-Density Multielectrode Arrays}}},
  author = {Hilgen, Gerrit and Sorbaro, Martino and Pirmoradian, Sahar and Muthmann, Jens-Oliver and Kepiro, Ibolya Edit and Ullo, Simona and Ramirez, Cesar Juarez and Encinas, Albert Puente and Maccione, Alessandro and Berdondini, Luca and Murino, Vittorio and Sona, Diego and Zanacchi, Francesca Cella and Sernagor, Evelyne and Hennig, Matthias Helge},
  year = {2017},
  journal = {Cell Reports},
  volume = {18},
  number = {10},
  pages = {2521--2532},
  publisher = {Elsevier}
}

@article{hinesNEURONSimulationEnvironment1997,
  title = {The {{NEURON Simulation Environment}}},
  author = {Hines, M. L. and Carnevale, N. T.},
  year = {1997},
  journal = {Neural Computation},
  volume = {9},
  number = {6},
  pages = {1179--1209}
}

@article{hinesNeuronToolNeuroscientists2001,
  title = {Neuron: {{A Tool}} for {{Neuroscientists}}},
  author = {Hines, M. L. and Carnevale, N. T.},
  year = {2001},
  journal = {The Neuroscientist},
  volume = {7},
  number = {2},
  pages = {123--135},
  publisher = {SAGE Publications Inc STM}
}

@incollection{holmesPassiveCableModeling2009,
  title = {Passive {{Cable Modeling}}},
  booktitle = {Computational {{Modeling Methods}} for {{Neuroscientists}}},
  author = {Holmes, William R.},
  year = {2009}
}

@article{hongNovelElectrodeTechnologies2019,
  title = {Novel Electrode Technologies for Neural Recordings},
  author = {Hong, Guosong and Lieber, Charles M.},
  year = {2019},
  journal = {Nature Reviews Neuroscience},
  volume = {20},
  number = {6},
  pages = {330--345},
  publisher = {Nature Publishing Group}
}

@article{joshiDynamicSynchronizationHippocampal2023,
  title = {Dynamic Synchronization between Hippocampal Representations and Stepping},
  author = {Joshi, Abhilasha and Denovellis, Eric L. and Mankili, Abhijith and Meneksedag, Yagiz and Davidson, Thomas J. and Gillespie, Anna K. and Guidera, Jennifer A. and Roumis, Demetris and Frank, Loren M.},
  year = {2023},
  journal = {Nature},
  volume = {617},
  number = {7959},
  pages = {125--131},
  publisher = {Nature Publishing Group}
}

@article{junFullyIntegratedSilicon2017,
  title = {Fully Integrated Silicon Probes for High-Density Recording of Neural Activity},
  author = {Jun, James J. and Steinmetz, Nicholas A. and Siegle, Joshua H. and Denman, Daniel J. and Bauza, Marius and Barbarits, Brian and Lee, Albert K. and Anastassiou, Costas A. and Andrei, Alexandru and Aydın, Çağatay and Barbic, Mladen and Blanche, Timothy J. and Bonin, Vincent and Couto, João and Dutta, Barundeb and Gratiy, Sergey L. and Gutnisky, Diego A. and Häusser, Michael and Karsh, Bill and Ledochowitsch, Peter and Lopez, Carolina Mora and Mitelut, Catalin and Musa, Silke and Okun, Michael and Pachitariu, Marius and Putzeys, Jan and Rich, P. Dylan and Rossant, Cyrille and Sun, Wei-lung and Svoboda, Karel and Carandini, Matteo and Harris, Kenneth D. and Koch, Christof and O’Keefe, John and Harris, Timothy D.},
  year = {2017},
  journal = {Nature},
  volume = {551},
  number = {7679},
  pages = {232--236},
  publisher = {Nature Publishing Group}
}

@article{le-khacContrastiveRepresentationLearning2020,
  title = {Contrastive {{Representation Learning}}: {{A Framework}} and {{Review}}},
  author = {{Le-Khac}, Phuc H. and Healy, Graham and Smeaton, Alan F.},
  year = {2020},
  journal = {IEEE Access},
  volume = {8},
  pages = {193907--193934}
}

@inproceedings{leeYASSAnotherSpike2017,
  title = {{{YASS}}: {{Yet Another Spike Sorter}}},
  booktitle = {Advances in {{Neural Information Processing Systems}}},
  author = {Lee, Jin Hyung and Carlson, David E and Shokri Razaghi, Hooshmand and Yao, Weichi and Goetz, Georges A and Hagen, Espen and Batty, Eleanor and Chichilnisky, E.J. and Einevoll, Gaute T. and Paninski, Liam},
  year = {2017},
  volume = {30},
  publisher = {Curran Associates, Inc.}
}

@article{lefebvreRecentProgressMultielectrode2016,
  title = {Recent Progress in Multi-Electrode Spike Sorting Methods},
  author = {Lefebvre, Baptiste and Yger, Pierre and Marre, Olivier},
  year = {2016},
  journal = {Journal of Physiology-Paris},
  series = {{{SI}}: {{GDR Multielectrode}}},
  volume = {110},
  number = {4, Part A},
  pages = {327--335}
}

@article{lewickiReviewMethodsSpike1998,
  title = {A Review of Methods for Spike Sorting: The Detection and Classification of Neural Action Potentials},
  author = {Lewicki, Michael S.},
  year = {1998},
  journal = {Network: Computation in Neural Systems},
  volume = {9},
  number = {4},
  pages = {R53}
}

@article{lindenLFPyToolBiophysical2014,
  title = {{{LFPy}}: A Tool for Biophysical Simulation of Extracellular Potentials Generated by Detailed Model Neurons},
  author = {Lindén, Henrik and Hagen, Espen and Leski, Szymon and Norheim, Eivind S. and Pettersen, Klas H. and Einevoll, Gaute T.},
  year = {2014},
  journal = {Frontiers in Neuroinformatics},
  volume = {7},
  publisher = {Frontiers}
}

@article{liuDecodingCognitionSpontaneous2022,
  title = {Decoding Cognition from Spontaneous Neural Activity},
  author = {Liu, Yunzhe and Nour, Matthew M. and Schuck, Nicolas W. and Behrens, Timothy E. J. and Dolan, Raymond J.},
  year = {2022},
  journal = {Nature Reviews Neuroscience},
  volume = {23},
  number = {4},
  pages = {204--214},
  publisher = {Nature Publishing Group}
}

@article{maatenVisualizingDataUsing2008,
  title = {Visualizing {{Data}} Using T-{{SNE}}},
  author = {van der Maaten, Laurens and Hinton, Geoffrey},
  year = {2008},
  journal = {Journal of Machine Learning Research},
  volume = {9},
  number = {86},
  pages = {2579--2605}
}

@incollection{macqueenMethodsClassificationAnalysis1967,
  title = {Some Methods for Classification and Analysis of Multivariate Observations},
  booktitle = {Proceedings of the {{Fifth Berkeley Symposium}} on {{Mathematical Statistics}} and {{Probability}}, {{Volume}} 1: {{Statistics}}},
  author = {MacQueen, J.},
  year = {1967},
  volume = {5.1},
  pages = {281--298},
  publisher = {University of California Press}
}

@article{maglandSpikeForestReproducibleWebfacing2020,
  title = {{{SpikeForest}}, Reproducible Web-Facing Ground-Truth Validation of Automated Neural Spike Sorters},
  author = {Magland, Jeremy and Jun, James J and Lovero, Elizabeth and Morley, Alexander J and Hurwitz, Cole Lincoln and Buccino, Alessio Paolo and Garcia, Samuel and Barnett, Alex H},
  editor = {Meister, Markus and Calabrese, Ronald L and Meister, Markus},
  year = {2020},
  journal = {eLife},
  volume = {9},
  pages = {e55167},
  publisher = {eLife Sciences Publications, Ltd}
}

@article{martinezRealisticSimulationExtracellular2009,
  title = {Realistic Simulation of Extracellular Recordings},
  author = {Martinez, Juan and Pedreira, Carlos and Ison, Matias J. and Quian Quiroga, Rodrigo},
  year = {2009},
  journal = {Journal of Neuroscience Methods},
  volume = {184},
  number = {2},
  pages = {285--293}
}

@misc{mcinnesUMAPUniformManifold2020,
  title = {{{UMAP}}: {{Uniform Manifold Approximation}} and {{Projection}} for {{Dimension Reduction}}},
  author = {McInnes, Leland and Healy, John and Melville, James},
  year = {2020},
  number = {arXiv:1802.03426},
  eprint = {1802.03426},
  primaryclass = {stat},
  publisher = {arXiv},
  archiveprefix = {arXiv}
}

@article{mcinnesUMAPUniformManifold2020a,
  title = {{{UMAP}}: {{Uniform Manifold Approximation}} and {{Projection}} for {{Dimension Reduction}}},
  author = {McInnes, Leland and Healy, John and Melville, James},
  year = {2020},
  journal = {arXiv Preprint},
  volume = {arXiv:1802.03426},
  eprint = {1802.03426},
  primaryclass = {stat},
  archiveprefix = {arXiv}
}

@inproceedings{ngSpectralClusteringAnalysis2001,
  title = {On {{Spectral Clustering}}: {{Analysis}} and an Algorithm},
  booktitle = {Advances in {{Neural Information Processing Systems}}},
  author = {Ng, Andrew and Jordan, Michael and Weiss, Yair},
  year = {2001},
  volume = {14},
  publisher = {MIT Press}
}

@inproceedings{pachitariuFastAccurateSpike2016,
  title = {Fast and Accurate Spike Sorting of High-Channel Count Probes with {{KiloSort}}},
  booktitle = {Advances in {{Neural Information Processing Systems}}},
  author = {Pachitariu, Marius and Steinmetz, Nicholas A and Kadir, Shabnam N and Carandini, Matteo and Harris, Kenneth D},
  year = {2016},
  volume = {29},
  publisher = {Curran Associates, Inc.}
}

@article{pachitariuSpikeSortingKilosort42024,
  title = {Spike Sorting with {{Kilosort4}}},
  author = {Pachitariu, Marius and Sridhar, Shashwat and Pennington, Jacob and Stringer, Carsen},
  year = {2024},
  journal = {Nature Methods},
  volume = {21},
  number = {5},
  pages = {914--921},
  publisher = {Nature Publishing Group}
}

@article{park128ChannelFPGABasedRealTime2017,
  title = {A 128-{{Channel FPGA-Based Real-Time Spike-Sorting Bidirectional Closed-Loop Neural Interface System}}},
  author = {Park, Jongkil and Kim, Gookhwa and Jung, Sang-Don},
  year = {2017},
  journal = {IEEE Transactions on Neural Systems and Rehabilitation Engineering},
  volume = {25},
  number = {12},
  pages = {2227--2238}
}

@article{quianquirogaExtractingInformationNeuronal2009,
  title = {Extracting Information from Neuronal Populations: Information Theory and Decoding Approaches},
  author = {Quian Quiroga, Rodrigo and Panzeri, Stefano},
  year = {2009},
  journal = {Nature Reviews Neuroscience},
  volume = {10},
  number = {3},
  pages = {173--185},
  publisher = {Nature Publishing Group}
}

@article{quirogaUnsupervisedSpikeDetection2004,
  title = {Unsupervised Spike Detection and Sorting with Wavelets and Superparamagnetic Clustering},
  author = {Quiroga, R.Q. and Nadasdy, Z. and {Ben-Shaul}, Y.},
  year = {2004},
  journal = {Neural Computation},
  volume = {16},
  number = {8},
  pages = {1661--1687}
}

@article{rossantSpikeSortingLarge2016,
  title = {Spike Sorting for Large, Dense Electrode Arrays},
  author = {Rossant, Cyrille and Kadir, Shabnam N. and Goodman, Dan F. M. and Schulman, John and Hunter, Maximilian L. D. and Saleem, Aman B. and Grosmark, Andres and Belluscio, Mariano and Denfield, George H. and Ecker, Alexander S. and Tolias, Andreas S. and Solomon, Samuel and Buzsáki, György and Carandini, Matteo and Harris, Kenneth D.},
  year = {2016},
  journal = {Nature Neuroscience},
  volume = {19},
  number = {4},
  pages = {634--641},
  publisher = {Nature Publishing Group}
}

@inproceedings{sarkarAdvancedSpikeSorting2024,
  title = {Advanced {{Spike Sorting Approaches}} in {{Implantable VLSI Wireless Brain Computer Interfaces}}: {{A Survey}}},
  booktitle = {2024 {{IEEE Region}} 10 {{Symposium}} ({{TENSYMP}})},
  author = {Sarkar, Soujatya},
  year = {2024},
  pages = {1--7}
}

@inproceedings{schroffFaceNetUnifiedEmbedding2015,
  title = {{{FaceNet}}: {{A}} Unified Embedding for Face Recognition and Clustering},
  booktitle = {2015 {{IEEE Conference}} on {{Computer Vision}} and {{Pattern Recognition}} ({{CVPR}})},
  author = {Schroff, Florian and Kalenichenko, Dmitry and Philbin, James},
  year = {2015},
  pages = {815--823}
}

@article{sibilleHighdensityElectrodeRecordings2022,
  title = {High-Density Electrode Recordings Reveal Strong and Specific Connections between Retinal Ganglion Cells and Midbrain Neurons},
  author = {Sibille, Jérémie and Gehr, Carolin and Benichov, Jonathan I. and Balasubramanian, Hymavathy and Teh, Kai Lun and Lupashina, Tatiana and Vallentin, Daniela and Kremkow, Jens},
  year = {2022},
  journal = {Nature Communications},
  volume = {13},
  number = {1},
  pages = {5218},
  publisher = {Nature Publishing Group}
}

@article{steinmetzNeuropixels20Miniaturized2021a,
  title = {Neuropixels 2.0: {{A}} Miniaturized High-Density Probe for Stable, Long-Term Brain Recordings},
  author = {Steinmetz, Nicholas A. and Aydin, Cagatay and Lebedeva, Anna and Okun, Michael and Pachitariu, Marius and Bauza, Marius and Beau, Maxime and Bhagat, Jai and Böhm, Claudia and Broux, Martijn and Chen, Susu and Colonell, Jennifer and Gardner, Richard J. and Karsh, Bill and Kloosterman, Fabian and Kostadinov, Dimitar and {Mora-Lopez}, Carolina and O’Callaghan, John and Park, Junchol and Putzeys, Jan and Sauerbrei, Britton and {van Daal}, Rik J. J. and Vollan, Abraham Z. and Wang, Shiwei and Welkenhuysen, Marleen and Ye, Zhiwen and Dudman, Joshua T. and Dutta, Barundeb and Hantman, Adam W. and Harris, Kenneth D. and Lee, Albert K. and Moser, Edvard I. and O’Keefe, John and Renart, Alfonso and Svoboda, Karel and Häusser, Michael and Haesler, Sebastian and Carandini, Matteo and Harris, Timothy D.},
  year = {2021},
  journal = {Science},
  volume = {372},
  number = {6539},
  pages = {eabf4588}
}

@article{teetersNeurodataBordersCreating2015,
  title = {Neurodata {{Without Borders}}: {{Creating}} a {{Common Data Format}} for {{Neurophysiology}}},
  author = {Teeters, Jeffery L. and Godfrey, Keith and Young, Rob and Dang, Chinh and Friedsam, Claudia and Wark, Barry and Asari, Hiroki and Peron, Simon and Li, Nuo and Peyrache, Adrien and Denisov, Gennady and Siegle, Joshua H. and Olsen, Shawn R. and Martin, Christopher and Chun, Miyoung and Tripathy, Shreejoy and Blanche, Timothy J. and Harris, Kenneth and Buzsáki, György and Koch, Christof and Meister, Markus and Svoboda, Karel and Sommer, Friedrich T.},
  year = {2015},
  journal = {Neuron},
  volume = {88},
  number = {4},
  pages = {629--634},
  publisher = {Elsevier}
}

@inproceedings{urzayDetectingChangePoints2023,
  title = {Detecting Change Points in Neural Population Activity with Contrastive Metric Learning},
  booktitle = {2023 11th {{International IEEE}}/{{EMBS Conference}} on {{Neural Engineering}} ({{NER}})},
  author = {Urzay, Carolina and Ahad, Nauman and Azabou, Mehdi and Schneider, Aidan and Atamkuri, Geethika and Hengen, Keith B. and Dyer, Eva L.},
  year = {2023},
  pages = {1--4}
}

@inproceedings{vaswaniAttentionAllYou2017,
  title = {Attention Is All You Need},
  booktitle = {Proceedings of the 31st {{International Conference}} on {{Neural Information Processing Systems}}},
  author = {Vaswani, Ashish and Shazeer, Noam and Parmar, Niki and Uszkoreit, Jakob and Jones, Llion and Gomez, Aidan N. and Kaiser, Lukasz and Polosukhin, Illia},
  year = {2017},
  series = {{{NIPS}}'17},
  pages = {6000--6010},
  publisher = {Curran Associates Inc.},
  address = {Red Hook, NY, USA},
  isbn = {978-1-5108-6096-4}
}

@article{veerabhadrappaCompatibilityEvaluationClustering2020,
  title = {Compatibility {{Evaluation}} of {{Clustering Algorithms}} for {{Contemporary Extracellular Neural Spike Sorting}}},
  author = {Veerabhadrappa, Rakesh and Ul Hassan, Masood and Zhang, James and Bhatti, Asim},
  year = {2020},
  journal = {Frontiers in Systems Neuroscience},
  volume = {14},
  publisher = {Frontiers}
}

@inproceedings{vishnubhotlaRobustGeneralizableRepresentations2023,
  title = {Towards Robust and Generalizable Representations of Extracellular Data Using Contrastive Learning},
  booktitle = {Thirty-Seventh {{Conference}} on {{Neural Information Processing Systems}}},
  author = {Vishnubhotla, Ankit and Loh, Charlotte and Srivastava, Akash and Paninski, Liam and Hurwitz, Cole Lincoln},
  year = {2023}
}

@inproceedings{wuLearningSortFewshot2019,
  title = {Learning to {{Sort}}: {{Few-shot Spike Sorting}} with {{Adversarial Representation Learning}}},
  booktitle = {2019 41st {{Annual International Conference}} of the {{IEEE Engineering}} in {{Medicine}} and {{Biology Society}} ({{EMBC}})},
  author = {Wu, Tong and Rátkai, Anikó and Schlett, Katalin and Grand, László and Yang, Zhi},
  year = {2019},
  pages = {713--716}
}

@article{ygerSpikeSortingToolbox2018,
  title = {A Spike Sorting Toolbox for up to Thousands of Electrodes Validated with Ground Truth Recordings in Vitro and in Vivo},
  author = {Yger, Pierre and Spampinato, Giulia LB and Esposito, Elric and Lefebvre, Baptiste and Deny, Stéphane and Gardella, Christophe and Stimberg, Marcel and Jetter, Florian and Zeck, Guenther and Picaud, Serge and Duebel, Jens and Marre, Olivier},
  editor = {Kleinfeld, David},
  year = {2018},
  journal = {eLife},
  volume = {7},
  pages = {e34518},
  publisher = {eLife Sciences Publications, Ltd}
}

@article{yuVivoCelltypeBrain2024,
  title = {In Vivo Cell-Type and Brain Region Classification via Multimodal Contrastive Learning},
  author = {Yu, Han and Lyu, Hanrui and Xu, Ethan Yixun and Windolf, Charlie and Lee, Eric Kenji and Yang, Fan and Shelton, Andrew M. and Olsen, Shawn and Minavi, Sahar and Winter, Olivier and Laboratory, International Brain and Dyer, Eva L. and Chandrasekaran, Chandramouli and Steinmetz, Nicholas A. and Paninski, Liam and Hurwitz, Cole},
  year = {2024},
  journal = {bioRxiv Preprint},
  pages = {2024.11.05.622159},
  chapter = {New Results}
}

@article{zhaoUltraflexibleElectrodeArrays2023,
  title = {Ultraflexible Electrode Arrays for Months-Long High-Density Electrophysiological Mapping of Thousands of Neurons in Rodents},
  author = {Zhao, Zhengtuo and Zhu, Hanlin and Li, Xue and Sun, Liuyang and He, Fei and Chung, Jason E. and Liu, Daniel F. and Frank, Loren and Luan, Lan and Xie, Chong},
  year = {2023},
  journal = {Nature Biomedical Engineering},
  volume = {7},
  number = {4},
  pages = {520--532},
  publisher = {Nature Publishing Group}
}
