@inproceedings{cao2022sampling,
  title={Sampling is all you need on modeling long-term user behaviors for CTR prediction},
  author={Cao, Yue and Zhou, Xiaojiang and Feng, Jiaqi and Huang, Peihao and Xiao, Yao and Chen, Dayao and Chen, Sheng},
  booktitle={Proceedings of the 31st ACM International Conference on Information \& Knowledge Management},
  pages={2974--2983},
  year={2022}
}

@inproceedings{chang2023twin,
  title={TWIN: TWo-stage interest network for lifelong user behavior modeling in CTR prediction at kuaishou},
  author={Chang, Jianxin and Zhang, Chenbin and Fu, Zhiyi and Zang, Xiaoxue and Guan, Lin and Lu, Jing and Hui, Yiqun and Leng, Dewei and Niu, Yanan and Song, Yang and others},
  booktitle={Proceedings of the 29th ACM SIGKDD Conference on Knowledge Discovery and Data Mining},
  pages={3785--3794},
  year={2023}
}

@article{chen2021end,
  title={End-to-end user behavior retrieval in click-through rateprediction model},
  author={Chen, Qiwei and Pei, Changhua and Lv, Shanshan and Li, Chao and Ge, Junfeng and Ou, Wenwu},
  journal={arXiv preprint arXiv:2108.04468},
  year={2021}
}

@article{chen2024hllm,
  title={Hllm: Enhancing sequential recommendations via hierarchical large language models for item and user modeling},
  author={Chen, Junyi and Chi, Lu and Peng, Bingyue and Yuan, Zehuan},
  journal={arXiv preprint arXiv:2409.12740},
  year={2024}
}

@article{doddapaneni2024user,
  title={User Embedding Model for Personalized Language Prompting},
  author={Doddapaneni, Sumanth and Sayana, Krishna and Jash, Ambarish and Sodhi, Sukhdeep and Kuzmin, Dima},
  journal={arXiv preprint arXiv:2401.04858},
  year={2024}
}

@article{feng2019dsin,
  title={Deep session interest network for click-through rate prediction},
  author={Feng, Yufei and Lv, Fuyu and Shen, Weichen and Wang, Menghan and Sun, Fei and Zhu, Yu and Yang, Keping},
  journal={arXiv preprint arXiv:1905.06482},
  year={2019}
}

@inproceedings{hidasi2018gru4rec,
  title={Recurrent neural networks with top-k gains for session-based recommendations},
  author={Hidasi, Bal{\'a}zs and Karatzoglou, Alexandros},
  booktitle={Proceedings of the 27th ACM international conference on information and knowledge management},
  pages={843--852},
  year={2018}
}

@inproceedings{kang2018self,
  title={Self-attentive sequential recommendation},
  author={Kang, Wang-Cheng and McAuley, Julian},
  booktitle={2018 IEEE international conference on data mining (ICDM)},
  pages={197--206},
  year={2018},
  organization={IEEE}
}

@inproceedings{lee2022autoregressive,
  title={Autoregressive image generation using residual quantization},
  author={Lee, Doyup and Kim, Chiheon and Kim, Saehoon and Cho, Minsu and Han, Wook-Shin},
  booktitle={Proceedings of the IEEE/CVF Conference on Computer Vision and Pattern Recognition},
  pages={11523--11532},
  year={2022}
}

@inproceedings{pi2019mimn,
  title={Practice on long sequential user behavior modeling for click-through rate prediction},
  author={Pi, Qi and Bian, Weijie and Zhou, Guorui and Zhu, Xiaoqiang and Gai, Kun},
  booktitle={Proceedings of the 25th ACM SIGKDD International Conference on Knowledge Discovery \& Data Mining},
  pages={2671--2679},
  year={2019}
}

@inproceedings{pi2020search,
  title={Search-based user interest modeling with lifelong sequential behavior data for click-through rate prediction},
  author={Pi, Qi and Zhou, Guorui and Zhang, Yujing and Wang, Zhe and Ren, Lejian and Fan, Ying and Zhu, Xiaoqiang and Gai, Kun},
  booktitle={Proceedings of the 29th ACM International Conference on Information \& Knowledge Management},
  pages={2685--2692},
  year={2020}
}

@article{rajput2023recommender,
  title={Recommender systems with generative retrieval},
  author={Rajput, Shashank and Mehta, Nikhil and Singh, Anima and Hulikal Keshavan, Raghunandan and Vu, Trung and Heldt, Lukasz and Hong, Lichan and Tay, Yi and Tran, Vinh and Samost, Jonah and others},
  journal={Advances in Neural Information Processing Systems},
  volume={36},
  pages={10299--10315},
  year={2023}
}

@inproceedings{sun2019bert4rec,
  title={BERT4Rec: Sequential recommendation with bidirectional encoder representations from transformer},
  author={Sun, Fei and Liu, Jun and Wu, Jian and Pei, Changhua and Lin, Xiao and Ou, Wenwu and Jiang, Peng},
  booktitle={Proceedings of the 28th ACM international conference on information and knowledge management},
  pages={1441--1450},
  year={2019}
}

@inproceedings{waswani2017transformer,
  title={Attention is all you need},
  author={Waswani, A and Shazeer, N and Parmar, N and Uszkoreit, J and Jones, L and Gomez, A and Kaiser, L and Polosukhin, I},
  booktitle={NIPS},
  year={2017}
}

@inproceedings{wu2017recurrent,
  title={Recurrent recommender networks},
  author={Wu, Chao-Yuan and Ahmed, Amr and Beutel, Alex and Smola, Alexander J and Jing, How},
  booktitle={Proceedings of the tenth ACM international conference on web search and data mining},
  pages={495--503},
  year={2017}
}

@article{yang2024item,
  title={Item-Language Model for Conversational Recommendation},
  author={Yang, Li and Subbiah, Anushya and Patel, Hardik and Li, Judith Yue and Song, Yanwei and Mirghaderi, Reza and Aggarwal, Vikram},
  journal={arXiv preprint arXiv:2406.02844},
  year={2024}
}

@InProceedings{zhai24hstu,
  title = 	 {Actions Speak Louder than Words: Trillion-Parameter Sequential Transducers for Generative Recommendations},
  author =       {Zhai, Jiaqi and Liao, Lucy and Liu, Xing and Wang, Yueming and Li, Rui and Cao, Xuan and Gao, Leon and Gong, Zhaojie and Gu, Fangda and He, Jiayuan and Lu, Yinghai and Shi, Yu},
  booktitle = 	 {Proceedings of the 41st International Conference on Machine Learning},
  pages = 	 {58484--58509},
  year = 	 {2024},
  volume = 	 {235},
  series = 	 {Proceedings of Machine Learning Research},
  month = 	 {21--27 Jul},
  publisher =    {PMLR}
}

@inproceedings{zhou2018din,
  title={Deep interest network for click-through rate prediction},
  author={Zhou, Guorui and Zhu, Xiaoqiang and Song, Chenru and Fan, Ying and Zhu, Han and Ma, Xiao and Yan, Yanghui and Jin, Junqi and Li, Han and Gai, Kun},
  booktitle={Proceedings of the 24th ACM SIGKDD international conference on knowledge discovery \& data mining},
  pages={1059--1068},
  year={2018}
}

@inproceedings{zhou2019dien,
  title={Deep interest evolution network for click-through rate prediction},
  author={Zhou, Guorui and Mou, Na and Fan, Ying and Pi, Qi and Bian, Weijie and Zhou, Chang and Zhu, Xiaoqiang and Gai, Kun},
  booktitle={Proceedings of the AAAI conference on artificial intelligence},
  volume={33},
  number={01},
  pages={5941--5948},
  year={2019}
}

