@InProceedings{zhai24hstu,
  title = 	 {Actions Speak Louder than Words: Trillion-Parameter Sequential Transducers for Generative Recommendations},
  author =       {Zhai, Jiaqi and Liao, Lucy and Liu, Xing and Wang, Yueming and Li, Rui and Cao, Xuan and Gao, Leon and Gong, Zhaojie and Gu, Fangda and He, Jiayuan and Lu, Yinghai and Shi, Yu},
  booktitle = 	 {Proceedings of the 41st International Conference on Machine Learning},
  pages = 	 {58484--58509},
  year = 	 {2024},
  volume = 	 {235},
  series = 	 {Proceedings of Machine Learning Research},
  month = 	 {21--27 Jul},
  publisher =    {PMLR}
}

@inproceedings{dallmann2021case,
  title={A case study on sampling strategies for evaluating neural sequential item recommendation models},
  author={Dallmann, Alexander and Zoller, Daniel and Hotho, Andreas},
  booktitle={Proceedings of the 15th ACM Conference on Recommender Systems},
  pages={505--514},
  year={2021}
}

@inproceedings{zhai2023revisiting,
  title={Revisiting Neural Retrieval on Accelerators},
  author={Zhai, Jiaqi and Gong, Zhaojie and Wang, Yueming and Sun, Xiao and Yan, Zheng and Li, Fu and Liu, Xing},
  booktitle={Proceedings of the 29th ACM SIGKDD Conference on Knowledge Discovery and Data Mining},
  pages={5520--5531},
  year={2023}
}

@inproceedings{klenitskiy2023turning,
  title={Turning Dross Into Gold Loss: is BERT4Rec really better than SASRec?},
  author={Klenitskiy, Anton and Vasilev, Alexey},
  booktitle={Proceedings of the 17th ACM Conference on Recommender Systems},
  pages={1120--1125},
  year={2023}
}

@inproceedings{kang2018self,
  title={Self-attentive sequential recommendation},
  author={Kang, Wang-Cheng and McAuley, Julian},
  booktitle={2018 IEEE international conference on data mining (ICDM)},
  pages={197--206},
  year={2018},
  organization={IEEE}
}

@inproceedings{sun2019bert4rec,
  title={BERT4Rec: Sequential recommendation with bidirectional encoder representations from transformer},
  author={Sun, Fei and Liu, Jun and Wu, Jian and Pei, Changhua and Lin, Xiao and Ou, Wenwu and Jiang, Peng},
  booktitle={Proceedings of the 28th ACM international conference on information and knowledge management},
  pages={1441--1450},
  year={2019}
}

@inproceedings{tang2018personalized,
  title={Personalized top-n sequential recommendation via convolutional sequence embedding},
  author={Tang, Jiaxi and Wang, Ke},
  booktitle={Proceedings of the eleventh ACM international conference on web search and data mining},
  pages={565--573},
  year={2018}
}

@article{liu2024recflow,
  title={RecFlow: An Industrial Full Flow Recommendation Dataset},
  author={Liu, Qi and Zheng, Kai and Huang, Rui and Li, Wuchao and Cai, Kuo and Chai, Yuan and Niu, Yanan and Hui, Yiqun and Han, Bing and Mou, Na and others},
  journal={arXiv preprint arXiv:2410.20868},
  year={2024}
}

@inproceedings{hidasi2018gru4rec,
  title={Recurrent neural networks with top-k gains for session-based recommendations},
  author={Hidasi, Bal{\'a}zs and Karatzoglou, Alexandros},
  booktitle={Proceedings of the 27th ACM international conference on information and knowledge management},
  pages={843--852},
  year={2018}
}

@inproceedings{mcauley2015amazon,
  title={Image-based recommendations on styles and substitutes},
  author={McAuley, Julian and Targett, Christopher and Shi, Qinfeng and Van Den Hengel, Anton},
  booktitle={Proceedings of the 38th international ACM SIGIR conference on research and development in information retrieval},
  pages={43--52},
  year={2015}
}

@article{harper2015movielens,
  title={The movielens datasets: History and context},
  author={Harper, F Maxwell and Konstan, Joseph A},
  journal={Acm transactions on interactive intelligent systems (tiis)},
  volume={5},
  number={4},
  pages={1--19},
  year={2015},
  publisher={Acm New York, NY, USA}
}


@article{radford2019gpt2,
  title={Language models are unsupervised multitask learners},
  author={Radford, Alec and Wu, Jeffrey and Child, Rewon and Luan, David and Amodei, Dario and Sutskever, Ilya and others},
  journal={OpenAI blog},
  volume={1},
  number={8},
  pages={9},
  year={2019}
}

@article{radford2018gpt1,
  title={Improving language understanding by generative pre-training},
  author={Radford, Alec},
  year={2018}
}

@article{achiam2023gpt4,
  title={Gpt-4 technical report},
  author={Achiam, Josh and Adler, Steven and Agarwal, Sandhini and Ahmad, Lama and Akkaya, Ilge and Aleman, Florencia Leoni and Almeida, Diogo and Altenschmidt, Janko and Altman, Sam and Anadkat, Shyamal and others},
  journal={arXiv preprint arXiv:2303.08774},
  year={2023}
}

@article{brown2020gpt3,
  title={Language models are few-shot learners},
  author={Brown, Tom and Mann, Benjamin and Ryder, Nick and Subbiah, Melanie and Kaplan, Jared D and Dhariwal, Prafulla and Neelakantan, Arvind and Shyam, Pranav and Sastry, Girish and Askell, Amanda and others},
  journal={Advances in neural information processing systems},
  volume={33},
  pages={1877--1901},
  year={2020}
}

@article{ouyang2022training,
  title={Training language models to follow instructions with human feedback},
  author={Ouyang, Long and Wu, Jeffrey and Jiang, Xu and Almeida, Diogo and Wainwright, Carroll and Mishkin, Pamela and Zhang, Chong and Agarwal, Sandhini and Slama, Katarina and Ray, Alex and others},
  journal={Advances in neural information processing systems},
  volume={35},
  pages={27730--27744},
  year={2022}
}

@article{wei2021finetuned,
  title={Finetuned language models are zero-shot learners},
  author={Wei, Jason and Bosma, Maarten and Zhao, Vincent Y and Guu, Kelvin and Yu, Adams Wei and Lester, Brian and Du, Nan and Dai, Andrew M and Le, Quoc V},
  journal={arXiv preprint arXiv:2109.01652},
  year={2021}
}

@article{kaplan2020scaling,
  title={Scaling laws for neural language models},
  author={Kaplan, Jared and McCandlish, Sam and Henighan, Tom and Brown, Tom B and Chess, Benjamin and Child, Rewon and Gray, Scott and Radford, Alec and Wu, Jeffrey and Amodei, Dario},
  journal={arXiv preprint arXiv:2001.08361},
  year={2020}
}

@inproceedings{cheng2016wide,
  title={Wide \& deep learning for recommender systems},
  author={Cheng, Heng-Tze and Koc, Levent and Harmsen, Jeremiah and Shaked, Tal and Chandra, Tushar and Aradhye, Hrishi and Anderson, Glen and Corrado, Greg and Chai, Wei and Ispir, Mustafa and others},
  booktitle={Proceedings of the 1st workshop on deep learning for recommender systems},
  pages={7--10},
  year={2016}
}

@inproceedings{lian2018xdeepfm,
  title={xdeepfm: Combining explicit and implicit feature interactions for recommender systems},
  author={Lian, Jianxun and Zhou, Xiaohuan and Zhang, Fuzheng and Chen, Zhongxia and Xie, Xing and Sun, Guangzhong},
  booktitle={Proceedings of the 24th ACM SIGKDD international conference on knowledge discovery \& data mining},
  pages={1754--1763},
  year={2018}
}

@inproceedings{song2019autoint,
  title={Autoint: Automatic feature interaction learning via self-attentive neural networks},
  author={Song, Weiping and Shi, Chence and Xiao, Zhiping and Duan, Zhijian and Xu, Yewen and Zhang, Ming and Tang, Jian},
  booktitle={Proceedings of the 28th ACM international conference on information and knowledge management},
  pages={1161--1170},
  year={2019}
}

@inproceedings{liu2021swin,
  title={Swin transformer: Hierarchical vision transformer using shifted windows},
  author={Liu, Ze and Lin, Yutong and Cao, Yue and Hu, Han and Wei, Yixuan and Zhang, Zheng and Lin, Stephen and Guo, Baining},
  booktitle={Proceedings of the IEEE/CVF international conference on computer vision},
  pages={10012--10022},
  year={2021}
}

@article{dosovitskiy2020image,
  title={An image is worth 16x16 words: Transformers for image recognition at scale},
  author={Dosovitskiy, Alexey},
  journal={arXiv preprint arXiv:2010.11929},
  year={2020}
}

@inproceedings{waswani2017transformer,
  title={Attention is all you need},
  author={Waswani, A and Shazeer, N and Parmar, N and Uszkoreit, J and Jones, L and Gomez, A and Kaiser, L and Polosukhin, I},
  booktitle={NIPS},
  year={2017}
}

@article{chung2014gru,
  title={Empirical evaluation of gated recurrent neural networks on sequence modeling},
  author={Chung, Junyoung and Gulcehre, Caglar and Cho, KyungHyun and Bengio, Yoshua},
  journal={arXiv preprint arXiv:1412.3555},
  year={2014}
}

@article{yu2019review,
  title={A review of recurrent neural networks: LSTM cells and network architectures},
  author={Yu, Yong and Si, Xiaosheng and Hu, Changhua and Zhang, Jianxun},
  journal={Neural computation},
  volume={31},
  number={7},
  pages={1235--1270},
  year={2019},
  publisher={MIT Press One Rogers Street, Cambridge, MA 02142-1209, USA journals-info~â€¦}
}

@inproceedings{liu1998integrating,
  title={Integrating classification and association rule mining},
  author={Liu, Bing and Hsu, Wynne and Ma, Yiming},
  booktitle={Proceedings of the fourth international conference on knowledge discovery and data mining},
  pages={80--86},
  year={1998}
}

@article{zhang1996birch,
  title={BIRCH: an efficient data clustering method for very large databases},
  author={Zhang, Tian and Ramakrishnan, Raghu and Livny, Miron},
  journal={ACM sigmod record},
  volume={25},
  number={2},
  pages={103--114},
  year={1996},
  publisher={ACM New York, NY, USA}
}

@article{malkov2018ann,
  title={Efficient and robust approximate nearest neighbor search using hierarchical navigable small world graphs},
  author={Malkov, Yu A and Yashunin, Dmitry A},
  journal={IEEE transactions on pattern analysis and machine intelligence},
  volume={42},
  number={4},
  pages={824--836},
  year={2018},
  publisher={IEEE}
}

@inproceedings{zhou2018din,
  title={Deep interest network for click-through rate prediction},
  author={Zhou, Guorui and Zhu, Xiaoqiang and Song, Chenru and Fan, Ying and Zhu, Han and Ma, Xiao and Yan, Yanghui and Jin, Junqi and Li, Han and Gai, Kun},
  booktitle={Proceedings of the 24th ACM SIGKDD international conference on knowledge discovery \& data mining},
  pages={1059--1068},
  year={2018}
}

@inproceedings{zhou2019dien,
  title={Deep interest evolution network for click-through rate prediction},
  author={Zhou, Guorui and Mou, Na and Fan, Ying and Pi, Qi and Bian, Weijie and Zhou, Chang and Zhu, Xiaoqiang and Gai, Kun},
  booktitle={Proceedings of the AAAI conference on artificial intelligence},
  volume={33},
  number={01},
  pages={5941--5948},
  year={2019}
}

@article{feng2019dsin,
  title={Deep session interest network for click-through rate prediction},
  author={Feng, Yufei and Lv, Fuyu and Shen, Weichen and Wang, Menghan and Sun, Fei and Zhu, Yu and Yang, Keping},
  journal={arXiv preprint arXiv:1905.06482},
  year={2019}
}


@inproceedings{pi2020search,
  title={Search-based user interest modeling with lifelong sequential behavior data for click-through rate prediction},
  author={Pi, Qi and Zhou, Guorui and Zhang, Yujing and Wang, Zhe and Ren, Lejian and Fan, Ying and Zhu, Xiaoqiang and Gai, Kun},
  booktitle={Proceedings of the 29th ACM International Conference on Information \& Knowledge Management},
  pages={2685--2692},
  year={2020}
}

@article{chen2021end,
  title={End-to-end user behavior retrieval in click-through rateprediction model},
  author={Chen, Qiwei and Pei, Changhua and Lv, Shanshan and Li, Chao and Ge, Junfeng and Ou, Wenwu},
  journal={arXiv preprint arXiv:2108.04468},
  year={2021}
}

@inproceedings{cao2022sampling,
  title={Sampling is all you need on modeling long-term user behaviors for CTR prediction},
  author={Cao, Yue and Zhou, Xiaojiang and Feng, Jiaqi and Huang, Peihao and Xiao, Yao and Chen, Dayao and Chen, Sheng},
  booktitle={Proceedings of the 31st ACM International Conference on Information \& Knowledge Management},
  pages={2974--2983},
  year={2022}
}

@inproceedings{chang2023twin,
  title={TWIN: TWo-stage interest network for lifelong user behavior modeling in CTR prediction at kuaishou},
  author={Chang, Jianxin and Zhang, Chenbin and Fu, Zhiyi and Zang, Xiaoxue and Guan, Lin and Lu, Jing and Hui, Yiqun and Leng, Dewei and Niu, Yanan and Song, Yang and others},
  booktitle={Proceedings of the 29th ACM SIGKDD Conference on Knowledge Discovery and Data Mining},
  pages={3785--3794},
  year={2023}
}


@inproceedings{wu2017recurrent,
  title={Recurrent recommender networks},
  author={Wu, Chao-Yuan and Ahmed, Amr and Beutel, Alex and Smola, Alexander J and Jing, How},
  booktitle={Proceedings of the tenth ACM international conference on web search and data mining},
  pages={495--503},
  year={2017}
}

@inproceedings{lee2022autoregressive,
  title={Autoregressive image generation using residual quantization},
  author={Lee, Doyup and Kim, Chiheon and Kim, Saehoon and Cho, Minsu and Han, Wook-Shin},
  booktitle={Proceedings of the IEEE/CVF Conference on Computer Vision and Pattern Recognition},
  pages={11523--11532},
  year={2022}
}

@article{rajput2023recommender,
  title={Recommender systems with generative retrieval},
  author={Rajput, Shashank and Mehta, Nikhil and Singh, Anima and Hulikal Keshavan, Raghunandan and Vu, Trung and Heldt, Lukasz and Hong, Lichan and Tay, Yi and Tran, Vinh and Samost, Jonah and others},
  journal={Advances in Neural Information Processing Systems},
  volume={36},
  pages={10299--10315},
  year={2023}
}

@article{doddapaneni2024user,
  title={User Embedding Model for Personalized Language Prompting},
  author={Doddapaneni, Sumanth and Sayana, Krishna and Jash, Ambarish and Sodhi, Sukhdeep and Kuzmin, Dima},
  journal={arXiv preprint arXiv:2401.04858},
  year={2024}
}


@article{yang2024item,
  title={Item-Language Model for Conversational Recommendation},
  author={Yang, Li and Subbiah, Anushya and Patel, Hardik and Li, Judith Yue and Song, Yanwei and Mirghaderi, Reza and Aggarwal, Vikram},
  journal={arXiv preprint arXiv:2406.02844},
  year={2024}
}


@article{chen2024hllm,
  title={Hllm: Enhancing sequential recommendations via hierarchical large language models for item and user modeling},
  author={Chen, Junyi and Chi, Lu and Peng, Bingyue and Yuan, Zehuan},
  journal={arXiv preprint arXiv:2409.12740},
  year={2024}
}


@article{johnson2019billion,
  title={Billion-scale similarity search with {GPUs}},
  author={Johnson, Jeff and Douze, Matthijs and J{\'e}gou, Herv{\'e}},
  journal={IEEE Transactions on Big Data},
  volume={7},
  number={3},
  pages={535--547},
  year={2019},
  publisher={IEEE}
}


@inproceedings{pi2019mimn,
  title={Practice on long sequential user behavior modeling for click-through rate prediction},
  author={Pi, Qi and Bian, Weijie and Zhou, Guorui and Zhu, Xiaoqiang and Gai, Kun},
  booktitle={Proceedings of the 25th ACM SIGKDD International Conference on Knowledge Discovery \& Data Mining},
  pages={2671--2679},
  year={2019}
}