% Use this file for citations not found in the ACL Anthology (contained in "anthology.bib").

@article{geman2015visual,
  title={Visual turing test for computer vision systems},
  author={Geman, Donald and Geman, Stuart and Hallonquist, Neil and Younes, Laurent},
  journal={Proceedings of the National Academy of Sciences},
  volume={112},
  number={12},
  pages={3618--3623},
  year={2015},
  publisher={National Acad Sciences}
}
@article{li2024llava,
  title={Llava-onevision: Easy visual task transfer},
  author={Li, Bo and Zhang, Yuanhan and Guo, Dong and Zhang, Renrui and Li, Feng and Zhang, Hao and Zhang, Kaichen and Zhang, Peiyuan and Li, Yanwei and Liu, Ziwei and others},
  journal={arXiv preprint arXiv:2408.03326},
  year={2024}
}
@article{wu2024deepseek,
  title={Deepseek-vl2: Mixture-of-experts vision-language models for advanced multimodal understanding},
  author={Wu, Zhiyu and Chen, Xiaokang and Pan, Zizheng and Liu, Xingchao and Liu, Wen and Dai, Damai and Gao, Huazuo and Ma, Yiyang and Wu, Chengyue and Wang, Bingxuan and others},
  journal={arXiv preprint arXiv:2412.10302},
  year={2024}
}
@article{wang2024qwen2,
  title={Qwen2-vl: Enhancing vision-language model's perception of the world at any resolution},
  author={Wang, Peng and Bai, Shuai and Tan, Sinan and Wang, Shijie and Fan, Zhihao and Bai, Jinze and Chen, Keqin and Liu, Xuejing and Wang, Jialin and Ge, Wenbin and others},
  journal={arXiv preprint arXiv:2409.12191},
  year={2024}
}
@inproceedings{chen2024internvl,
  title={Internvl: Scaling up vision foundation models and aligning for generic visual-linguistic tasks},
  author={Chen, Zhe and Wu, Jiannan and Wang, Wenhai and Su, Weijie and Chen, Guo and Xing, Sen and Zhong, Muyan and Zhang, Qinglong and Zhu, Xizhou and Lu, Lewei and others},
  booktitle={Proceedings of the IEEE/CVF Conference on Computer Vision and Pattern Recognition},
  pages={24185--24198},
  year={2024}
}
@inproceedings{antol2015vqa,
  title={Vqa: Visual question answering},
  author={Antol, Stanislaw and Agrawal, Aishwarya and Lu, Jiasen and Mitchell, Margaret and Batra, Dhruv and Zitnick, C Lawrence and Parikh, Devi},
  booktitle={Proceedings of the IEEE international conference on computer vision},
  pages={2425--2433},
  year={2015}
}

@article{malinowski2014multi,
  title={A multi-world approach to question answering about real-world scenes based on uncertain input},
  author={Malinowski, Mateusz and Fritz, Mario},
  journal={Advances in neural information processing systems},
  volume={27},
  year={2014}
}

@inproceedings{goyal2017making,
  title={Making the v in vqa matter: Elevating the role of image understanding in visual question answering},
  author={Goyal, Yash and Khot, Tejas and Summers-Stay, Douglas and Batra, Dhruv and Parikh, Devi},
  booktitle={Proceedings of the IEEE conference on computer vision and pattern recognition},
  pages={6904--6913},
  year={2017}
}

@inproceedings{johnson2017clevr,
  title={Clevr: A diagnostic dataset for compositional language and elementary visual reasoning},
  author={Johnson, Justin and Hariharan, Bharath and Van Der Maaten, Laurens and Fei-Fei, Li and Lawrence Zitnick, C and Girshick, Ross},
  booktitle={Proceedings of the IEEE conference on computer vision and pattern recognition},
  pages={2901--2910},
  year={2017}
}

@inproceedings{marino2019ok,
  title={Ok-vqa: A visual question answering benchmark requiring external knowledge},
  author={Marino, Kenneth and Rastegari, Mohammad and Farhadi, Ali and Mottaghi, Roozbeh},
  booktitle={Proceedings of the IEEE/cvf conference on computer vision and pattern recognition},
  pages={3195--3204},
  year={2019}
}

@article{wang2015explicit,
  title={Explicit knowledge-based reasoning for visual question answering},
  author={Wang, Peng and Wu, Qi and Shen, Chunhua and Hengel, Anton van den and Dick, Anthony},
  journal={arXiv preprint arXiv:1511.02570},
  year={2015}
}

@article{wang2017fvqa,
  title={Fvqa: Fact-based visual question answering},
  author={Wang, Peng and Wu, Qi and Shen, Chunhua and Dick, Anthony and Van Den Hengel, Anton},
  journal={IEEE transactions on pattern analysis and machine intelligence},
  volume={40},
  number={10},
  pages={2413--2427},
  year={2017},
  publisher={IEEE}
}

@inproceedings{zellers2019recognition,
  title={From recognition to cognition: Visual commonsense reasoning},
  author={Zellers, Rowan and Bisk, Yonatan and Farhadi, Ali and Choi, Yejin},
  booktitle={Proceedings of the IEEE/CVF conference on computer vision and pattern recognition},
  pages={6720--6731},
  year={2019}
}

@article{Wei2024MeasuringSF,
  title={Measuring short-form factuality in large language models},
  author={Jason Wei and Nguyen Karina and Hyung Won Chung and Yunxin Joy Jiao and Spencer Papay and Amelia Glaese and John Schulman and William Fedus},
  journal={ArXiv},
  year={2024},
  volume={abs/2411.04368},
  url={https://api.semanticscholar.org/CorpusID:273877483}
}

@article{he2024chinese,
  title={Chinese simpleqa: A chinese factuality evaluation for large language models},
  author={He, Yancheng and Li, Shilong and Liu, Jiaheng and Tan, Yingshui and Wang, Weixun and Huang, Hui and Bu, Xingyuan and Guo, Hangyu and Hu, Chengwei and Zheng, Boren and others},
  journal={arXiv preprint arXiv:2411.07140},
  year={2024}
}

@article{liu2024visual,
  title={Visual instruction tuning},
  author={Liu, Haotian and Li, Chunyuan and Wu, Qingyang and Lee, Yong Jae},
  journal={Advances in neural information processing systems},
  volume={36},
  year={2024}
}

@inproceedings{liu2025mmbench,
  title={Mmbench: Is your multi-modal model an all-around player?},
  author={Liu, Yuan and Duan, Haodong and Zhang, Yuanhan and Li, Bo and Zhang, Songyang and Zhao, Wangbo and Yuan, Yike and Wang, Jiaqi and He, Conghui and Liu, Ziwei and others},
  booktitle={European conference on computer vision},
  pages={216--233},
  year={2025},
  organization={Springer}
}

@article{yu2023mm,
  title={Mm-vet: Evaluating large multimodal models for integrated capabilities},
  author={Yu, Weihao and Yang, Zhengyuan and Li, Linjie and Wang, Jianfeng and Lin, Kevin and Liu, Zicheng and Wang, Xinchao and Wang, Lijuan},
  journal={arXiv preprint arXiv:2308.02490},
  year={2023}
}

@inproceedings{li2024seed,
  title={SEED-Bench: Benchmarking Multimodal Large Language Models},
  author={Li, Bohao and Ge, Yuying and Ge, Yixiao and Wang, Guangzhi and Wang, Rui and Zhang, Ruimao and Shan, Ying},
  booktitle={Proceedings of the IEEE/CVF Conference on Computer Vision and Pattern Recognition},
  pages={13299--13308},
  year={2024}
}

@inproceedings{yue2024mmmu,
  title={Mmmu: A massive multi-discipline multimodal understanding and reasoning benchmark for expert agi},
  author={Yue, Xiang and Ni, Yuansheng and Zhang, Kai and Zheng, Tianyu and Liu, Ruoqi and Zhang, Ge and Stevens, Samuel and Jiang, Dongfu and Ren, Weiming and Sun, Yuxuan and others},
  booktitle={Proceedings of the IEEE/CVF Conference on Computer Vision and Pattern Recognition},
  pages={9556--9567},
  year={2024}
}

@inproceedings{jain2021select,
  title={Select, substitute, search: A new benchmark for knowledge-augmented visual question answering},
  author={Jain, Aman and Kothyari, Mayank and Kumar, Vishwajeet and Jyothi, Preethi and Ramakrishnan, Ganesh and Chakrabarti, Soumen},
  booktitle={Proceedings of the 44th International ACM SIGIR Conference on Research and Development in Information Retrieval},
  pages={2491--2498},
  year={2021}
}

@inproceedings{schwenk2022okvqa,
  title={A-okvqa: A benchmark for visual question answering using world knowledge},
  author={Schwenk, Dustin and Khandelwal, Apoorv and Clark, Christopher and Marino, Kenneth and Mottaghi, Roozbeh},
  booktitle={European conference on computer vision},
  pages={146--162},
  year={2022},
  organization={Springer}
}

@article{openai2023gpt,
  title={Gpt-4 technical report. arxiv 2303.08774},
  author={OpenAI, R},
  journal={View in Article},
  volume={2},
  number={5},
  year={2023}
}

@article{team2024gemini,
  title={Gemini 1.5: Unlocking multimodal understanding across millions of tokens of context},
  author={Team, Gemini and Georgiev, Petko and Lei, Ving Ian and Burnell, Ryan and Bai, Libin and Gulati, Anmol and Tanzer, Garrett and Vincent, Damien and Pan, Zhufeng and Wang, Shibo and others},
  journal={arXiv preprint arXiv:2403.05530},
  year={2024}
}

@article{bai2023qwen,
  title={Qwen-vl: A versatile vision-language model for understanding, localization, text reading, and beyond},
  author={Bai, Jinze and Bai, Shuai and Yang, Shusheng and Wang, Shijie and Tan, Sinan and Wang, Peng and Lin, Junyang and Zhou, Chang and Zhou, Jingren},
  journal={arXiv preprint arXiv:2308.12966},
  volume={1},
  number={2},
  pages={3},
  year={2023}
}

@article{enis2024llm,
  title={From LLM to NMT: Advancing Low-Resource Machine Translation with Claude},
  author={Enis, Maxim and Hopkins, Mark},
  journal={arXiv preprint arXiv:2404.13813},
  year={2024}
}

@article{zhao2023survey,
  title={A survey of large language models},
  author={Zhao, Wayne Xin and Zhou, Kun and Li, Junyi and Tang, Tianyi and Wang, Xiaolei and Hou, Yupeng and Min, Yingqian and Zhang, Beichen and Zhang, Junjie and Dong, Zican and others},
  journal={arXiv preprint arXiv:2303.18223},
  year={2023}
}

@article{fu2024mme,
  title={Mme-survey: A comprehensive survey on evaluation of multimodal llms},
  author={Fu, Chaoyou and Zhang, Yi-Fan and Yin, Shukang and Li, Bo and Fang, Xinyu and Zhao, Sirui and Duan, Haodong and Sun, Xing and Liu, Ziwei and Wang, Liang and others},
  journal={arXiv preprint arXiv:2411.15296},
  year={2024}
}