@String(PAMI = {IEEE Trans. Pattern Anal. Mach. Intell.})
@String(IJCV = {Int. J. Comput. Vis.})
@String(CVPR= {IEEE Conf. Comput. Vis. Pattern Recog.})
@String(ICCV= {Int. Conf. Comput. Vis.})
@String(ECCV= {Eur. Conf. Comput. Vis.})
@String(NIPS= {Adv. Neural Inform. Process. Syst.})
@String(ICPR = {Int. Conf. Pattern Recog.})
@String(BMVC= {Brit. Mach. Vis. Conf.})
@String(TOG= {ACM Trans. Graph.})
@String(TIP  = {IEEE Trans. Image Process.})
@String(TVCG  = {IEEE Trans. Vis. Comput. Graph.})
@String(TMM  = {IEEE Trans. Multimedia})
@String(ACMMM= {ACM Int. Conf. Multimedia})
@String(ICME = {Int. Conf. Multimedia and Expo})
@String(ICASSP=	{ICASSP})
@String(ICIP = {IEEE Int. Conf. Image Process.})
@String(ACCV  = {ACCV})
@String(ICLR = {Int. Conf. Learn. Represent.})
@String(IJCAI = {IJCAI})
@String(PR   = {Pattern Recognition})
@String(AAAI = {AAAI})
@String(CVPRW= {IEEE Conf. Comput. Vis. Pattern Recog. Worksh.})
@String(CSVT = {IEEE Trans. Circuit Syst. Video Technol.})

@String(SPL	= {IEEE Sign. Process. Letters})
@String(VR   = {Vis. Res.})
@String(JOV	 = {J. Vis.})
@String(TVC  = {The Vis. Comput.})
@String(JCST  = {J. Comput. Sci. Tech.})
@String(CGF  = {Comput. Graph. Forum})
@String(CVM = {Computational Visual Media})


@String(PAMI  = {IEEE TPAMI})
@String(IJCV  = {IJCV})
@String(CVPR  = {CVPR})
@String(ICCV  = {ICCV})
@String(ECCV  = {ECCV})
@String(NIPS  = {NeurIPS})
@String(ICPR  = {ICPR})
@String(BMVC  =	{BMVC})
@String(TOG   = {ACM TOG})
@String(TIP   = {IEEE TIP})
@String(TVCG  = {IEEE TVCG})
@String(TCSVT = {IEEE TCSVT})
@String(TMM   =	{IEEE TMM})
@String(ACMMM = {ACM MM})
@String(ICME  =	{ICME})
@String(ICASSP=	{ICASSP})
@String(ICIP  = {ICIP})
@String(ACCV  = {ACCV})
@String(ICLR  = {ICLR})
@String(IJCAI = {IJCAI})
@String(PR = {PR})
@String(AAAI = {AAAI})
@String(CVPRW= {CVPRW})
@String(CSVT = {IEEE TCSVT})

@article{1,
  title={Historical review of OCR research and development},
  author={Mori, Shunji and Suen, Ching Y and Yamamoto, Kazuhiko},
  journal={Proceedings of the IEEE},
  volume={80},
  number={7},
  pages={1029--1058},
  year={1992},
  publisher={IEEE}
}

@inproceedings{2,
  title={Connectionist temporal classification: labelling unsegmented sequence data with recurrent neural networks},
  author={Graves, Alex and Fern{\'a}ndez, Santiago and Gomez, Faustino and Schmidhuber, J{\"u}rgen},
  booktitle={Proceedings of the 23rd international conference on Machine learning},
  pages={369--376},
  year={2006}
}


@mastersthesis{3,
  title={Batch number of billets recognition system design},
  author={Zhang, Xiaojun},
  year={2009},
  school={Shanghai Jiao Tong University, 2009}
}

@article{4,
  title={Study on steel plate character recognition in iron and steel logistics},
  author={Zhou, Xiao},
  journal={Industrial Control Computer},
  number={2},
  pages={93--94},
  year={2016}
}

@mastersthesis{5,
  title={Study of rolling mill production line of heavy rail steel billet recognition system},
  author={Dong, Bin},
  year={2015},
  school={Wuhan Institute of Technology}
}

@article{6,
  title={Inspection method for steel billet characters based on SVM},
  author={Wu, Di and Jiao, Dongsheng and Zhang, Xiao and Shi, Zhanguo},
  journal={Microcomputer Applications},
  number={10},
  pages={49--51},
  year={2011}
}

@article{7,
  title={Content based image retrieval system using K-means and KNN approach by feature extraction},
  author={Sadiq, MJ and Prof, A and Kaleem, A and others},
  journal={Journal of Peritherapeutic Neuroradiology},
  volume={24},
  number={6},
  pages={643--649},
  year={2018}
}

@article{8,
  title={Unified deep neural networks for end-to-end recognition of multi-oriented billet identification number},
  author={Koo, Gyogwon and Yun, Jong Pil and Choi, Hyeyeon and Kim, Sang Woo},
  journal={Expert Systems with Applications},
  volume={168},
  pages={114377},
  year={2021},
  publisher={Elsevier}
}

@article{9,
  title={Scene text detection and recognition: The deep learning era},
  author={Long, Shangbang and He, Xin and Yao, Cong},
  journal={International Journal of Computer Vision},
  volume={129},
  number={1},
  pages={161--184},
  year={2021},
  publisher={Springer}
}

@inproceedings{10,
  title={Recognition method for handwritten steel billet identification number based on YOLO deep convolutional neural network},
  author={Sun, Qiaojie and Chen, Dali and Wang, Sen and Liu, Shixin},
  booktitle={2020 Chinese Control And Decision Conference (CCDC)},
  pages={5642--5646},
  year={2020},
  organization={IEEE}
}

@inproceedings{11,
  title={Billet number recognition based on ESRGAN and improved YOLOv5},
  author={Wang, Zijia and Dong, Yichao and Niu, Dan and Liu, Minghao and Li, Qi and Chen, Xisong},
  booktitle={2022 37th Youth Academic Annual Conference of Chinese Association of Automation (YAC)},
  pages={1384--1389},
  year={2022},
  organization={IEEE}
}

@article{12,
  title={Automatic recognition of hot spray marking dot-matrix characters for steel-slab industry},
  author={Ge, Junhui and Liu, Licheng and Sun, Junxi and Zhao, Hong and Zhou, Langming and Cheng, Tianle and Xiao, Changyan},
  journal={Journal of Intelligent Manufacturing},
  pages={1--16},
  year={2023},
  publisher={Springer}
}

@article{13,
  title={BDR-Net: digital recognition network for billet surface based on flow alignment and attention mechanism},
  author={Xu, Jinyu and Liu, Yipeng and Liu, Zhitai},
  journal={Signal, Image and Video Processing},
  volume={18},
  number={11},
  pages={7939--7952},
  year={2024},
  publisher={Springer}
}

@inproceedings{14,
  title={Non-local neural networks},
  author={Wang, Xiaolong and Girshick, Ross and Gupta, Abhinav and He, Kaiming},
  booktitle={Proceedings of the IEEE conference on computer vision and pattern recognition},
  pages={7794--7803},
  year={2018}
}

@inproceedings{15,
  title={Test-time training with self-supervision for generalization under distribution shifts},
  author={Sun, Yu and Wang, Xiaolong and Liu, Zhuang and Miller, John and Efros, Alexei and Hardt, Moritz},
  booktitle={International conference on machine learning},
  pages={9229--9248},
  year={2020},
  organization={PMLR}
}

@inproceedings{16,
  title={The norm must go on: Dynamic unsupervised domain adaptation by normalization},
  author={Mirza, M Jehanzeb and Micorek, Jakub and Possegger, Horst and Bischof, Horst},
  booktitle={Proceedings of the IEEE/CVF conference on computer vision and pattern recognition},
  pages={14765--14775},
  year={2022}
}

@article{17,
  title={Tent: Fully test-time adaptation by entropy minimization},
  author={Wang, Dequan and Shelhamer, Evan and Liu, Shaoteng and Olshausen, Bruno and Darrell, Trevor},
  journal={arXiv preprint arXiv:2006.10726},
  year={2020}
}

@article{18,
  title={Towards stable test-time adaptation in dynamic wild world},
  author={Niu, Shuaicheng and Wu, Jiaxiang and Zhang, Yifan and Wen, Zhiquan and Chen, Yaofo and Zhao, Peilin and Tan, Mingkui},
  journal={arXiv preprint arXiv:2302.12400},
  year={2023}
}

@inproceedings{19,
  title={Pseudo-label: The simple and efficient semi-supervised learning method for deep neural networks},
  author={Lee, Dong-Hyun and others},
  booktitle={Workshop on challenges in representation learning, ICML},
  volume={3},
  number={2},
  pages={896},
  year={2013},
  organization={Atlanta}
}

@inproceedings{20,
  title={Do we really need to access the source data? source hypothesis transfer for unsupervised domain adaptation},
  author={Liang, Jian and Hu, Dapeng and Feng, Jiashi},
  booktitle={International conference on machine learning},
  pages={6028--6039},
  year={2020},
  organization={PMLR}
}

@inproceedings{21,
  title={Real-time scene text detection with differentiable binarization},
  author={Liao, Minghui and Wan, Zhaoyi and Yao, Cong and Chen, Kai and Bai, Xiang},
  booktitle={Proceedings of the AAAI conference on artificial intelligence},
  volume={34},
  number={07},
  pages={11474--11481},
  year={2020}
}

@article{22,
  title={Svtr: Scene text recognition with a single visual model},
  author={Du, Yongkun and Chen, Zhineng and Jia, Caiyan and Yin, Xiaoting and Zheng, Tianlun and Li, Chenxia and Du, Yuning and Jiang, Yu-Gang},
  journal={arXiv preprint arXiv:2205.00159},
  year={2022}
}

@inproceedings{23,
  title={ODM: A Text-Image Further Alignment Pre-training Approach for Scene Text Detection and Spotting},
  author={Duan, Chen and Fu, Pei and Guo, Shan and Jiang, Qianyi and Wei, Xiaoming},
  booktitle={Proceedings of the IEEE/CVF Conference on Computer Vision and Pattern Recognition},
  pages={15587--15597},
  year={2024}
}

@inproceedings{24,
  title={Multi-modal In-Context Learning Makes an Ego-evolving Scene Text Recognizer},
  author={Zhao, Zhen and Tang, Jingqun and Lin, Chunhui and Wu, Binghong and Huang, Can and Liu, Hao and Tan, Xin and Zhang, Zhizhong and Xie, Yuan},
  booktitle={Proceedings of the IEEE/CVF Conference on Computer Vision and Pattern Recognition},
  pages={15567--15576},
  year={2024}
}

@article{25,
  title={PP-OCRv3: More attempts for the improvement of ultra lightweight OCR system},
  author={Li, Chenxia and Liu, Weiwei and Guo, Ruoyu and Yin, Xiaoting and Jiang, Kaitao and Du, Yongkun and Du, Yuning and Zhu, Lingfeng and Lai, Baohua and Hu, Xiaoguang and others},
  journal={arXiv preprint arXiv:2206.03001},
  year={2022}
}