@article{chomsky1956three,
  title={Three models for the description of language},
  author={Chomsky, Noam},
  journal={IRE Transactions on information theory},
  volume={2},
  number={3},
  pages={113--124},
  year={1956},
  publisher={IEEE}
}

@book{guidance,
	title = {guidance-ai/guidance},
	url = {https://github.com/guidance-ai/guidance},
	author = {Lundberg, Scott and Ribeiro, Marco Tulio Correia and Edgar, Richard and Harsha-Nori and Cooper, Hudson and Koch, Paul and King, Nicholas and Markus and Marawan and Moskal, Michał and Jenkins, S and cpcdoy and h-k-nyosu and Chirculescu, Mihai and Viggiano, David and X, Holden and Rafael, João and Bell, Adam Gordon and Zivontsis, Shawn and sam rodriguez and Amemiya, Riya and SimFG and Peach, Ryan and Heiner, Nick and JC1DA and Popan, Flavius and Nguyen, Andrew Minh and AnilTuraga and Delaney, Ryan and Saibo-creator},
	month = {1},
	day = {27},
}

@article{willard2023efficient,
  title={Efficient Guided Generation for Large Language Models},
  author={Willard, Brandon T and Louf, R{\'e}mi},
  journal={arXiv e-prints},
  pages={arXiv--2307},
  year={2023}
}

