@inproceedings{yan-etal-2023-embarrassingly,
    title = "An Embarrassingly Easy but Strong Baseline for Nested Named Entity Recognition",
    author = "Yan, Hang  and
      Sun, Yu  and
      Li, Xiaonan  and
      Qiu, Xipeng",
    booktitle = "Proceedings of the 61st Annual Meeting of the Association for Computational Linguistics",
    year = "2023",
    pages = "1442--1452"
}
@inproceedings{yan-etal-2023-utc,
    title = "{UTC}-{IE}: A Unified Token-pair Classification Architecture for Information Extraction",
    author = "Yan, Hang  and
      Sun, Yu  and
      Li, Xiaonan  and
      Zhou, Yunhua  and
      Huang, Xuanjing  and
      Qiu, Xipeng",
    booktitle = "Proceedings of the 61st Annual Meeting of the Association for Computational Linguistics",
    year = "2023",
    pages = "4096--4122"
}
@article{sainz2023gollie,
  title={Gollie: Annotation guidelines improve zero-shot information-extraction},
  author={Sainz, Oscar and Garc{\'\i}a-Ferrero, Iker and Agerri, Rodrigo and de Lacalle, Oier Lopez and Rigau, German and Agirre, Eneko},
  journal={arXiv preprint arXiv:2310.03668},
  year={2023}
}
@article{qi2024adelie,
  title={ADELIE: Aligning Large Language Models on Information Extraction},
  author={Qi, Yunjia and Peng, Hao and Wang, Xiaozhi and Xu, Bin and Hou, Lei and Li, Juanzi},
  journal={arXiv preprint arXiv:2405.05008},
  year={2024}
}
@article{xiao2023efficient,
  title={Efficient streaming language models with attention sinks},
  author={Xiao, Guangxuan and Tian, Yuandong and Chen, Beidi and Han, Song and Lewis, Mike},
  journal={arXiv preprint arXiv:2309.17453},
  year={2023}
}
@article{lu2022unified,
  title={Unified structure generation for universal information extraction},
  author={Lu, Yaojie and Liu, Qing and Dai, Dai and Xiao, Xinyan and Lin, Hongyu and Han, Xianpei and Sun, Le and Wu, Hua},
  journal={arXiv preprint arXiv:2203.12277},
  year={2022}
}
@article{shen2023diffusionner,
  title={Diffusionner: Boundary diffusion for named entity recognition},
  author={Shen, Yongliang and Song, Kaitao and Tan, Xu and Li, Dongsheng and Lu, Weiming and Zhuang, Yueting},
  journal={arXiv preprint arXiv:2305.13298},
  year={2023}
}
@article{jiang2024toner,
  title={ToNER: Type-oriented Named Entity Recognition with Generative Language Model},
  author={Jiang, Guochao and Luo, Ziqin and Shi, Yuchen and Wang, Dixuan and Liang, Jiaqing and Yang, Deqing},
  journal={arXiv preprint arXiv:2404.09145},
  year={2024}
}
@article{wang2023instructuie,
  title={Instructuie: Multi-task instruction tuning for unified information extraction},
  author={Wang, Xiao and Zhou, Weikang and Zu, Can and Xia, Han and Chen, Tianze and Zhang, Yuansen and Zheng, Rui and Ye, Junjie and Zhang, Qi and Gui, Tao and others},
  journal={arXiv preprint arXiv:2304.08085},
  year={2023}
}
@article{beltagy2020longformer,
  title={Longformer: The long-document transformer},
  author={Beltagy, Iz and Peters, Matthew E and Cohan, Arman},
  journal={arXiv preprint arXiv:2004.05150},
  year={2020}
}
@article{zaheer2020big,
  title={Big bird: Transformers for longer sequences},
  author={Zaheer, Manzil and Guruganesh, Guru and Dubey, Kumar Avinava and Ainslie, Joshua and Alberti, Chris and Ontanon, Santiago and Pham, Philip and Ravula, Anirudh and Wang, Qifan and Yang, Li and others},
  journal={Advances in neural information processing systems},
  volume={33},
  pages={17283--17297},
  year={2020}
}
@inproceedings{
dozat2017deep,
title={Deep Biaffine Attention for Neural Dependency Parsing},
author={Timothy Dozat and Christopher D. Manning},
booktitle={International Conference on Learning Representations},
year={2017}
}
@article{ma2016end,
  title={End-to-end sequence labeling via bi-directional lstm-cnns-crf},
  author={Ma, Xuezhe and Hovy, Eduard},
  journal={arXiv preprint arXiv:1603.01354},
  year={2016}
}
@article{yan2019tener,
  title={TENER: adapting transformer encoder for named entity recognition},
  author={Yan, Hang and Deng, Bocao and Li, Xiaonan and Qiu, Xipeng},
  journal={arXiv preprint arXiv:1911.04474},
  year={2019}
}
@article{strakova2019neural,
  title={Neural architectures for nested NER through linearization},
  author={Strakov{\'a}, Jana and Straka, Milan and Haji{\v{c}}, Jan},
  journal={arXiv preprint arXiv:1908.06926},
  year={2019}
}
@article{miwa2016end,
  title={End-to-end relation extraction using lstms on sequences and tree structures},
  author={Miwa, Makoto and Bansal, Mohit},
  journal={arXiv preprint arXiv:1601.00770},
  year={2016}
}
@inproceedings{xu2017cn,
  title={CN-DBpedia: A never-ending Chinese knowledge extraction system},
  author={Xu, Bo and Xu, Yong and Liang, Jiaqing and Xie, Chenhao and Liang, Bin and Cui, Wanyun and Xiao, Yanghua},
  booktitle={International Conference on Industrial, Engineering and Other Applications of Applied Intelligent Systems},
  pages={428--438},
  year={2017}
}
@inproceedings{molla2006named,
  title={Named entity recognition for question answering},
  author={Moll{\'a}, Diego and Van Zaanen, Menno and Smith, Daniel},
  booktitle={Australasian Language Technology Association Workshop},
  pages={51--58},
  year={2006}
}
@article{su2022global,
  title={Global pointer: Novel efficient span-based approach for named entity recognition},
  author={Su, Jianlin and Murtadha, Ahmed and Pan, Shengfeng and Hou, Jing and Sun, Jun and Huang, Wanwei and Wen, Bo and Liu, Yunfeng},
  journal={arXiv preprint arXiv:2208.03054},
  year={2022}
}
@article{zhu2022boundary,
  title={Boundary smoothing for named entity recognition},
  author={Zhu, Enwei and Li, Jinpeng},
  journal={arXiv preprint arXiv:2204.12031},
  year={2022}
}
@inproceedings{yuan-etal-2022-fusing,
    title = "Fusing Heterogeneous Factors with Triaffine Mechanism for Nested Named Entity Recognition",
    author = "Yuan, Zheng  and
      Tan, Chuanqi  and
      Huang, Songfang  and
      Huang, Fei",
    booktitle = "Findings of the Association for Computational Linguistics",
    year = "2022",
    pages = "3174--3186"
}
@inproceedings{li2022unified,
  title={Unified named entity recognition as word-word relation classification},
  author={Li, Jingye and Fei, Hao and Liu, Jiang and Wu, Shengqiong and Zhang, Meishan and Teng, Chong and Ji, Donghong and Li, Fei},
  booktitle={proceedings of the AAAI conference on artificial intelligence},
  pages={10965--10973},
  year={2022}
}
@article{wang2023gpt,
  title={Gpt-ner: Named entity recognition via large language models},
  author={Wang, Shuhe and Sun, Xiaofei and Li, Xiaoya and Ouyang, Rongbin and Wu, Fei and Zhang, Tianwei and Li, Jiwei and Wang, Guoyin},
  journal={arXiv preprint arXiv:2304.10428},
  year={2023}
}
@inproceedings{xie-etal-2023-empirical,
    title = "Empirical Study of Zero-Shot {NER} with {C}hat{GPT}",
    author = "Xie, Tingyu  and
      Li, Qi  and
      Zhang, Jian  and
      Zhang, Yan  and
      Liu, Zuozhu  and
      Wang, Hongwei",
    booktitle = "Proceedings of the 2023 Conference on Empirical Methods in Natural Language Processing",
    year = "2023",
    pages = "7935--7956"
}
@article{yan2021unified,
  title={A unified generative framework for various NER subtasks},
  author={Yan, Hang and Gui, Tao and Dai, Junqi and Guo, Qipeng and Zhang, Zheng and Qiu, Xipeng},
  journal={arXiv preprint arXiv:2106.01223},
  year={2021}
}
@article{dagdelen2024structured,
  title={Structured information extraction from scientific text with large language models},
  author={Dagdelen, John and Dunn, Alexander and Lee, Sanghoon and Walker, Nicholas and Rosen, Andrew S and Ceder, Gerbrand and Persson, Kristin A and Jain, Anubhav},
  journal={Nature Communications},
  volume={15},
  number={1},
  pages={1418},
  year={2024}
}
@article{li2019unified,
  title={A unified MRC framework for named entity recognition},
  author={Li, Xiaoya and Feng, Jingrong and Meng, Yuxian and Han, Qinghong and Wu, Fei and Li, Jiwei},
  journal={arXiv preprint arXiv:1910.11476},
  year={2019}
}
@article{tan2021sequence,
  title={A sequence-to-set network for nested named entity recognition},
  author={Tan, Zeqi and Shen, Yongliang and Zhang, Shuai and Lu, Weiming and Zhuang, Yueting},
  journal={arXiv preprint arXiv:2105.08901},
  year={2021}
}
@article{shen2022parallel,
  title={Parallel instance query network for named entity recognition},
  author={Shen, Yongliang and Wang, Xiaobin and Tan, Zeqi and Xu, Guangwei and Xie, Pengjun and Huang, Fei and Lu, Weiming and Zhuang, Yueting},
  journal={arXiv preprint arXiv:2203.10545},
  year={2022}
}
@inproceedings{lou-etal-2022-nested,
    title = "Nested Named Entity Recognition as Latent Lexicalized Constituency Parsing",
    author = "Lou, Chao  and
      Yang, Songlin  and
      Tu, Kewei",
    booktitle = "Proceedings of the 60th Annual Meeting of the Association for Computational Linguistics",
    year = "2022",
    pages = "6183--6198"
}
@inproceedings{yang-tu-2022-bottom,
    title = "Bottom-Up Constituency Parsing and Nested Named Entity Recognition with Pointer Networks",
    author = "Yang, Songlin  and
      Tu, Kewei",
    booktitle = "Proceedings of the 60th Annual Meeting of the Association for Computational Linguistics",
    year = "2022",
    pages = "2403--2416"
}
@article{ashok2023promptner,
  title={Promptner: Prompting for named entity recognition},
  author={Ashok, Dhananjay and Lipton, Zachary C},
  journal={arXiv preprint arXiv:2305.15444},
  year={2023}
}
@article{su2024roformer,
  title={Roformer: Enhanced transformer with rotary position embedding},
  author={Su, Jianlin and Ahmed, Murtadha and Lu, Yu and Pan, Shengfeng and Bo, Wen and Liu, Yunfeng},
  journal={Neurocomputing},
  volume={568},
  pages={127063},
  year={2024}
}
@article{hu2021lora,
  title={Lora: Low-rank adaptation of large language models},
  author={Hu, Edward J and Shen, Yelong and Wallis, Phillip and Allen-Zhu, Zeyuan and Li, Yuanzhi and Wang, Shean and Wang, Lu and Chen, Weizhu},
  journal={arXiv preprint arXiv:2106.09685},
  year={2021}
}
@inproceedings{jain-etal-2020-scirex,
    title = "{S}ci{REX}: {A} Challenge Dataset for Document-Level Information Extraction",
    author = "Jain, Sarthak  and
      van Zuylen, Madeleine  and
      Hajishirzi, Hannaneh  and
      Beltagy, Iz",
    booktitle = "Proceedings of the 58th Annual Meeting of the Association for Computational Linguistics",
    year = "2020",
    pages = "7506--7516"
}
@article{loshchilov2017fixing,
  title={Fixing weight decay regularization in adam},
  author={Loshchilov, Ilya and Hutter, Frank and others},
  journal={arXiv preprint arXiv:1711.05101},
  year={2017}
}
@misc{he2023debertav3improvingdebertausing,
      title={DeBERTaV3: Improving DeBERTa using ELECTRA-Style Pre-Training with Gradient-Disentangled Embedding Sharing}, 
      author={Pengcheng He and Jianfeng Gao and Weizhu Chen},
      year={2023},
      url={https://arxiv.org/abs/2111.09543}, 
}
@article{cui2021pre,
  title={Pre-training with whole word masking for chinese bert},
  author={Cui, Yiming and Che, Wanxiang and Liu, Ting and Qin, Bing and Yang, Ziqing},
  journal={IEEE/ACM Transactions on Audio, Speech, and Language Processing},
  volume={29},
  pages={3504--3514},
  year={2021}
}

@misc{su2021logn,
title={Analyzing the Scale Operation of Attention from the Perspective of Entropy Invariance},
author={Jianlin Su},
year={2021},
url={https://kexue.fm/archives/8823},
}

@inproceedings{zhang2024oag,
  title={OAG-Bench: A Human-Curated Benchmark for Academic Graph Mining},
  author={Zhang, Fanjin and Shi, Shijie and Zhu, Yifan and Chen, Bo and Cen, Yukuo and Yu, Jifan and Chen, Yelin and Wang, Lulu and Zhao, Qingfei and Cheng, Yuqing and others},
  booktitle={Proceedings of the 30th ACM SIGKDD Conference on Knowledge Discovery and Data Mining},
  year={2024}
}

@article{zhao2023survey,
  title={A survey of large language models},
  author={Zhao, Wayne Xin and Zhou, Kun and Li, Junyi and Tang, Tianyi and Wang, Xiaolei and Hou, Yupeng and Min, Yingqian and Zhang, Beichen and Zhang, Junjie and Dong, Zican and others},
  journal={arXiv preprint arXiv:2303.18223},
  year={2023}
}

@article{achiam2023gpt,
  title={Gpt-4 technical report},
  author={Achiam, Josh and Adler, Steven and Agarwal, Sandhini and Ahmad, Lama and Akkaya, Ilge and Aleman, Florencia Leoni and Almeida, Diogo and Altenschmidt, Janko and Altman, Sam and Anadkat, Shyamal and others},
  journal={arXiv preprint arXiv:2303.08774},
  year={2023}
}

@inproceedings{tang2008arnetminer,
	title={Arnetminer: extraction and mining of academic social networks},
	author={Tang, Jie and Zhang, Jing and Yao, Limin and Li, Juanzi and Zhang, Li and Su, Zhong},
	booktitle={Proceedings of the 14th ACM SIGKDD international conference on Knowledge discovery and data mining},
	pages={990--998},
	year={2008}
}

@inproceedings{tang2007social,
  title={Social network extraction of academic researchers},
  author={Tang, Jie and Zhang, Duo and Yao, Limin},
  booktitle={Seventh IEEE International Conference on Data Mining},
  pages={292--301},
  year={2007},
}
@article{roziere2023code,
  title={Code llama: Open foundation models for code},
  author={Roziere, Baptiste and Gehring, Jonas and Gloeckle, Fabian and Sootla, Sten and Gat, Itai and Tan, Xiaoqing Ellen and Adi, Yossi and Liu, Jingyu and Remez, Tal and Rapin, J{\'e}r{\'e}my and others},
  journal={arXiv preprint arXiv:2308.12950},
  year={2023}
}
@article{dao2022flashattention,
  title={Flashattention: Fast and memory-efficient exact attention with io-awareness},
  author={Dao, Tri and Fu, Dan and Ermon, Stefano and Rudra, Atri and R{\'e}, Christopher},
  journal={Advances in Neural Information Processing Systems},
  volume={35},
  pages={16344--16359},
  year={2022}
}
@inproceedings{rajbhandari2020zero,
  title={Zero: Memory optimizations toward training trillion parameter models},
  author={Rajbhandari, Samyam and Rasley, Jeff and Ruwase, Olatunji and He, Yuxiong},
  booktitle={International Conference for High Performance Computing, Networking, Storage and Analysis},
  pages={1--16},
  year={2020},
}

@article{gu2018profiling,
  title={Profiling Web users using big data},
  author={Gu, Xiaotao and Yang, Hong and Tang, Jie and Zhang, Jing and Zhang, Fanjin and Liu, Debing and Hall, Wendy and Fu, Xiao},
  journal={Social Network Analysis and Mining},
  volume={8},
  pages={1--17},
  year={2018},
}

@incollection{schiaffino2009intelligent,
  title={Intelligent user profiling},
  author={Schiaffino, Silvia and Amandi, Anal{\'\i}a},
  booktitle={Artificial Intelligence An International Perspective: An International Perspective},
  pages={193--216},
  year={2009},
}

@inproceedings{TheC3,
  title={The Claude 3 Model Family: Opus, Sonnet, Haiku},
  author={Anthropic},
  year={2024}
}