@article{ashok2023promptner,
  title={Promptner: Prompting for named entity recognition},
  author={Ashok, Dhananjay and Lipton, Zachary C},
  journal={arXiv preprint arXiv:2305.15444},
  year={2023}
}

@article{dagdelen2024structured,
  title={Structured information extraction from scientific text with large language models},
  author={Dagdelen, John and Dunn, Alexander and Lee, Sanghoon and Walker, Nicholas and Rosen, Andrew S and Ceder, Gerbrand and Persson, Kristin A and Jain, Anubhav},
  journal={Nature Communications},
  volume={15},
  number={1},
  pages={1418},
  year={2024}
}

@article{jiang2024toner,
  title={ToNER: Type-oriented Named Entity Recognition with Generative Language Model},
  author={Jiang, Guochao and Luo, Ziqin and Shi, Yuchen and Wang, Dixuan and Liang, Jiaqing and Yang, Deqing},
  journal={arXiv preprint arXiv:2404.09145},
  year={2024}
}

@article{li2019unified,
  title={A unified MRC framework for named entity recognition},
  author={Li, Xiaoya and Feng, Jingrong and Meng, Yuxian and Han, Qinghong and Wu, Fei and Li, Jiwei},
  journal={arXiv preprint arXiv:1910.11476},
  year={2019}
}

@inproceedings{li2022unified,
  title={Unified named entity recognition as word-word relation classification},
  author={Li, Jingye and Fei, Hao and Liu, Jiang and Wu, Shengqiong and Zhang, Meishan and Teng, Chong and Ji, Donghong and Li, Fei},
  booktitle={proceedings of the AAAI conference on artificial intelligence},
  pages={10965--10973},
  year={2022}
}

@inproceedings{lou-etal-2022-nested,
    title = "Nested Named Entity Recognition as Latent Lexicalized Constituency Parsing",
    author = "Lou, Chao  and
      Yang, Songlin  and
      Tu, Kewei",
    booktitle = "Proceedings of the 60th Annual Meeting of the Association for Computational Linguistics",
    year = "2022",
    pages = "6183--6198"
}

@article{lu2022unified,
  title={Unified structure generation for universal information extraction},
  author={Lu, Yaojie and Liu, Qing and Dai, Dai and Xiao, Xinyan and Lin, Hongyu and Han, Xianpei and Sun, Le and Wu, Hua},
  journal={arXiv preprint arXiv:2203.12277},
  year={2022}
}

@article{ma2016end,
  title={End-to-end sequence labeling via bi-directional lstm-cnns-crf},
  author={Ma, Xuezhe and Hovy, Eduard},
  journal={arXiv preprint arXiv:1603.01354},
  year={2016}
}

@article{qi2024adelie,
  title={ADELIE: Aligning Large Language Models on Information Extraction},
  author={Qi, Yunjia and Peng, Hao and Wang, Xiaozhi and Xu, Bin and Hou, Lei and Li, Juanzi},
  journal={arXiv preprint arXiv:2405.05008},
  year={2024}
}

@article{sainz2023gollie,
  title={Gollie: Annotation guidelines improve zero-shot information-extraction},
  author={Sainz, Oscar and Garc{\'\i}a-Ferrero, Iker and Agerri, Rodrigo and de Lacalle, Oier Lopez and Rigau, German and Agirre, Eneko},
  journal={arXiv preprint arXiv:2310.03668},
  year={2023}
}

@article{shen2022parallel,
  title={Parallel instance query network for named entity recognition},
  author={Shen, Yongliang and Wang, Xiaobin and Tan, Zeqi and Xu, Guangwei and Xie, Pengjun and Huang, Fei and Lu, Weiming and Zhuang, Yueting},
  journal={arXiv preprint arXiv:2203.10545},
  year={2022}
}

@article{strakova2019neural,
  title={Neural architectures for nested NER through linearization},
  author={Strakov{\'a}, Jana and Straka, Milan and Haji{\v{c}}, Jan},
  journal={arXiv preprint arXiv:1908.06926},
  year={2019}
}

@article{su2022global,
  title={Global pointer: Novel efficient span-based approach for named entity recognition},
  author={Su, Jianlin and Murtadha, Ahmed and Pan, Shengfeng and Hou, Jing and Sun, Jun and Huang, Wanwei and Wen, Bo and Liu, Yunfeng},
  journal={arXiv preprint arXiv:2208.03054},
  year={2022}
}

@article{tan2021sequence,
  title={A sequence-to-set network for nested named entity recognition},
  author={Tan, Zeqi and Shen, Yongliang and Zhang, Shuai and Lu, Weiming and Zhuang, Yueting},
  journal={arXiv preprint arXiv:2105.08901},
  year={2021}
}

@article{wang2023gpt,
  title={Gpt-ner: Named entity recognition via large language models},
  author={Wang, Shuhe and Sun, Xiaofei and Li, Xiaoya and Ouyang, Rongbin and Wu, Fei and Zhang, Tianwei and Li, Jiwei and Wang, Guoyin},
  journal={arXiv preprint arXiv:2304.10428},
  year={2023}
}

@article{wang2023instructuie,
  title={Instructuie: Multi-task instruction tuning for unified information extraction},
  author={Wang, Xiao and Zhou, Weikang and Zu, Can and Xia, Han and Chen, Tianze and Zhang, Yuansen and Zheng, Rui and Ye, Junjie and Zhang, Qi and Gui, Tao and others},
  journal={arXiv preprint arXiv:2304.08085},
  year={2023}
}

@inproceedings{xie-etal-2023-empirical,
    title = "Empirical Study of Zero-Shot {NER} with {C}hat{GPT}",
    author = "Xie, Tingyu  and
      Li, Qi  and
      Zhang, Jian  and
      Zhang, Yan  and
      Liu, Zuozhu  and
      Wang, Hongwei",
    booktitle = "Proceedings of the 2023 Conference on Empirical Methods in Natural Language Processing",
    year = "2023",
    pages = "7935--7956"
}

@inproceedings{yan-etal-2023-embarrassingly,
    title = "An Embarrassingly Easy but Strong Baseline for Nested Named Entity Recognition",
    author = "Yan, Hang  and
      Sun, Yu  and
      Li, Xiaonan  and
      Qiu, Xipeng",
    booktitle = "Proceedings of the 61st Annual Meeting of the Association for Computational Linguistics",
    year = "2023",
    pages = "1442--1452"
}

@inproceedings{yan-etal-2023-utc,
    title = "{UTC}-{IE}: A Unified Token-pair Classification Architecture for Information Extraction",
    author = "Yan, Hang  and
      Sun, Yu  and
      Li, Xiaonan  and
      Zhou, Yunhua  and
      Huang, Xuanjing  and
      Qiu, Xipeng",
    booktitle = "Proceedings of the 61st Annual Meeting of the Association for Computational Linguistics",
    year = "2023",
    pages = "4096--4122"
}

@article{yan2019tener,
  title={TENER: adapting transformer encoder for named entity recognition},
  author={Yan, Hang and Deng, Bocao and Li, Xiaonan and Qiu, Xipeng},
  journal={arXiv preprint arXiv:1911.04474},
  year={2019}
}

@article{yan2021unified,
  title={A unified generative framework for various NER subtasks},
  author={Yan, Hang and Gui, Tao and Dai, Junqi and Guo, Qipeng and Zhang, Zheng and Qiu, Xipeng},
  journal={arXiv preprint arXiv:2106.01223},
  year={2021}
}

@inproceedings{yang-tu-2022-bottom,
    title = "Bottom-Up Constituency Parsing and Nested Named Entity Recognition with Pointer Networks",
    author = "Yang, Songlin  and
      Tu, Kewei",
    booktitle = "Proceedings of the 60th Annual Meeting of the Association for Computational Linguistics",
    year = "2022",
    pages = "2403--2416"
}

@inproceedings{yuan-etal-2022-fusing,
    title = "Fusing Heterogeneous Factors with Triaffine Mechanism for Nested Named Entity Recognition",
    author = "Yuan, Zheng  and
      Tan, Chuanqi  and
      Huang, Songfang  and
      Huang, Fei",
    booktitle = "Findings of the Association for Computational Linguistics",
    year = "2022",
    pages = "3174--3186"
}

@article{zhu2022boundary,
  title={Boundary smoothing for named entity recognition},
  author={Zhu, Enwei and Li, Jinpeng},
  journal={arXiv preprint arXiv:2204.12031},
  year={2022}
}

