@inproceedings{achituve2023guided,
  title={Guided deep kernel learning},
  author={Achituve, Idan and Chechik, Gal and Fetaya, Ethan},
  booktitle={Uncertainty in Artificial Intelligence},
  pages={11--21},
  year={2023},
  organization={PMLR}
}

@article{al2017learning,
  title={Learning scalable deep kernels with recurrent structure},
  author={Al-Shedivat, Maruan and Wilson, Andrew Gordon and Saatchi, Yunus and Hu, Zhiting and Xing, Eric P},
  journal={Journal of Machine Learning Research},
  volume={18},
  number={82},
  pages={1--37},
  year={2017}
}

@article{bradshaw2017adversarial,
  title={{Adversarial examples, uncertainty, and transfer testing robustness in Gaussian process hybrid deep networks}},
  author={Bradshaw, John and Matthews, Alexander G de G and Ghahramani, Zoubin},
  journal={arXiv preprint arXiv:1707.02476},
  year={2017}
}

@inproceedings{cutajar2017random,
  title={{Random feature expansions for deep Gaussian processes}},
  author={Cutajar, Kurt and Bonilla, Edwin V and Michiardi, Pietro and Filippone, Maurizio},
  booktitle={International Conference on Machine Learning},
  pages={884--893},
  year={2017},
  organization={PMLR}
}

@article{dutordoir2021deep,
  title={{Deep neural networks as point estimates for deep Gaussian processes}},
  author={Dutordoir, Vincent and Hensman, James and van der Wilk, Mark and Ek, Carl Henrik and Ghahramani, Zoubin and Durrande, Nicolas},
  journal={Advances in Neural Information Processing Systems},
  volume={34},
  pages={9443--9455},
  year={2021}
}

@article{gao2023wide,
  title={{Wide neural networks as Gaussian processes: Lessons from deep equilibrium models}},
  author={Gao, Tianxiang and Huo, Xiaokai and Liu, Hailiang and Gao, Hongyang},
  journal={Advances in Neural Information Processing Systems},
  volume={36},
  pages={54918--54951},
  year={2023}
}

@article{garriga2018deep,
  title={Deep convolutional networks as shallow {Gaussian} processes},
  author={Garriga-Alonso, Adri{\`a} and Rasmussen, Carl Edward and Aitchison, Laurence},
  journal={arXiv preprint arXiv:1808.05587},
  year={2018}
}

@article{harrison2024variational,
  title={{Variational Bayesian last layers}},
  author={Harrison, James and Willes, John and Snoek, Jasper},
  journal={arXiv preprint arXiv:2404.11599},
  year={2024}
}

@inproceedings{hensman2015scalable,
  title={{Scalable variational Gaussian process classification}},
  author={Hensman, James and Matthews, Alexander and Ghahramani, Zoubin},
  booktitle={Artificial Intelligence and Statistics},
  pages={351--360},
  year={2015},
  organization={PMLR}
}

@article{lecun1989handwritten,
  title={Handwritten digit recognition with a back-propagation network},
  author={LeCun, Yann and Boser, Bernhard and Denker, John and Henderson, Donnie and Howard, Richard and Hubbard, Wayne and Jackel, Lawrence},
  journal={Advances in neural information processing systems},
  volume={2},
  year={1989}
}

@article{lee2017deep,
  title={{Deep neural networks as Gaussian processes}},
  author={Lee, Jaehoon and Bahri, Yasaman and Novak, Roman and Schoenholz, Samuel S and Pennington, Jeffrey and Sohl-Dickstein, Jascha},
  journal={arXiv preprint arXiv:1711.00165},
  year={2017}
}

@article{liu2021deep,
  title={{Deep latent-variable kernel learning}},
  author={Liu, Haitao and Ong, Yew-Soon and Jiang, Xiaomo and Wang, Xiaofang},
  journal={IEEE Transactions on Cybernetics},
  volume={52},
  number={10},
  pages={10276--10289},
  year={2021},
  publisher={IEEE}
}

@inproceedings{matias2024amortized,
title={Amortized variational Deep Kernel Learning},
author={Alan L. S. Matias and C{\'e}sar Lincoln Mattos and Jo{\~a}o Paulo Pordeus Gomes and Diego Mesquita},
booktitle={Forty-first International Conference on Machine Learning},
year={2024},
url={https://openreview.net/forum?id=MSMKQuZhD5},
note = {URL \url{https://github.com/alanlsmatias/amortized-variational-dkl}}
}

@article{matthews2018gaussian,
  title={Gaussian process behaviour in wide deep neural networks},
  author={Matthews, Alexander G de G and Rowland, Mark and Hron, Jiri and Turner, Richard E and Ghahramani, Zoubin},
  journal={arXiv preprint arXiv:1804.11271},
  year={2018}
}

@book{neal1994bayesian,
  title={Bayesian learning for neural networks},
  author={Neal, Radford M},
  year={1994},
  publisher={PhD thesis, University of Toronto, Dept.
of Computer Science}
}

@article{novak2018bayesian,
  title={Bayesian deep convolutional networks with many channels are {Gaussian} processes},
  author={Novak, Roman and Xiao, Lechao and Lee, Jaehoon and Bahri, Yasaman and Yang, Greg and Hron, Jiri and Abolafia, Daniel A and Pennington, Jeffrey and Sohl-Dickstein, Jascha},
  journal={arXiv preprint arXiv:1810.05148},
  year={2018}
}

@inproceedings{ober2021promises,
  title={The promises and pitfalls of deep kernel learning},
  author={Ober, Sebastian W and Rasmussen, Carl E and van der Wilk, Mark},
  booktitle={Uncertainty in Artificial Intelligence},
  pages={1206--1216},
  year={2021},
  organization={PMLR}
}

@article{rahimi2007random,
  title={Random features for large-scale kernel machines},
  author={Rahimi, Ali and Recht, Benjamin},
  journal={Advances in neural information processing systems},
  volume={20},
  year={2007}
}

@inproceedings{sun2018differentiable,
  title={Differentiable compositional kernel learning for {Gaussian} processes},
  author={Sun, Shengyang and Zhang, Guodong and Wang, Chaoqi and Zeng, Wenyuan and Li, Jiaman and Grosse, Roger},
  booktitle={International Conference on Machine Learning},
  pages={4828--4837},
  year={2018},
  organization={PMLR}
}

@inproceedings{wilson2015kernel,
  title={{Kernel interpolation for scalable structured Gaussian processes (KISS-GP)}},
  author={Wilson, Andrew and Nickisch, Hannes},
  booktitle={International conference on machine learning},
  pages={1775--1784},
  year={2015},
  organization={PMLR}
}

@inproceedings{wilson2016deep,
  title={Deep kernel learning},
  author={Wilson, Andrew Gordon and Hu, Zhiting and Salakhutdinov, Ruslan and Xing, Eric P},
  booktitle={Artificial intelligence and statistics},
  pages={370--378},
  year={2016},
  organization={PMLR}
}

@article{wilson2016stochastic,
  title={Stochastic variational deep kernel learning},
  author={Wilson, Andrew G and Hu, Zhiting and Salakhutdinov, Russ R and Xing, Eric P},
  journal={Advances in neural information processing systems},
  volume={29},
  year={2016}
}

@article{xie2019deep,
  title={{Deep kernel learning via random Fourier features}},
  author={Xie, Jiaxuan and Liu, Fanghui and Wang, Kaijie and Huang, Xiaolin},
  journal={arXiv preprint arXiv:1910.02660},
  year={2019}
}

@inproceedings{xue2019deep,
  title={{Deep Spectral Kernel Learning.}},
  author={Xue, Hui and Wu, Zheng-Fan and Sun, Wei-Xiang},
  booktitle={IJCAI},
  pages={4019--4025},
  year={2019}
}

@article{yang2019wide,
  title={Wide feedforward or recurrent neural networks of any architecture are {Gaussian} processes},
  author={Yang, Greg},
  journal={Advances in Neural Information Processing Systems},
  volume={32},
  year={2019}
}

@inproceedings{zhang2024gaussian,
  title={{Gaussian Process Neural Additive Models}},
  author={Zhang, Wei and Barr, Brian and Paisley, John},
  booktitle={Proceedings of the AAAI Conference on Artificial Intelligence},
  volume={38},
  pages={16865--16872},
  year={2024}
}

