@book{williams2006gaussian,
  title={{Gaussian} processes for machine learning},
  author={Williams, Christopher KI and Rasmussen, Carl Edward},
  volume={2},
  year={2006},
  publisher={MIT press Cambridge, MA}
}

@article{ding2024sparse,
  title={A sparse expansion for deep {Gaussian} processes},
  author={Ding, Liang and Tuo, Rui and Shahrampour, Shahin},
  journal={IISE Transactions},
  volume={56},
  number={5},
  pages={559--572},
  year={2024},
  publisher={Taylor \& Francis}
}

@article{duvenaud2011additive,
  title={Additive {Gaussian} processes},
  author={Duvenaud, David K and Nickisch, Hannes and Rasmussen, Carl},
  journal={Advances in neural information processing systems},
  volume={24},
  year={2011}
}

@incollection{hastie2017generalized,
  title={Generalized additive models},
  author={Hastie, Trevor J},
  booktitle={Statistical models in S},
  pages={249--307},
  year={2017},
  publisher={Routledge}
}

@inproceedings{delbridge2020randomly,
  title={Randomly projected additive {Gaussian} processes for regression},
  author={Delbridge, Ian and Bindel, David and Wilson, Andrew Gordon},
  booktitle={International Conference on Machine Learning},
  pages={2453--2463},
  year={2020},
  organization={PMLR}
}

@inproceedings{blundell2015weight,
  title={Weight uncertainty in neural network},
  author={Blundell, Charles and Cornebise, Julien and Kavukcuoglu, Koray and Wierstra, Daan},
  booktitle={International conference on machine learning},
  pages={1613--1622},
  year={2015},
  organization={PMLR}
}

@inproceedings{wilson2016deep,
  title={Deep kernel learning},
  author={Wilson, Andrew Gordon and Hu, Zhiting and Salakhutdinov, Ruslan and Xing, Eric P},
  booktitle={Artificial intelligence and statistics},
  pages={370--378},
  year={2016},
  organization={PMLR}
}

@article{wilson2016stochastic,
  title={Stochastic variational deep kernel learning},
  author={Wilson, Andrew G and Hu, Zhiting and Salakhutdinov, Russ R and Xing, Eric P},
  journal={Advances in neural information processing systems},
  volume={29},
  year={2016}
}

@article{lecun2015deep,
  title={Deep learning},
  author={LeCun, Yann and Bengio, Yoshua and Hinton, Geoffrey},
  journal={nature},
  volume={521},
  number={7553},
  pages={436--444},
  year={2015},
  publisher={Nature Publishing Group UK London}
}

@inproceedings{zhang2024gaussian,
  title={{Gaussian Process Neural Additive Models}},
  author={Zhang, Wei and Barr, Brian and Paisley, John},
  booktitle={Proceedings of the AAAI Conference on Artificial Intelligence},
  volume={38},
  pages={16865--16872},
  year={2024}
}

@inproceedings{achituve2023guided,
  title={Guided deep kernel learning},
  author={Achituve, Idan and Chechik, Gal and Fetaya, Ethan},
  booktitle={Uncertainty in Artificial Intelligence},
  pages={11--21},
  year={2023},
  organization={PMLR}
}

@inproceedings{ober2021promises,
  title={The promises and pitfalls of deep kernel learning},
  author={Ober, Sebastian W and Rasmussen, Carl E and van der Wilk, Mark},
  booktitle={Uncertainty in Artificial Intelligence},
  pages={1206--1216},
  year={2021},
  organization={PMLR}
}

@article{xie2019deep,
  title={{Deep kernel learning via random Fourier features}},
  author={Xie, Jiaxuan and Liu, Fanghui and Wang, Kaijie and Huang, Xiaolin},
  journal={arXiv preprint arXiv:1910.02660},
  year={2019}
}

@inproceedings{cutajar2017random,
  title={{Random feature expansions for deep Gaussian processes}},
  author={Cutajar, Kurt and Bonilla, Edwin V and Michiardi, Pietro and Filippone, Maurizio},
  booktitle={International Conference on Machine Learning},
  pages={884--893},
  year={2017},
  organization={PMLR}
}

@inproceedings{wilson2015kernel,
  title={{Kernel interpolation for scalable structured Gaussian processes (KISS-GP)}},
  author={Wilson, Andrew and Nickisch, Hannes},
  booktitle={International conference on machine learning},
  pages={1775--1784},
  year={2015},
  organization={PMLR}
}

@article{rahimi2007random,
  title={Random features for large-scale kernel machines},
  author={Rahimi, Ali and Recht, Benjamin},
  journal={Advances in neural information processing systems},
  volume={20},
  year={2007}
}

@inproceedings{hensman2015scalable,
  title={{Scalable variational Gaussian process classification}},
  author={Hensman, James and Matthews, Alexander and Ghahramani, Zoubin},
  booktitle={Artificial Intelligence and Statistics},
  pages={351--360},
  year={2015},
  organization={PMLR}
}

@book{marcus2006markov,
  title={Markov processes, {Gaussian} processes, and local times},
  author={Marcus, Michael B and Rosen, Jay},
  year={2006},
  publisher={Cambridge University Press}
}

@article{mackay1992practical,
  title={{A practical Bayesian framework for backpropagation networks}},
  author={MacKay, David JC},
  journal={Neural computation},
  volume={4},
  number={3},
  pages={448--472},
  year={1992},
  publisher={MIT Press One Rogers Street, Cambridge, MA 02142-1209, USA journals-info~â€¦}
}

@book{neal1994bayesian,
  title={Bayesian learning for neural networks},
  author={Neal, Radford M},
  year={1994},
  publisher={PhD thesis, University of Toronto, Dept.
of Computer Science}
}

@inproceedings{sun2018differentiable,
  title={Differentiable compositional kernel learning for {Gaussian} processes},
  author={Sun, Shengyang and Zhang, Guodong and Wang, Chaoqi and Zeng, Wenyuan and Li, Jiaman and Grosse, Roger},
  booktitle={International Conference on Machine Learning},
  pages={4828--4837},
  year={2018},
  organization={PMLR}
}

@article{al2017learning,
  title={Learning scalable deep kernels with recurrent structure},
  author={Al-Shedivat, Maruan and Wilson, Andrew Gordon and Saatchi, Yunus and Hu, Zhiting and Xing, Eric P},
  journal={Journal of Machine Learning Research},
  volume={18},
  number={82},
  pages={1--37},
  year={2017}
}

@inproceedings{xue2019deep,
  title={{Deep Spectral Kernel Learning.}},
  author={Xue, Hui and Wu, Zheng-Fan and Sun, Wei-Xiang},
  booktitle={IJCAI},
  pages={4019--4025},
  year={2019}
}

@article{lee2017deep,
  title={{Deep neural networks as Gaussian processes}},
  author={Lee, Jaehoon and Bahri, Yasaman and Novak, Roman and Schoenholz, Samuel S and Pennington, Jeffrey and Sohl-Dickstein, Jascha},
  journal={arXiv preprint arXiv:1711.00165},
  year={2017}
}

@article{matthews2018gaussian,
  title={Gaussian process behaviour in wide deep neural networks},
  author={Matthews, Alexander G de G and Rowland, Mark and Hron, Jiri and Turner, Richard E and Ghahramani, Zoubin},
  journal={arXiv preprint arXiv:1804.11271},
  year={2018}
}

@article{yang2019wide,
  title={Wide feedforward or recurrent neural networks of any architecture are {Gaussian} processes},
  author={Yang, Greg},
  journal={Advances in Neural Information Processing Systems},
  volume={32},
  year={2019}
}

@article{garriga2018deep,
  title={Deep convolutional networks as shallow {Gaussian} processes},
  author={Garriga-Alonso, Adri{\`a} and Rasmussen, Carl Edward and Aitchison, Laurence},
  journal={arXiv preprint arXiv:1808.05587},
  year={2018}
}

@article{novak2018bayesian,
  title={Bayesian deep convolutional networks with many channels are {Gaussian} processes},
  author={Novak, Roman and Xiao, Lechao and Lee, Jaehoon and Bahri, Yasaman and Yang, Greg and Hron, Jiri and Abolafia, Daniel A and Pennington, Jeffrey and Sohl-Dickstein, Jascha},
  journal={arXiv preprint arXiv:1810.05148},
  year={2018}
}

@article{lecun1989handwritten,
  title={Handwritten digit recognition with a back-propagation network},
  author={LeCun, Yann and Boser, Bernhard and Denker, John and Henderson, Donnie and Howard, Richard and Hubbard, Wayne and Jackel, Lawrence},
  journal={Advances in neural information processing systems},
  volume={2},
  year={1989}
}

@article{dutordoir2021deep,
  title={{Deep neural networks as point estimates for deep Gaussian processes}},
  author={Dutordoir, Vincent and Hensman, James and van der Wilk, Mark and Ek, Carl Henrik and Ghahramani, Zoubin and Durrande, Nicolas},
  journal={Advances in Neural Information Processing Systems},
  volume={34},
  pages={9443--9455},
  year={2021}
}

@article{gao2023wide,
  title={{Wide neural networks as Gaussian processes: Lessons from deep equilibrium models}},
  author={Gao, Tianxiang and Huo, Xiaokai and Liu, Hailiang and Gao, Hongyang},
  journal={Advances in Neural Information Processing Systems},
  volume={36},
  pages={54918--54951},
  year={2023}
}

@article{bradshaw2017adversarial,
  title={{Adversarial examples, uncertainty, and transfer testing robustness in Gaussian process hybrid deep networks}},
  author={Bradshaw, John and Matthews, Alexander G de G and Ghahramani, Zoubin},
  journal={arXiv preprint arXiv:1707.02476},
  year={2017}
}

@inproceedings{titsias2009variational,
  title={{Variational learning of inducing variables in sparse Gaussian processes}},
  author={Titsias, Michalis},
  booktitle={Artificial intelligence and statistics},
  pages={567--574},
  year={2009},
  organization={PMLR}
}

@misc{dua2017uci,
  author = {Dua, Dheeru and Graff, Casey},
  year = {2017},
  title = {{UCI Machine Learning Repository}},
  howpublished = {\url{http://archive.ics.uci.edu/ml}},
  institution = {University of California, Irvine, School of Information and Computer Sciences}
}

@article{gardner2018gpytorch,
  title={{GPyTorch: Blackbox matrix-matrix Gaussian process inference with GPU acceleration}},
  author={Gardner, Jacob and Pleiss, Geoff and Weinberger, Kilian Q and Bindel, David and Wilson, Andrew G},
  journal={Advances in neural information processing systems},
  volume={31},
  year={2018}
}

@inproceedings{he2016deep,
  title={Deep residual learning for image recognition},
  author={He, Kaiming and Zhang, Xiangyu and Ren, Shaoqing and Sun, Jian},
  booktitle={Proceedings of the IEEE conference on computer vision and pattern recognition},
  pages={770--778},
  year={2016}
}

@inproceedings{guo2017calibration,
  title={On calibration of modern neural networks},
  author={Guo, Chuan and Pleiss, Geoff and Sun, Yu and Weinberger, Kilian Q},
  booktitle={International conference on machine learning},
  pages={1321--1330},
  year={2017},
  organization={PMLR}
}

@inproceedings{damianou2013deep,
  title={{Deep Gaussian processes}},
  author={Damianou, Andreas and Lawrence, Neil D},
  booktitle={Artificial intelligence and statistics},
  pages={207--215},
  year={2013},
  organization={PMLR}
}

@misc{lecun1998mnist,
  title={{The MNIST database of handwritten digits}},
 author={LeCun, Yann and Cortes, Corinna and Burges, Christopher J},
 year={1998},
  howpublished ={\url{https://yann.lecun.com/exdb/mnist/}},
}

@article{krizhevsky2009learning,
  title={Learning multiple layers of features from tiny images},
  author={Krizhevsky, Alex and Hinton, Geoffrey and others},
  year={2009},
  journal={Technical report, University of Toronto},
  publisher={Toronto, ON, Canada},
  note = {\url{https://www.cs.toronto.edu/~kriz/cifar.html}}
}

@inproceedings{nair2010rectified,
  title={{Rectified linear units improve restricted Boltzmann machines}},
  author={Nair, Vinod and Hinton, Geoffrey E},
  booktitle={Proceedings of the 27th international conference on machine learning},
  pages={807--814},
  year={2010}
}

@article{quinonero2005unifying,
  title={{A unifying view of sparse approximate Gaussian process regression}},
  author={Quinonero-Candela, Joaquin and Rasmussen, Carl Edward},
  journal={The Journal of Machine Learning Research},
  volume={6},
  pages={1939--1959},
  year={2005},
  publisher={JMLR. org}
}

@inproceedings{matias2024amortized,
title={Amortized variational Deep Kernel Learning},
author={Alan L. S. Matias and C{\'e}sar Lincoln Mattos and Jo{\~a}o Paulo Pordeus Gomes and Diego Mesquita},
booktitle={Forty-first International Conference on Machine Learning},
year={2024},
url={https://openreview.net/forum?id=MSMKQuZhD5},
note = {URL \url{https://github.com/alanlsmatias/amortized-variational-dkl}}
}


@InProceedings{jafrasteh2021input,
  title = {Input Dependent Sparse {G}aussian Processes},
  author =  {Jafrasteh, Bahram and Villacampa-Calvo, Carlos and Hernandez-Lobato, Daniel},
  booktitle = {Proceedings of the 39th International Conference on Machine Learning},
  pages = {9739--9759},
  year = {2022},
  volume = {162},
  series = {Proceedings of Machine Learning Research},
  month = {17--23 Jul},
  publisher = {PMLR},
}


@article{liu2021deep,
  title={{Deep latent-variable kernel learning}},
  author={Liu, Haitao and Ong, Yew-Soon and Jiang, Xiaomo and Wang, Xiaofang},
  journal={IEEE Transactions on Cybernetics},
  volume={52},
  number={10},
  pages={10276--10289},
  year={2021},
  publisher={IEEE}
}

@article{paszke2019pytorch,
  title={{PyTorch: An imperative style, high-performance deep learning library}},
  author={Paszke, Adam and Gross, Sam and Massa, Francisco and Lerer, Adam and Bradbury, James and Chanan, Gregory and Killeen, Trevor and Lin, Zeming and Gimelshein, Natalia and Antiga, Luca and others},
  journal={Advances in neural information processing systems},
  volume={32},
  year={2019}
}

@article{zeiler2012adadelta,
  title={{ADADELTA: an adaptive learning rate method}},
  author={Zeiler, Matthew D},
  journal={arXiv preprint arXiv:1212.5701},
  year={2012}
}

@inproceedings{sutskever2013importance,
  title={{On the importance of initialization and momentum in deep learning}},
  author={Sutskever, Ilya and Martens, James and Dahl, George and Hinton, Geoffrey},
  booktitle={International conference on machine learning},
  pages={1139--1147},
  year={2013},
  organization={PMLR}
}

@article{harrison2024variational,
  title={{Variational Bayesian last layers}},
  author={Harrison, James and Willes, John and Snoek, Jasper},
  journal={arXiv preprint arXiv:2404.11599},
  year={2024}
}

@article{wang2020prediction,
  title={On prediction properties of kriging: Uniform error bounds and robustness},
  author={Wang, Wenjia and Tuo, Rui and Jeff Wu, CF},
  journal={Journal of the American Statistical Association},
  volume={115},
  number={530},
  pages={920--930},
  year={2020},
  publisher={Taylor \& Francis}
}

@article{yakowitz1985comparison,
  title={A comparison of kriging with nonparametric regression methods},
  author={Yakowitz, SJ and Szidarovszky, F},
  journal={Journal of Multivariate Analysis},
  volume={16},
  number={1},
  pages={21--53},
  year={1985},
  publisher={Elsevier}
}
