@String(PAMI = {IEEE Trans. Pattern Anal. Mach. Intell.})
@String(IJCV = {Int. J. Comput. Vis.})
@String(CVPR= {IEEE Conf. Comput. Vis. Pattern Recog.})
@String(ICCV= {Int. Conf. Comput. Vis.})
@String(ECCV= {Eur. Conf. Comput. Vis.})
@String(NIPS= {Adv. Neural Inform. Process. Syst.})
@String(ICPR = {Int. Conf. Pattern Recog.})
@String(BMVC= {Brit. Mach. Vis. Conf.})
@String(TOG= {ACM Trans. Graph.})
@String(TIP  = {IEEE Trans. Image Process.})
@String(TSP  = {IEEE Trans. Signal Process.})
@String(TVCG  = {IEEE Trans. Vis. Comput. Graph.})
@String(TMM  = {IEEE Trans. Multimedia})
@String(TVCG  = {IEEE Trans. Robot.})
@String(ACMMM= {ACM Int. Conf. Multimedia})
@String(ICME = {Int. Conf. Multimedia and Expo})
@String(ICASSP=	{ICASSP})
@String(ICIP = {IEEE Int. Conf. Image Process.})
@String(ACCV  = {ACCV})
@String(ICLR = {Int. Conf. Learn. Represent.})
@String(IJCAI = {IJCAI})
@String(PR   = {Pattern Recognition})
@String(AAAI = {AAAI})
@String(CVPRW= {IEEE Conf. Comput. Vis. Pattern Recog. Worksh.})
@String(CSVT = {IEEE Trans. Circuit Syst. Video Technol.})
@String(TGRS = {IEEE Trans. Geosci. Remote. Sens.})
@String(TITS = {IEEE Trans. Intell. Transp. Syst.})
@String(CVIU = {Comput. Vis. Image Und.})

@String(SPL	= {IEEE Sign. Process. Letters})
@String(VR   = {Vis. Res.})
@String(JOV	 = {J. Vis.})
@String(TVC  = {The Vis. Comput.})
@String(JCST  = {J. Comput. Sci. Tech.})
@String(CGF  = {Comput. Graph. Forum})
@String(CVM = {Computational Visual Media})
@String(ICRA = {IEEE Int. Conf. Rob. Autom.})
@String(IROS = {IEEE Int. Conf. Intell. Rob. Syst.})


@String(PAMI  = {IEEE TPAMI})
@String(IJCV  = {IJCV})
@String(CVPR  = {CVPR})
@String(ICCV  = {ICCV})
@String(ECCV  = {ECCV})
@String(NIPS  = {NeurIPS})
@String(ICPR  = {ICPR})
@String(BMVC  =	{BMVC})
@String(TOG   = {ACM TOG})
@String(TIP   = {IEEE TIP})
@String(TVCG  = {IEEE TVCG})
@String(TCSVT = {IEEE TCSVT})
@String(TGRS  = {IEEE TGRS})
@String(TMM   =	{IEEE TMM})
@String(TRO   = {IEEE TRO})
@String(TITS = {IEEE TITS})
@String(ACMMM = {ACM MM})
@String(ICME  =	{ICME})
@String(ICASSP=	{ICASSP})
@String(ICIP  = {ICIP})
@String(ACCV  = {ACCV})
@String(ICLR  = {ICLR})
@String(IJCAI = {IJCAI})
@String(PR = {PR})
@String(AAAI = {AAAI})
@String(CVPRW= {CVPRW})
@String(CSVT = {IEEE TCSVT})
@String(ICRA = {ICRA})
@String(IROS = {IROS})
@String(CVIU = {CVIU})
@String(RSS = {Robotics: science and systems})



@inproceedings{liu2023density,
  title={Density-invariant Features for Distant Point Cloud Registration},
  author={Liu, Quan and Zhu, Hongzi and Zhou, Yunsong and Li, Hongyang and Chang, Shan and Guo, Minyi},
  booktitle=ICCV,
  pages={18215--18225},
  year={2023}
}


@inproceedings{sun2020circle,
  title={Circle loss: A unified perspective of pair similarity optimization},
  author={Sun, Yifan and Cheng, Changmao and Zhang, Yuhan and Zhang, Chi and Zheng, Liang and Wang, Zhongdao and Wei, Yichen},
  booktitle=CVPR,
  pages={6398--6407},
  year={2020}
}

@article{yang2020teaser,
  title={Teaser: Fast and certifiable point cloud registration},
  author={Yang, Heng and Shi, Jingnan and Carlone, Luca},
  journal=TRO,
  volume={37},
  number={2},
  pages={314--333},
  year={2020},
  publisher={IEEE}
}

@ARTICLE{zhao2023spherenet,
  author={Zhao, Guiyu and Guo, Zhentao and Wang, Xin and Ma, Hongbin},
  journal=TGRS, 
  title={SphereNet: Learning a Noise-Robust and General Descriptor for Point Cloud Registration}, 
  year={2024},
  volume={62},
  number={},
  pages={1-16}
}


@inproceedings{lin2017feature,
  title={Feature pyramid networks for object detection},
  author={Lin, Tsung-Yi and Doll{\'a}r, Piotr and Girshick, Ross and He, Kaiming and Hariharan, Bharath and Belongie, Serge},
  booktitle=CVPR,
  pages={2117--2125},
  year={2017}
}

@inproceedings{zhou2016fast,
  title={Fast global registration},
  author={Zhou, Qian-Yi and Park, Jaesik and Koltun, Vladlen},
  booktitle=ECCV,
  pages={766--782},
  year={2016},
}

@article{chetverikov2005robust,
  title={Robust Euclidean alignment of 3D point sets: the trimmed iterative closest point algorithm},
  author={Chetverikov, Dmitry and Stepanov, Dmitry and Krsek, Pavel},
  journal={Image Vision Comput.},
  volume={23},
  number={3},
  pages={299--309},
  year={2005},
}

@inproceedings{peng2014street,
  title={Street view cross-sourced point cloud matching and registration},
  author={Peng, Furong and Wu, Qiang and Fan, Lixin and Zhang, Jian and You, Yu and Lu, Jianfeng and Yang, Jing-Yu},
  booktitle=ICIP,
  pages={2026--2030},
  year={2014},
}

@inproceedings{jubran2021provably,
  title={Provably approximated point cloud registration},
  author={Jubran, Ibrahim and Maalouf, Alaa and Kimmel, Ron and Feldman, Dan},
  booktitle=ICCV,
  pages={13269--13278},
  year={2021}
}

@inproceedings{sarlin2020superglue,
  title={Superglue: Learning feature matching with graph neural networks},
  author={Sarlin, Paul-Edouard and DeTone, Daniel and Malisiewicz, Tomasz and Rabinovich, Andrew},
  booktitle=CVPR,
  pages={4938--4947},
  year={2020}
}

@ARTICLE{ICP,
  author={Besl, P.J. and McKay, Neil D.},
  journal=PAMI, 
  title={A method for registration of 3-D shapes}, 
  year={1992},
  volume={14},
  number={2},
  pages={239-256},
}

@inproceedings{leordeanu2005spectral,
  title={A spectral technique for correspondence problems using pairwise constraints},
  author={Leordeanu, Marius and Hebert, Martial},
  booktitle=ICCV,
  volume={2},
  pages={1482--1489},
  year={2005},
}

@inproceedings{he2016deep,
  title={Deep residual learning for image recognition},
  author={He, Kaiming and Zhang, Xiangyu and Ren, Shaoqing and Sun, Jian},
  booktitle=CVPR,
  pages={770--778},
  year={2016}
}

@INPROCEEDINGS{Segregator,
  author={Yin, Pengyu and Yuan, Shenghai and Cao, Haozhi and Ji, Xingyu and Zhang, Shuyang and Xie, Lihua},
  booktitle=ICRA, 
  title={Segregator: Global Point Cloud Registration with Semantic and Geometric Cues}, 
  year={2023},
  pages={2848-2854},
}

@inproceedings{chen2022sc2,
  title={Sc2-pcr: A second order spatial compatibility for efficient and robust point cloud registration},
  author={Chen, Zhi and Sun, Kun and Yang, Fan and Tao, Wenbing},
  booktitle=CVPR,
  pages={13221--13231},
  year={2022}
}

@article{salti2014shot,
  title={SHOT: Unique signatures of histograms for surface and texture description},
  author={Salti, Samuele and Tombari, Federico and Di Stefano, Luigi},
  journal=CVIU,
  volume={125},
  pages={251--264},
  year={2014},
  publisher={Elsevier}
}

@inproceedings{peng2021sparse,
  title={Sparse-to-dense feature matching: Intra and inter domain cross-modal learning in domain adaptation for 3d semantic segmentation},
  author={Peng, Duo and Lei, Yinjie and Li, Wen and Zhang, Pingping and Guo, Yulan},
  booktitle=ICCV,
  pages={7108--7117},
  year={2021}
}

@article{li2023sparse,
  title={Sparse-to-Local-Dense Matching for Geometry-Guided Correspondence Estimation},
  author={Li, Shenghao and Zhao, Qunfei and Xia, Zeyang},
  journal=TIP,
  year={2023},
  volume={32},
  number={},
  pages={3536-3551},
  publisher={IEEE}
}

@article{PointSignatures,
  title={Point Signatures: A New Representation for 3D Object Recognition},
  author={Chua, Chin Seng and Jarvis, Ray},
  journal={IJCV},
  volume={25},
  pages={63--85},
  year={1997},
  publisher={Springer}
}

@article{spinimage,
  title={Using Spin Images for Efficient Object Recognition in Cluttered 3D Scenes},
  author={Johnson, Andrew E and Hebert, Martial},
  journal={TPAMI},
  volume={21},
  number={5},
  pages={433--449},
  year={1999},
  publisher={IEEE}
}

@inproceedings{3D-3D,
  title={The 3D-3D Registration Problem Revisited},
  author={Li, Hongdong and Hartley, Richard},
  booktitle={ICCV},
  pages={1--8},
  year={2007},
  organization={IEEE}
}

@article{lu2023sparse,
  title={Sparse-to-Dense Matching Network for Large-scale LiDAR Point Cloud Registration},
  author={Lu, Fan and Chen, Guang and Liu, Yinlong and Zhan, Yibing and Li, Zhijun and Tao, Dacheng and Jiang, Changjun},
  journal= PAMI,
  year={2023},
  volume={45},
  number={9},
  pages={11270-11282},
}

@ARTICLE{10054148,
  author={Truong, Prune and Danelljan, Martin and Timofte, Radu and Van Gool, Luc},
  journal= PAMI, 
  title={PDC-Net+: Enhanced Probabilistic Dense Correspondence Network}, 
  year={2023},
  volume={45},
  number={8},
  pages={10247-10266},

}

@INPROCEEDINGS{FPFH,
author={Rusu, Radu Bogdan and Blodow, Nico and Beetz, Michael},
booktitle=ICRA, 
title={Fast Point Feature Histograms (FPFH) for 3D registration}, 
year={2009},
pages={3212-3217},
}

@INPROCEEDINGS{PFH,
author={Rusu, Radu Bogdan and Blodow, Nico and Marton, Zoltan Csaba and Beetz, Michael},
booktitle=IROS, 
title={Aligning point cloud views using persistent feature histograms}, 
year={2008},
pages={3384-3391},
}

@article{csurka2017domain,
  title={Domain adaptation for visual applications: A comprehensive survey},
  author={Csurka, Gabriela},
  journal={arXiv preprint arXiv:1702.05374},
  year={2017}
}

@article{yu2021cofinet,
  title={Cofinet: Reliable coarse-to-fine correspondences for robust pointcloud registration},
  author={Yu, Hao and Li, Fu and Saleh, Mahdi and Busam, Benjamin and Ilic, Slobodan},
  journal=NIPS,
  volume={34},
  pages={23872--23884},
  year={2021}
}

@inproceedings{qin2022geometric,
  title={Geometric transformer for fast and robust point cloud registration},
  author={Qin, Zheng and Yu, Hao and Wang, Changjian and Guo, Yulan and Peng, Yuxing and Xu, Kai},
  booktitle=CVPR,
  pages={11143--11152},
  year={2022}
}

@article{yang2023mutual,
  title={Mutual voting for ranking 3D correspondences},
  author={Yang, Jiaqi and Zhang, Xiyu and Fan, Shichao and Ren, Chunlin and Zhang, Yanning},
  journal=PAMI,
  year={2023},
  publisher={IEEE}
}

@article{yang2022one,
  title={One-Inlier is First: Towards Efficient Position Encoding for Point Cloud Registration},
  author={Yang, Fan and Guo, Lin and Chen, Zhi and Tao, Wenbing},
  journal=NIPS,
  volume={35},
  pages={6982--6995},
  year={2022}
}

@inproceedings{segal2009generalized,
  title={Generalized-icp.},
  author={Segal, Aleksandr and Haehnel, Dirk and Thrun, Sebastian},
  booktitle={RSS},
  pages={435},
  year={2009},
  organization={Seattle, WA}
}

@article{sharp2002icp,
  title={ICP registration using invariant features},
  author={Sharp, Gregory C and Lee, Sang W and Wehe, David K},
  journal=PAMI,
  volume={24},
  number={1},
  pages={90--102},
  year={2002},
}

@article{yang2015go,
  title={Go-ICP: A globally optimal solution to 3D ICP point-set registration},
  author={Yang, Jiaolong and Li, Hongdong and Campbell, Dylan and Jia, Yunde},
  journal=PAMI,
  volume={38},
  number={11},
  pages={2241--2254},
  year={2015},
}

@inproceedings{yang2013go,
  title={Go-icp: Solving 3d registration efficiently and globally optimally},
  author={Yang, Jiaolong and Li, Hongdong and Jia, Yunde},
  booktitle=ICCV,
  pages={1457--1464},
  year={2013}
}

@inproceedings{ao2021spinnet,
  title={Spinnet: Learning a general surface descriptor for 3d point cloud registration},
  author={Ao, Sheng and Hu, Qingyong and Yang, Bo and Markham, Andrew and Guo, Yulan},
  booktitle=CVPR,
  pages={11753--11762},
  year={2021}
}

@inproceedings{zeng20173dmatch,
  title={3dmatch: Learning local geometric descriptors from rgb-d reconstructions},
  author={Zeng, Andy and Song, Shuran and Nie{\ss}ner, Matthias and Fisher, Matthew and Xiao, Jianxiong and Funkhouser, Thomas},
  booktitle=CVPR,
  pages={1802--1811},
  year={2017}
}

@inproceedings{bai2020d3feat,
  title={D3feat: Joint learning of dense detection and description of 3d local features},
  author={Bai, Xuyang and Luo, Zixin and Zhou, Lei and Fu, Hongbo and Quan, Long and Tai, Chiew-Lan},
  booktitle=CVPR,
  pages={6359--6367},
  year={2020}
}

@INPROCEEDINGS{gojcic2019perfect,
  author={Gojcic, Zan and Zhou, Caifa and Wegner, Jan D. and Wieser, Andreas},
  booktitle=CVPR,
  title={The Perfect Match: 3D Point Cloud Matching With Smoothed Densities}, 
  year={2019},

  pages={5540-5549},
}

@inproceedings{wang2021you,
  title={You only hypothesize once: Point cloud registration with rotation-equivariant descriptors},
  author={Wang, Haiping and Liu, Yuan and Dong, Zhen and Wang, Wenping},
  booktitle=ACMMM,
  pages={1630--1641},
  year={2022}
}

@inproceedings{huang2021predator,
  title={Predator: Registration of 3d point clouds with low overlap},
  author={Huang, Shengyu and Gojcic, Zan and Usvyatsov, Mikhail and Wieser, Andreas and Schindler, Konrad},
  booktitle=CVPR,
  pages={4267--4276},
  year={2021}
}

@inproceedings{choy20194d,
  title={4d spatio-temporal convnets: Minkowski convolutional neural networks},
  author={Choy, Christopher and Gwak, JunYoung and Savarese, Silvio},
  booktitle=CVPR,
  pages={3075--3084},
  year={2019}
}

@inproceedings{yew20183dfeat,
  title={3dfeat-net: Weakly supervised local 3d features for point cloud registration},
  author={Yew, Zi Jian and Lee, Gim Hee},
  booktitle=ECCV,
  pages={607--623},
  year={2018}
}


@inproceedings{li2022lepard,
  title={Lepard: Learning partial point cloud matching in rigid and deformable scenes},
  author={Li, Yang and Harada, Tatsuya},
  booktitle=CVPR,
  pages={5554--5564},
  year={2022}
}

@article{qi2017pointnet++,
  title={Pointnet++: Deep hierarchical feature learning on point sets in a metric space},
  author={Qi, Charles Ruizhongtai and Yi, Li and Su, Hao and Guibas, Leonidas J},
  journal=NIPS,
  volume={30},
  year={2017}
}

@article{huang2021comprehensive,
  title={A comprehensive survey on point cloud registration},
  author={Huang, Xiaoshui and Mei, Guofeng and Zhang, Jian and Abbas, Rana},
  journal={arXiv preprint arXiv:2103.02690},
  year={2021}
}

@article{fischler1981random,
  title={Random sample consensus: a paradigm for model fitting with applications to image analysis and automated cartography},
  author={Fischler, Martin A and Bolles, Robert C},
  journal={Commun. ACM},
  volume={24},
  number={6},
  pages={381--395},
  year={1981},
}


@article{vaswani2017attention,
  title={Attention is all you need},
  author={Vaswani, Ashish and Shazeer, Noam and Parmar, Niki and Uszkoreit, Jakob and Jones, Llion and Gomez, Aidan N and Kaiser, {\L}ukasz and Polosukhin, Illia},
  journal=NIPS,
  volume={30},
  year={2017}
}

@inproceedings{thomas2019kpconv,
  title={Kpconv: Flexible and deformable convolution for point clouds},
  author={Thomas, Hugues and Qi, Charles R and Deschaud, Jean-Emmanuel and Marcotegui, Beatriz and Goulette, Fran{\c{c}}ois and Guibas, Leonidas J},
  booktitle=ICCV, 
  pages={6411--6420},
  year={2019}
}


@INPROCEEDINGS{choy2019fully,
  author={Choy, Christopher and Park, Jaesik and Koltun, Vladlen},
  booktitle=ICCV, 
  title={Fully Convolutional Geometric Features}, 
  year={2019},

  pages={8957-8965},
}

@article{poiesi2022learning,
  title={Learning general and distinctive 3D local deep descriptors for point cloud registration},
  author={Poiesi, Fabio and Boscaini, Davide},
  journal=PAMI,
  volume={45},
  number={3},
  pages={3979--3985},
  year={2022},
  publisher={IEEE}
}

@inproceedings{ao2023buffer,
  title={BUFFER: Balancing Accuracy, Efficiency, and Generalizability in Point Cloud Registration},
  author={Ao, Sheng and Hu, Qingyong and Wang, Hanyun and Xu, Kai and Guo, Yulan},
  booktitle=CVPR,
  pages={1255--1264},
  year={2023}
}

@inproceedings{lin2023coarse,
  title={Coarse-to-fine point cloud registration with se (3)-equivariant representations},
  author={Lin, Cheng-Wei and Chen, Tung-I and Lee, Hsin-Ying and Chen, Wen-Chin and Hsu, Winston H},
  booktitle=ICRA,
  pages={2833--2840},
  year={2023},
}

@inproceedings{yu2023rotation,
  title={Rotation-invariant transformer for point cloud matching},
  author={Yu, Hao and Qin, Zheng and Hou, Ji and Saleh, Mahdi and Li, Dongsheng and Busam, Benjamin and Ilic, Slobodan},
  booktitle=CVPR,
  pages={5384--5393},
  year={2023}
}

@inproceedings{li20232d3d,
  title={2D3D-MATR: 2D-3D Matching Transformer for Detection-free Registration between Images and Point Clouds},
  author={Li, Minhao and Qin, Zheng and Gao, Zhirui and Yi, Renjiao and Zhu, Chenyang and Guo, Yulan and Xu, Kai},
  booktitle=CVPR,
  pages={14128--14138},
  year={2023}
}

@inproceedings{min2021distinctiveness,
  title={Distinctiveness oriented positional equilibrium for point cloud registration},
  author={Min, Taewon and Song, Chonghyuk and Kim, Eunseok and Shim, Inwook},
  booktitle=CVPR,
  pages={5490--5498},
  year={2021}
}

@article{huang2023cross,
  title={Cross-source point cloud registration: Challenges, progress and prospects},
  author={Huang, Xiaoshui and Mei, Guofeng and Zhang, Jian},
  journal={Neurocomputing},
  pages={126383},
  year={2023},
}

@article{ao2022YOTO,
  title={You only train once: Learning general and distinctive 3d local descriptors},
  author={Ao, Sheng and Guo, Yulan and Hu, Qingyong and Yang, Bo and Markham, Andrew and Chen, Zengping},
  journal=PAMI,
  volume={45},
  number={3},
  pages={3949--3967},
  year={2022},
}

@article{zhao2023accurate,
  title={Accurate Registration of Cross-Modality Geometry via Consistent Clustering},
  author={Zhao, Mingyang and Huang, Xiaoshui and Jiang, Jingen and Mou, Luntian and Yan, Dong-Ming and Ma, Lei},
  journal=TVCG,
  year={2023},
}

@article{huang2017coarse,
  title={A coarse-to-fine algorithm for matching and registration in 3D cross-source point clouds},
  author={Huang, Xiaoshui and Zhang, Jian and Wu, Qiang and Fan, Lixin and Yuan, Chun},
  journal=TCSVT,
  volume={28},
  number={10},
  pages={2965--2977},
  year={2017},
}

@inproceedings{huang2019fast,
  title={Fast registration for cross-source point clouds by using weak regional affinity and pixel-wise refinement},
  author={Huang, Xiaoshui and Fan, Lixin and Wu, Qiang and Zhang, Jian and Yuan, Chun},
  booktitle=ICME,
  pages={1552--1557},
  year={2019},
}

@article{ling2022graph,
  title={A graph-matching approach for cross-view registration of over-view and street-view based point clouds},
  author={Ling, Xiao and Qin, Rongjun},
  journal={ISPRS J. Photogramm.},
  volume={185},
  pages={2--15},
  year={2022},
  publisher={Elsevier}
}

@article{gath1989unsupervised,
  title={Unsupervised optimal fuzzy clustering},
  author={Gath, Isak and Geva, Amir B.},
  journal=PAMI,
  volume={11},
  number={7},
  pages={773--780},
  year={1989},
}

@article{tazir2018cicp,
  title={CICP: Cluster Iterative Closest Point for sparse--dense point cloud registration},
  author={Tazir, M Lamine and Gokhool, Tawsif and Checchin, Paul and Malaterre, Laurent and Trassoudaine, Laurent},
  journal={Rob. Auton. Syst.},
  volume={108},
  pages={66--86},
  year={2018},
}

@inproceedings{wohlkinger2011ensemble,
  title={Ensemble of shape functions for 3D object classification},
  author={Wohlkinger, Walter and Vincze, Markus},
  booktitle={ROBIO},
  pages={2987--2992},
  year={2011},
}

@inproceedings{lu2021hregnet,
  title={Hregnet: A hierarchical network for large-scale outdoor lidar point cloud registration},
  author={Lu, Fan and Chen, Guang and Liu, Yinlong and Zhang, Lijun and Qu, Sanqing and Liu, Shu and Gu, Rongqi},
  booktitle=ICCV,
  pages={16014--16023},
  year={2021}
}

@inproceedings{choy2020deep,
  title={Deep global registration},
  author={Choy, Christopher and Dong, Wei and Koltun, Vladlen},
  booktitle=CVPR,
  pages={2514--2523},
  year={2020}
}

@inproceedings{huang2020feature,
  title={Feature-metric registration: A fast semi-supervised approach for robust point cloud registration without correspondences},
  author={Huang, Xiaoshui and Mei, Guofeng and Zhang, Jian},
  booktitle=CVPR,
  pages={11366--11374},
  year={2020}
}

@inproceedings{zhang20233d,
  title={3D Registration with Maximal Cliques},
  author={Zhang, Xiyu and Yang, Jiaqi and Zhang, Shikun and Zhang, Yanning},
  booktitle=CVPR,
  pages={17745--17754},
  year={2023}
}

@article{bergstrom2014robust,
  title={Robust registration of point sets using iteratively reweighted least squares},
  author={Bergstr{\"o}m, Per and Edlund, Ove},
  journal={Comput. Optim. Appl.},
  volume={58},
  pages={543--561},
  year={2014},
  publisher={Springer}
}


@article{mallick2014characterizations,
  title={Characterizations of noise in Kinect depth images: A review},
  author={Mallick, Tanwi and Das, Partha Pratim and Majumdar, Arun Kumar},
  journal={IEEE Sens. J.},
  volume={14},
  number={6},
  pages={1731--1740},
  year={2014},
}

@article{roriz2021automotive,
  title={Automotive LiDAR technology: A survey},
  author={Roriz, Ricardo and Cabral, Jorge and Gomes, Tiago},
  journal=TITS,
  volume={23},
  number={7},
  pages={6282--6297},
  year={2021},
}

@inproceedings{KITTIdataset,
  author={Geiger, Andreas and Lenz, Philip and Urtasun, Raquel},
  booktitle=CVPR,
  title={Are we ready for autonomous driving? The KITTI vision benchmark suite}, 
  year={2012},
  pages={3354-3361},
  }

@article{ma2023ff,
  title={FF-LOGO: Cross-Modality Point Cloud Registration with Feature Filtering and Local to Global Optimization},
  author={Ma, Nan and Wang, Mohan and Han, Yiheng and Liu, Yong-Jin},
  journal={arXiv preprint arXiv:2309.08966},
  year={2023}
}

@inproceedings{yu2023peal,
  title={PEAL: Prior-embedded explicit attention learning for low-overlap point cloud registration},
  author={Yu, Junle and Ren, Luwei and Zhang, Yu and Zhou, Wenhui and Lin, Lili and Dai, Guojun},
  booktitle=CVPR,
  pages={17702--17711},
  year={2023}
}

@article{yin2024survey,
  title={A survey on global lidar localization: Challenges, advances and open problems},
  author={Yin, Huan and Xu, Xuecheng and Lu, Sha and Chen, Xieyuanli and Xiong, Rong and Shen, Shaojie and Stachniss, Cyrill and Wang, Yue},
  journal=IJCV,
  pages={1--33},
  year={2024},
}

@article{yu2024learning,
  title={Learning Instance-Aware Correspondences for Robust Multi-Instance Point Cloud Registration in Cluttered Scenes},
  author={Yu, Zhiyuan and Qin, Zheng and Zheng, Lintao and Xu, Kai},
  journal={arXiv preprint arXiv:2404.04557},
  year={2024}
}

@article{chen2023sc2,
  title={Sc2-PCR++: Rethinking the Generation and Selection for Efficient and Robust Point Cloud Registration},
  author={Chen, Zhi and Sun, Kun and Yang, Fan and Guo, Lin and Tao, Wenbing},
  journal=PAMI,
  year={2023},
}


@article{olsson2008branch,
  title={Branch-and-bound methods for euclidean registration problems},
  author={Olsson, Carl and Kahl, Fredrik and Oskarsson, Magnus},
  journal=PAMI,
  volume={31},
  number={5},
  pages={783--794},
  year={2008},
}

@inproceedings{zheng2011deterministically,
  title={Deterministically maximizing feasible subsystem for robust model fitting with unit norm constraint},
  author={Zheng, Yinqiang and Sugimoto, Shigeki and Okutomi, Masatoshi},
  booktitle=CVPR,
  pages={1825--1832},
  year={2011},
}

@inproceedings{eppstein2010listing,
  title={Listing all maximal cliques in sparse graphs in near-optimal time},
  author={Eppstein, David and L{\"o}ffler, Maarten and Strash, Darren},
  booktitle={Algorithms and Computation: 21st International Symposium},
  pages={403--414},
  year={2010},
}

@inproceedings{barath2022space,
  title={Space-Partitioning RANSAC},
  author={Barath, Daniel and Valasek, G{\'a}bor},
  booktitle=ECCV,
  pages={721--737},
  year={2022},
}

@inproceedings{barath2018graph,
  title={Graph-cut RANSAC},
  author={Barath, Daniel and Matas, Ji{\v{r}}{\'\i}},
  booktitle=CVPR,
  pages={6733--6741},
  year={2018}
}



@article{chum2008optimal,
  title={Optimal randomized RANSAC},
  author={Chum, Ond{\v{r}}ej and Matas, Ji{\v{r}}{\'\i}},
  journal=PAMI,
  volume={30},
  number={8},
  pages={1472--1482},
  year={2008},
}

@inproceedings{schnabel2007efficient,
  title={Efficient RANSAC for point-cloud shape detection},
  author={Schnabel, Ruwen and Wahl, Roland and Klein, Reinhard},
  booktitle={Comput. Graph Forum},
  volume={26},
  number={2},
  pages={214--226},
  year={2007},
}



@INPROCEEDINGS{3DRegNet,
  author={Pais, G. Dias and Ramalingam, Srikumar and Govindu, Venu Madhav and Nascimento, Jacinto C. and Chellappa, Rama and Miraldo, Pedro},
  booktitle=CVPR, 
  title={3DRegNet: A Deep Neural Network for 3D Point Registration}, 
  year={2020},
  volume={},
  number={},
  pages={7191-7201},
}

@INPROCEEDINGS{CN-Net,
  author={Yi, Kwang Moo and Trulls, Eduard and Ono, Yuki and Lepetit, Vincent and Salzmann, Mathieu and Fua, Pascal},
  booktitle=CVPR, 
  title={Learning to Find Good Correspondences}, 
  year={2018},
  volume={},
  number={},
  pages={2666-2674},
}

@INPROCEEDINGS{PointDSC,
  title={Pointdsc: Robust point cloud registration using deep spatial consistency},
  author={Bai, Xuyang and Luo, Zixin and Zhou, Lei and Chen, Hongkai and Li, Lei and Hu, Zeyu and Fu, Hongbo and Tai, Chiew-Lan},
  booktitle=CVPR,
  pages={15859--15869},
  year={2021}
  }

@inproceedings{jiang2023robust,
  title={Robust outlier rejection for 3d registration with variational bayes},
  author={Jiang, Haobo and Dang, Zheng and Wei, Zhen and Xie, Jin and Yang, Jian and Salzmann, Mathieu},
  booktitle=CVPR,
  pages={1148--1157},
  year={2023}
}

@article{yao2023hunter,
  title={Hunter: Exploring High-Order Consistency for Point Cloud Registration With Severe Outliers},
  author={Yao, Runzhao and Du, Shaoyi and Cui, Wenting and Ye, Aixue and Wen, Feng and Zhang, Hongbo and Tian, Zhiqiang and Gao, Yue},
  journal=PAMI,
  year={2023},
  publisher={IEEE}
}

@inproceedings{lee2021deep,
  title={Deep hough voting for robust global registration},
  author={Lee, Junha and Kim, Seungwook and Cho, Minsu and Park, Jaesik},
  booktitle=CVPR,
  pages={15994--16003},
  year={2021}
}

@article{guo2013rotational,
  title={Rotational projection statistics for 3D local surface description and object recognition},
  author={Guo, Yulan and Sohel, Ferdous and Bennamoun, Mohammed and Lu, Min and Wan, Jianwei},
  journal=IJCV,
  volume={105},
  pages={63--86},
  year={2013},
}

@article{chen2017fast,
  title={Fast resampling of three-dimensional point clouds via graphs},
  author={Chen, Siheng and Tian, Dong and Feng, Chen and Vetro, Anthony and Kova{\v{c}}evi{\'c}, Jelena},
  journal=TSP,
  volume={66},
  number={3},
  pages={666--681},
  year={2017},
}

@article{yang2021toward,
  title={Toward efficient and robust metrics for RANSAC hypotheses and 3D rigid registration},
  author={Yang, Jiaqi and Huang, Zhiqiang and Quan, Siwen and Zhang, Qian and Zhang, Yanning and Cao, Zhiguo},
  journal=TCSVT,
  volume={32},
  number={2},
  pages={893--906},
  year={2021},
}


@inproceedings{hu2020randla,
  title={Randla-net: Efficient semantic segmentation of large-scale point clouds},
  author={Hu, Qingyong and Yang, Bo and Xie, Linhai and Rosa, Stefano and Guo, Yulan and Wang, Zhihua and Trigoni, Niki and Markham, Andrew},
  booktitle=CVPR,
  pages={11108--11117},
  year={2020}
}

@inproceedings{zhang2024fastmac,
  title={FastMAC: Stochastic Spectral Sampling of Correspondence Graph},
  author={Zhang, Yifei and Zhao, Hao and Li, Hongyang and Chen, Siheng},
  booktitle=CVPR,
  pages={17857--17867},
  year={2024}
}

@inproceedings{jin2024multiway,
  title={Multiway Point Cloud Mosaicking with Diffusion and Global Optimization},
  author={Jin, Shengze and Armeni, Iro and Pollefeys, Marc and Barath, Daniel},
  booktitle=CVPR,
  pages={20838--20849},
  year={2024}
}


@inproceedings{xiong2023speal,
  title={SPEAL: Skeletal Prior Embedded Attention Learning for Cross-Source Point Cloud Registration},
  author={Xiong, Kezheng and Zheng, Maoji and Xu, Qingshan and Wen, Chenglu and Shen, Siqi and Wang, Cheng},
  booktitle=AAAI,
  volume={38},
  number={6},
  pages={6279--6287},
  year={2024}
}