@INPROCEEDINGS{3DRegNet,
  author={Pais, G. Dias and Ramalingam, Srikumar and Govindu, Venu Madhav and Nascimento, Jacinto C. and Chellappa, Rama and Miraldo, Pedro},
  booktitle=CVPR, 
  title={3DRegNet: A Deep Neural Network for 3D Point Registration}, 
  year={2020},
  volume={},
  number={},
  pages={7191-7201},
}

@INPROCEEDINGS{CN-Net,
  author={Yi, Kwang Moo and Trulls, Eduard and Ono, Yuki and Lepetit, Vincent and Salzmann, Mathieu and Fua, Pascal},
  booktitle=CVPR, 
  title={Learning to Find Good Correspondences}, 
  year={2018},
  volume={},
  number={},
  pages={2666-2674},
}

@INPROCEEDINGS{FPFH,
author={Rusu, Radu Bogdan and Blodow, Nico and Beetz, Michael},
booktitle=ICRA, 
title={Fast Point Feature Histograms (FPFH) for 3D registration}, 
year={2009},
pages={3212-3217},
}

@INPROCEEDINGS{PFH,
author={Rusu, Radu Bogdan and Blodow, Nico and Marton, Zoltan Csaba and Beetz, Michael},
booktitle=IROS, 
title={Aligning point cloud views using persistent feature histograms}, 
year={2008},
pages={3384-3391},
}

@INPROCEEDINGS{PointDSC,
  title={Pointdsc: Robust point cloud registration using deep spatial consistency},
  author={Bai, Xuyang and Luo, Zixin and Zhou, Lei and Chen, Hongkai and Li, Lei and Hu, Zeyu and Fu, Hongbo and Tai, Chiew-Lan},
  booktitle=CVPR,
  pages={15859--15869},
  year={2021}
  }

@inproceedings{ao2021spinnet,
  title={Spinnet: Learning a general surface descriptor for 3d point cloud registration},
  author={Ao, Sheng and Hu, Qingyong and Yang, Bo and Markham, Andrew and Guo, Yulan},
  booktitle=CVPR,
  pages={11753--11762},
  year={2021}
}

@inproceedings{ao2023buffer,
  title={BUFFER: Balancing Accuracy, Efficiency, and Generalizability in Point Cloud Registration},
  author={Ao, Sheng and Hu, Qingyong and Wang, Hanyun and Xu, Kai and Guo, Yulan},
  booktitle=CVPR,
  pages={1255--1264},
  year={2023}
}

@inproceedings{barath2018graph,
  title={Graph-cut RANSAC},
  author={Barath, Daniel and Matas, Ji{\v{r}}{\'\i}},
  booktitle=CVPR,
  pages={6733--6741},
  year={2018}
}

@inproceedings{barath2022space,
  title={Space-Partitioning RANSAC},
  author={Barath, Daniel and Valasek, G{\'a}bor},
  booktitle=ECCV,
  pages={721--737},
  year={2022},
}

@inproceedings{chen2022sc2,
  title={Sc2-pcr: A second order spatial compatibility for efficient and robust point cloud registration},
  author={Chen, Zhi and Sun, Kun and Yang, Fan and Tao, Wenbing},
  booktitle=CVPR,
  pages={13221--13231},
  year={2022}
}

@article{chen2023sc2,
  title={Sc2-PCR++: Rethinking the Generation and Selection for Efficient and Robust Point Cloud Registration},
  author={Chen, Zhi and Sun, Kun and Yang, Fan and Guo, Lin and Tao, Wenbing},
  journal=PAMI,
  year={2023},
}

@INPROCEEDINGS{choy2019fully,
  author={Choy, Christopher and Park, Jaesik and Koltun, Vladlen},
  booktitle=ICCV, 
  title={Fully Convolutional Geometric Features}, 
  year={2019},

  pages={8957-8965},
}

@article{chum2008optimal,
  title={Optimal randomized RANSAC},
  author={Chum, Ond{\v{r}}ej and Matas, Ji{\v{r}}{\'\i}},
  journal=PAMI,
  volume={30},
  number={8},
  pages={1472--1482},
  year={2008},
}

@inproceedings{eppstein2010listing,
  title={Listing all maximal cliques in sparse graphs in near-optimal time},
  author={Eppstein, David and L{\"o}ffler, Maarten and Strash, Darren},
  booktitle={Algorithms and Computation: 21st International Symposium},
  pages={403--414},
  year={2010},
}

@article{fischler1981random,
  title={Random sample consensus: a paradigm for model fitting with applications to image analysis and automated cartography},
  author={Fischler, Martin A and Bolles, Robert C},
  journal={Commun. ACM},
  volume={24},
  number={6},
  pages={381--395},
  year={1981},
}

@article{gath1989unsupervised,
  title={Unsupervised optimal fuzzy clustering},
  author={Gath, Isak and Geva, Amir B.},
  journal=PAMI,
  volume={11},
  number={7},
  pages={773--780},
  year={1989},
}

@INPROCEEDINGS{gojcic2019perfect,
  author={Gojcic, Zan and Zhou, Caifa and Wegner, Jan D. and Wieser, Andreas},
  booktitle=CVPR,
  title={The Perfect Match: 3D Point Cloud Matching With Smoothed Densities}, 
  year={2019},

  pages={5540-5549},
}

@article{guo2013rotational,
  title={Rotational projection statistics for 3D local surface description and object recognition},
  author={Guo, Yulan and Sohel, Ferdous and Bennamoun, Mohammed and Lu, Min and Wan, Jianwei},
  journal=IJCV,
  volume={105},
  pages={63--86},
  year={2013},
}

@inproceedings{huang2021predator,
  title={Predator: Registration of 3d point clouds with low overlap},
  author={Huang, Shengyu and Gojcic, Zan and Usvyatsov, Mikhail and Wieser, Andreas and Schindler, Konrad},
  booktitle=CVPR,
  pages={4267--4276},
  year={2021}
}

@inproceedings{jiang2023robust,
  title={Robust outlier rejection for 3d registration with variational bayes},
  author={Jiang, Haobo and Dang, Zheng and Wei, Zhen and Xie, Jin and Yang, Jian and Salzmann, Mathieu},
  booktitle=CVPR,
  pages={1148--1157},
  year={2023}
}

@inproceedings{jin2024multiway,
  title={Multiway Point Cloud Mosaicking with Diffusion and Global Optimization},
  author={Jin, Shengze and Armeni, Iro and Pollefeys, Marc and Barath, Daniel},
  booktitle=CVPR,
  pages={20838--20849},
  year={2024}
}

@inproceedings{qin2022geometric,
  title={Geometric transformer for fast and robust point cloud registration},
  author={Qin, Zheng and Yu, Hao and Wang, Changjian and Guo, Yulan and Peng, Yuxing and Xu, Kai},
  booktitle=CVPR,
  pages={11143--11152},
  year={2022}
}

@article{salti2014shot,
  title={SHOT: Unique signatures of histograms for surface and texture description},
  author={Salti, Samuele and Tombari, Federico and Di Stefano, Luigi},
  journal=CVIU,
  volume={125},
  pages={251--264},
  year={2014},
  publisher={Elsevier}
}

@inproceedings{schnabel2007efficient,
  title={Efficient RANSAC for point-cloud shape detection},
  author={Schnabel, Ruwen and Wahl, Roland and Klein, Reinhard},
  booktitle={Comput. Graph Forum},
  volume={26},
  number={2},
  pages={214--226},
  year={2007},
}

@article{yang2020teaser,
  title={Teaser: Fast and certifiable point cloud registration},
  author={Yang, Heng and Shi, Jingnan and Carlone, Luca},
  journal=TRO,
  volume={37},
  number={2},
  pages={314--333},
  year={2020},
  publisher={IEEE}
}

@article{yang2022one,
  title={One-Inlier is First: Towards Efficient Position Encoding for Point Cloud Registration},
  author={Yang, Fan and Guo, Lin and Chen, Zhi and Tao, Wenbing},
  journal=NIPS,
  volume={35},
  pages={6982--6995},
  year={2022}
}

@article{yang2023mutual,
  title={Mutual voting for ranking 3D correspondences},
  author={Yang, Jiaqi and Zhang, Xiyu and Fan, Shichao and Ren, Chunlin and Zhang, Yanning},
  journal=PAMI,
  year={2023},
  publisher={IEEE}
}

@article{yao2023hunter,
  title={Hunter: Exploring High-Order Consistency for Point Cloud Registration With Severe Outliers},
  author={Yao, Runzhao and Du, Shaoyi and Cui, Wenting and Ye, Aixue and Wen, Feng and Zhang, Hongbo and Tian, Zhiqiang and Gao, Yue},
  journal=PAMI,
  year={2023},
  publisher={IEEE}
}

@article{yu2021cofinet,
  title={Cofinet: Reliable coarse-to-fine correspondences for robust pointcloud registration},
  author={Yu, Hao and Li, Fu and Saleh, Mahdi and Busam, Benjamin and Ilic, Slobodan},
  journal=NIPS,
  volume={34},
  pages={23872--23884},
  year={2021}
}

@inproceedings{yu2023peal,
  title={PEAL: Prior-embedded explicit attention learning for low-overlap point cloud registration},
  author={Yu, Junle and Ren, Luwei and Zhang, Yu and Zhou, Wenhui and Lin, Lili and Dai, Guojun},
  booktitle=CVPR,
  pages={17702--17711},
  year={2023}
}

@inproceedings{yu2023rotation,
  title={Rotation-invariant transformer for point cloud matching},
  author={Yu, Hao and Qin, Zheng and Hou, Ji and Saleh, Mahdi and Li, Dongsheng and Busam, Benjamin and Ilic, Slobodan},
  booktitle=CVPR,
  pages={5384--5393},
  year={2023}
}

@inproceedings{zeng20173dmatch,
  title={3dmatch: Learning local geometric descriptors from rgb-d reconstructions},
  author={Zeng, Andy and Song, Shuran and Nie{\ss}ner, Matthias and Fisher, Matthew and Xiao, Jianxiong and Funkhouser, Thomas},
  booktitle=CVPR,
  pages={1802--1811},
  year={2017}
}

@inproceedings{zhang20233d,
  title={3D Registration with Maximal Cliques},
  author={Zhang, Xiyu and Yang, Jiaqi and Zhang, Shikun and Zhang, Yanning},
  booktitle=CVPR,
  pages={17745--17754},
  year={2023}
}

@ARTICLE{zhao2023spherenet,
  author={Zhao, Guiyu and Guo, Zhentao and Wang, Xin and Ma, Hongbin},
  journal=TGRS, 
  title={SphereNet: Learning a Noise-Robust and General Descriptor for Point Cloud Registration}, 
  year={2024},
  volume={62},
  number={},
  pages={1-16}
}

