@inproceedings{abdelnabi2022open,
  title={Open-domain, content-based, multi-modal fact-checking of out-of-context images via online resources},
  author={Abdelnabi, Sahar and Hasan, Rakibul and Fritz, Mario},
  booktitle={CVPR},
  pages={14940--14949},
  year={2022}
}

@inproceedings{liu2020visual,
  title={Visual News: Benchmark and Challenges in News Image Captioning},
  author={Liu, Fuxiao and Wang, Yinghan and Wang, Tianlu and Ordonez, Vicente},
  booktitle={EMNLP},
  pages={6761--6771},
  year={2021}
}

@article{liu2023robust,
  title={Robust domain misinformation detection via multi-modal feature alignment},
  author={Liu, Hui and Wang, Wenya and Sun, Hao and Rocha, Anderson and Li, Haoliang},
  journal={IEEE T-IFS},
  year={2023},
  publisher={IEEE}
}

@inproceedings{popat2018declare,
  title={DeClarE: Debunking Fake News and False Claims using Evidence-Aware Deep Learning},
  author={Popat, Kashyap and Mukherjee, Subhabrata and Yates, Andrew and Weikum, Gerhard},
  booktitle={EMNLP},
  pages={22--32},
  year={2018}
}

@inproceedings{qi2024sniffer,
	title={SNIFFER: Multimodal Large Language Model for Explainable Out-of-Context Misinformation Detection},
	author={Qi, Peng and Yan, Zehong and Hsu, Wynne and Lee, Mong Li},
	booktitle={CVPR},
	pages={13052--13062},
	year={2024}
}

@inproceedings{shalabi2024leveraging,
  title={Leveraging Chat-Based Large Vision Language Models for Multimodal Out-Of-Context Detection},
  author={Shalabi, Fatma and Felouat, Hichem and Nguyen, Huy H and Echizen, Isao},
  booktitle={AINA},
  year={2024}
}

@inproceedings{yao2023end,
  title={End-to-end multimodal fact-checking and explanation generation: A challenging dataset and models},
  author={Yao, Barry Menglong and Shah, Aditya and Sun, Lichao and Cho, Jin-Hee and Huang, Lifu},
  booktitle={ACM SIGIR},
  pages={2733--2743},
  year={2023}
}

@article{zhang2023detecting,
  title={Detecting out-of-context multimodal misinformation with interpretable neural-symbolic model},
  author={Zhang, Yizhou and Trinh, Loc and Cao, Defu and Cui, Zijun and Liu, Yan},
  journal={arXiv preprint arXiv:2304.07633},
  year={2023}
}

@inproceedings{zhang2024escnet,
	title={ESCNet: Entity-enhanced and Stance Checking Network for Multi-modal Fact-Checking},
	author={Zhang, Fanrui and Liu, Jiawei and Xie, Jingyi and Zhang, Qiang and Xu, Yongchao and Zha, Zheng-Jun},
	booktitle={WWW},
	pages={2429--2440},
	year={2024}
}

