@inproceedings{abdelnabi2022open,
  title={Open-domain, content-based, multi-modal fact-checking of out-of-context images via online resources},
  author={Abdelnabi, Sahar and Hasan, Rakibul and Fritz, Mario},
  booktitle={CVPR},
  pages={14940--14949},
  year={2022}
}

@inproceedings{radford2021learning,
  title={Learning transferable visual models from natural language supervision},
  author={Radford, Alec and Kim, Jong Wook and Hallacy, Chris and Ramesh, Aditya and Goh, Gabriel and Agarwal, Sandhini and Sastry, Girish and Askell, Amanda and Mishkin, Pamela and Clark, Jack and others},
  booktitle={ICML},
  pages={8748--8763},
  year={2021},
  organization={PMLR}
}

@inproceedings{luo2021newsclippings,
  title={NewsCLIPpings: Automatic Generation of Out-of-Context Multimodal Media},
  author={Luo, Grace and Darrell, Trevor and Rohrbach, Anna},
  booktitle={EMNLP},
  pages={6801--6817},
  year={2021}
}

@inproceedings{reimers2019sentence,
  title={Sentence-BERT: Sentence Embeddings using Siamese BERT-Networks},
  author={Reimers, Nils and Gurevych, Iryna},
  booktitle={EMNLP-IJCNLP},
  pages={3982--3992},
  year={2019}
}

@article{wang2020minilm,
  title={Minilm: Deep self-attention distillation for task-agnostic compression of pre-trained transformers},
  author={Wang, Wenhui and Wei, Furu and Dong, Li and Bao, Hangbo and Yang, Nan and Zhou, Ming},
  journal={Advances in NeurIPS},
  volume={33},
  pages={5776--5788},
  year={2020}
}

@article{wu2020visual,
  title={Visual transformers: Token-based image representation and processing for computer vision},
  author={Wu, Bichen and Xu, Chenfeng and Dai, Xiaoliang and Wan, Alvin and Zhang, Peizhao and Yan, Zhicheng and Tomizuka, Masayoshi and Gonzalez, Joseph and Keutzer, Kurt and Vajda, Peter},
  journal={arXiv preprint arXiv:2006.03677},
  year={2020}
}

@article{oquab2023dinov2,
  title={DINOv2: Learning Robust Visual Features without Supervision},
  author={Oquab, Maxime and Darcet, Timoth{\'e}e and Moutakanni, Th{\'e}o and Vo, Huy V and Szafraniec, Marc and Khalidov, Vasil and Fernandez, Pierre and HAZIZA, Daniel and Massa, Francisco and El-Nouby, Alaaeldin and others},
  journal={TMLR},
  year={2023}
}

@inproceedings{yao2023end,
  title={End-to-end multimodal fact-checking and explanation generation: A challenging dataset and models},
  author={Yao, Barry Menglong and Shah, Aditya and Sun, Lichao and Cho, Jin-Hee and Huang, Lifu},
  booktitle={ACM SIGIR},
  pages={2733--2743},
  year={2023}
}

@article{van2021human,
  title={Human evaluation of automatically generated text: Current trends and best practice guidelines},
  author={van der Lee, Chris and Gatt, Albert and van Miltenburg, Emiel and Krahmer, Emiel},
  journal={Computer Speech \& Language},
  volume={67},
  pages={101151},
  year={2021},
  publisher={Elsevier}
}

@article{vaswani2017attention,
  title={Attention is all you need},
  author={Vaswani, Ashish and Shazeer, Noam and Parmar, Niki and Uszkoreit, Jakob and Jones, Llion and Gomez, Aidan N and Kaiser, {\L}ukasz and Polosukhin, Illia},
  journal={NIPS},
  volume={30},
  year={2017}
}

@inproceedings{zhu2023minigpt,
  title={MiniGPT-4: Enhancing Vision-Language Understanding with Advanced Large Language Models},
  author={Zhu, Deyao and Chen, Jun and Shen, Xiaoqian and Li, Xiang and Elhoseiny, Mohamed},
  booktitle={ICLR},
  year={2023}
}

@inproceedings{ioffe2015batch,
  title={Batch normalization: Accelerating deep network training by reducing internal covariate shift},
  author={Ioffe, Sergey and Szegedy, Christian},
  booktitle={ICML},
  pages={448--456},
  year={2015},
  organization={PMLR}
}

@inproceedings{liu2020visual,
  title={Visual News: Benchmark and Challenges in News Image Captioning},
  author={Liu, Fuxiao and Wang, Yinghan and Wang, Tianlu and Ordonez, Vicente},
  booktitle={EMNLP},
  pages={6761--6771},
  year={2021}
}

@inproceedings{popat2018declare,
  title={DeClarE: Debunking Fake News and False Claims using Evidence-Aware Deep Learning},
  author={Popat, Kashyap and Mukherjee, Subhabrata and Yates, Andrew and Weikum, Gerhard},
  booktitle={EMNLP},
  pages={22--32},
  year={2018}
}

@article{zhang2023detecting,
  title={Detecting out-of-context multimodal misinformation with interpretable neural-symbolic model},
  author={Zhang, Yizhou and Trinh, Loc and Cao, Defu and Cui, Zijun and Liu, Yan},
  journal={arXiv preprint arXiv:2304.07633},
  year={2023}
}

@article{vosoughi2018spread,
  title={The spread of true and false news online},
  author={Vosoughi, Soroush and Roy, Deb and Aral, Sinan},
  journal={science},
  volume={359},
  number={6380},
  pages={1146--1151},
  year={2018},
  publisher={American Association for the Advancement of Science}
}

@article{mcgonagle2017fake,
  title={“Fake news” False fears or real concerns?},
  author={McGonagle, Tarlach},
  journal={Netherlands Quarterly of Human Rights},
  volume={35},
  number={4},
  pages={203--209},
  year={2017},
  publisher={Sage Publications Sage UK: London, England}
}

@inproceedings{alam2021survey,
  title={A Survey on Multimodal Disinformation Detection},
  author={Alam, Firoj and Cresci, Stefano and Chakraborty, Tanmoy and Silvestri, Fabrizio and Dimitrov, Dimiter and Da San Martino, Giovanni and Shaar, Shaden and Firooz, Hamed and Nakov, Preslav},
  booktitle={COLING},
  pages={6625--6643},
  year={2022}
}

@article{hameleers2020picture,
  title={A picture paints a thousand lies? The effects and mechanisms of multimodal disinformation and rebuttals disseminated via social media},
  author={Hameleers, Michael and Powell, Thomas E and Van Der Meer, Toni GLA and Bos, Lieke},
  journal={Political communication},
  volume={37},
  number={2},
  pages={281--301},
  year={2020},
  publisher={Taylor \& Francis}
}

@article{ZoePsychological,
author = {Zoë Adams and Magda Osman and Christos Bechlivanidis and Björn Meder},
title ={(Why) Is Misinformation a Problem?},

journal = {Perspectives on Psychological Science},
volume = {18},
number = {6},
pages = {1436-1463},
year = {2023}
}

@inproceedings{zhou2022fake,
  title={“This is fake! shared it by mistake”: Assessing the intent of fake news spreaders},
  author={Zhou, Xinyi and Shu, Kai and Phoha, Vir V and Liu, Huan and Zafarani, Reza},
  booktitle={WWW},
  pages={3685--3694},
  year={2022}
}

@inproceedings{shao2023detecting,
  title={Detecting and grounding multi-modal media manipulation},
  author={Shao, Rui and Wu, Tianxing and Liu, Ziwei},
  booktitle={CVPR},
  pages={6904--6913},
  year={2023}
}

@article{liu2023robust,
  title={Robust domain misinformation detection via multi-modal feature alignment},
  author={Liu, Hui and Wang, Wenya and Sun, Hao and Rocha, Anderson and Li, Haoliang},
  journal={IEEE T-IFS},
  year={2023},
  publisher={IEEE}
}

@inproceedings{he2016deep,
  title={Deep residual learning for image recognition},
  author={He, Kaiming and Zhang, Xiangyu and Ren, Shaoqing and Sun, Jian},
  booktitle={CVPR},
  pages={770--778},
  year={2016}
}

@article{raghu2021vision,
  title={Do vision transformers see like convolutional neural networks?},
  author={Raghu, Maithra and Unterthiner, Thomas and Kornblith, Simon and Zhang, Chiyuan and Dosovitskiy, Alexey},
  journal={Advances in NeurIPS},
  volume={34},
  pages={12116--12128},
  year={2021}
}

@inproceedings{nikolaev2023representation,
  title={Representation biases in sentence transformers},
  author={Nikolaev, Dmitry and Pad{\'o}, Sebastian},
  booktitle={EACL},
  pages={3701--3716},
  year={2023}
}

@inproceedings{deng2009imagenet,
  title={Imagenet: A large-scale hierarchical image database},
  author={Deng, Jia and Dong, Wei and Socher, Richard and Li, Li-Jia and Li, Kai and Fei-Fei, Li},
  booktitle={CVPR},
  pages={248--255},
  year={2009},
  organization={Ieee}
}

@inproceedings{chunseong2017attend,
  title={Attend to you: Personalized image captioning with context sequence memory networks},
  author={Chunseong Park, Cesc and Kim, Byeongchang and Kim, Gunhee},
  booktitle={CVPR},
  pages={895--903},
  year={2017}
}

@inproceedings{kumar2016ask,
  title={Ask me anything: Dynamic memory networks for natural language processing},
  author={Kumar, Ankit and Irsoy, Ozan and Ondruska, Peter and Iyyer, Mohit and Bradbury, James and Gulrajani, Ishaan and Zhong, Victor and Paulus, Romain and Socher, Richard},
  booktitle={ICML},
  pages={1378--1387},
  year={2016},
  organization={PMLR}
}

@inproceedings{mohtarami2018automatic,
  title={Automatic Stance Detection Using End-to-End Memory Networks},
  author={Mohtarami, Mitra and Baly, Ramy and Glass, James and Nakov, Preslav and M{\`a}rquez, Llu{\'\i}s and Moschitti, Alessandro},
  booktitle={NAACL-HLT},
  pages={767--776},
  year={2018}
}

@article{sukhbaatar2015end,
  title={End-to-end memory networks},
  author={Sukhbaatar, Sainbayar and Weston, Jason and Fergus, Rob and others},
  journal={NIPS},
  volume={28},
  year={2015}
}

@inproceedings{gadzicki2020early,
  title={Early vs late fusion in multimodal convolutional neural networks},
  author={Gadzicki, Konrad and Khamsehashari, Razieh and Zetzsche, Christoph},
  booktitle={FUSION},
  pages={1--6},
  year={2020},
  organization={IEEE}
}

@article{pereira2023comparative,
  title={A comparative analysis of early and late fusion for the multimodal two-class problem},
  author={Pereira, Luis M and Salazar, Addisson and Vergara, Luis},
  journal={IEEE Access},
  year={2023},
  publisher={IEEE}
}

@article{achiam2023gpt,
  title={GPT-4 technical report},
  author={Achiam, Josh and Adler, Steven and Agarwal, Sandhini and Ahmad, Lama and Akkaya, Ilge and Aleman, Florencia Leoni and Almeida, Diogo and Altenschmidt, Janko and Altman, Sam and Anadkat, Shyamal and others},
  journal={arXiv preprint arXiv:2303.08774},
  year={2023}
}

@inproceedings{shalabi2024leveraging,
  title={Leveraging Chat-Based Large Vision Language Models for Multimodal Out-Of-Context Detection},
  author={Shalabi, Fatma and Felouat, Hichem and Nguyen, Huy H and Echizen, Isao},
  booktitle={AINA},
  year={2024}
}

@article{ouyang2022training,
  title={Training language models to follow instructions with human feedback},
  author={Ouyang, Long and Wu, Jeffrey and Jiang, Xu and Almeida, Diogo and Wainwright, Carroll and Mishkin, Pamela and Zhang, Chong and Agarwal, Sandhini and Slama, Katarina and Ray, Alex and others},
  journal={Advances in NeurIPS},
  volume={35},
  pages={27730--27744},
  year={2022}
}

@article{lee2023rlaif,
  title={Rlaif: Scaling reinforcement learning from human feedback with ai feedback},
  author={Lee, Harrison and Phatale, Samrat and Mansoor, Hassan and Lu, Kellie and Mesnard, Thomas and Bishop, Colton and Carbune, Victor and Rastogi, Abhinav},
  journal={arXiv preprint arXiv:2309.00267},
  year={2023}
}

@inproceedings{mubashara2023multimodal,
  title={Multimodal Automated Fact-Checking: A Survey},
  author={Akhtar, Mubashara and Schlichtkrull, Michael and Guo, Zhijiang and Cocarascu, Oana and Simperl, Elena and Vlachos, Andreas},
  booktitle={Findings of the ACL: EMNLP},
  pages={5430--5448},
  year={2023}
}

@inproceedings{guo2023images,
  title={From images to textual prompts: Zero-shot visual question answering with frozen large language models},
  author={Guo, Jiaxian and Li, Junnan and Li, Dongxu and Tiong, Anthony Meng Huat and Li, Boyang and Tao, Dacheng and Hoi, Steven},
  booktitle={CVPR},
  pages={10867--10877},
  year={2023}
}

@article{alayrac2022flamingo,
  title={Flamingo: a visual language model for few-shot learning},
  author={Alayrac, Jean-Baptiste and Donahue, Jeff and Luc, Pauline and Miech, Antoine and Barr, Iain and Hasson, Yana and Lenc, Karel and Mensch, Arthur and Millican, Katherine and Reynolds, Malcolm and others},
  journal={Advances in NeurIPS},
  volume={35},
  pages={23716--23736},
  year={2022}
}

@article{zhou2017places,
   title={Places: A 10 million Image Database for Scene Recognition},
   author={Zhou, Bolei and Lapedriza, Agata and Khosla, Aditya and Oliva, Aude and Torralba, Antonio},
   journal={IEEE Transactions on Pattern Analysis and Machine Intelligence},
   year={2017},
   publisher={IEEE}
 }

@article{devlin2018bert,
  title={Bert: Pre-training of deep bidirectional transformers for language understanding},
  author={Devlin, Jacob and Chang, Ming-Wei and Lee, Kenton and Toutanova, Kristina},
  journal={arXiv preprint arXiv:1810.04805},
  year={2018}
}

@inproceedings{zhang2024escnet,
	title={ESCNet: Entity-enhanced and Stance Checking Network for Multi-modal Fact-Checking},
	author={Zhang, Fanrui and Liu, Jiawei and Xie, Jingyi and Zhang, Qiang and Xu, Yongchao and Zha, Zheng-Jun},
	booktitle={WWW},
	pages={2429--2440},
	year={2024}
}

@inproceedings{qi2024sniffer,
	title={SNIFFER: Multimodal Large Language Model for Explainable Out-of-Context Misinformation Detection},
	author={Qi, Peng and Yan, Zehong and Hsu, Wynne and Lee, Mong Li},
	booktitle={CVPR},
	pages={13052--13062},
	year={2024}
}
