@article{liu2024marscode,
  title={MarsCode Agent: AI-native Automated Bug Fixing},
  author={Liu, Yizhou and Gao, Pengfei and Wang, Xinchen and Liu, Jie and Shi, Yexuan and Zhang, Zhao and Peng, Chao},
  journal={arXiv preprint arXiv:2409.00899},
  year={2024}
}
@inproceedings{zhang2024autocoderover,
  title={Autocoderover: Autonomous program improvement},
  author={Zhang, Yuntong and Ruan, Haifeng and Fan, Zhiyu and Roychoudhury, Abhik},
  booktitle={Proceedings of the 33rd ACM SIGSOFT International Symposium on Software Testing and Analysis},
  year={2024}
}
@article{xia2024agentless,
  title={Agentless: Demystifying llm-based software engineering agents},
  author={Xia, Chunqiu Steven and Deng, Yinlin and Dunn, Soren and Zhang, Lingming},
  journal={arXiv preprint arXiv:2407.01489},
  year={2024}
}
@article{ji2025test,
  title={Test-time Computing: from System-1 Thinking to System-2 Thinking},
  author={Ji, Yixin and Li, Juntao and Ye, Hai and Wu, Kaixin and Xu, Jia and Mo, Linjian and Zhang, Min},
  journal={arXiv preprint arXiv:2501.02497},
  year={2025}
}
@article{xu2025towards,
  title={Towards Large Reasoning Models: A Survey of Reinforced Reasoning with Large Language Models},
  author={Xu, Fengli and Hao, Qianyue and Zong, Zefang and Wang, Jingwei and Zhang, Yunke and Wang, Jingyi and Lan, Xiaochong and Gong, Jiahui and Ouyang, Tianjian and Meng, Fanjin and others},
  journal={arXiv preprint arXiv:2501.09686},
  year={2025}
}
@article{guan2025rstar,
  title={rStar-Math: Small LLMs Can Master Math Reasoning with Self-Evolved Deep Thinking},
  author={Guan, Xinyu and Zhang, Li Lyna and Liu, Yifei and Shang, Ning and Sun, Youran and Zhu, Yi and Yang, Fan and Yang, Mao},
  journal={arXiv preprint arXiv:2501.04519},
  year={2025}
}

@article{wang2024strategic,
  title={Strategic chain-of-thought: Guiding accurate reasoning in llms through strategy elicitation},
  author={Wang, Yu and Zhao, Shiwan and Wang, Zhihu and Huang, Heyuan and Fan, Ming and Zhang, Yubo and Wang, Zhixing and Wang, Haijun and Liu, Ting},
  journal={arXiv preprint arXiv:2409.03271},
  year={2024}
}
@article{yu2024self,
  title={Self-generated critiques boost reward modeling for language models},
  author={Yu, Yue and Chen, Zhengxing and Zhang, Aston and Tan, Liang and Zhu, Chenguang and Pang, Richard Yuanzhe and Qian, Yundi and Wang, Xuewei and Gururangan, Suchin and Zhang, Chao and others},
  journal={arXiv preprint arXiv:2411.16646},
  year={2024}
}
@article{xie2024monte,
  title={Monte Carlo Tree Search Boosts Reasoning via Iterative Preference Learning},
  author={Xie, Yuxi and Goyal, Anirudh and Zheng, Wenyue and Kan, Min-Yen and Lillicrap, Timothy P and Kawaguchi, Kenji and Shieh, Michael},
  journal={arXiv preprint arXiv:2405.00451},
  year={2024}
}

@article{wang2022self,
  title={Self-consistency improves chain of thought reasoning in language models},
  author={Wang, Xuezhi and Wei, Jason and Schuurmans, Dale and Le, Quoc and Chi, Ed and Narang, Sharan and Chowdhery, Aakanksha and Zhou, Denny},
  journal={arXiv preprint arXiv:2203.11171},
  year={2022}
}
@article{kahneman2011thinking,
  title={Thinking, fast and slow},
  author={Kahneman, Daniel},
  journal={Farrar, Straus and Giroux},
  year={2011}
}

@inproceedings{kocsis2006bandit,
  title={Bandit Based Monte-Carlo Planning},
  author={Kocsis, Levente and Szepesv{\'a}ri, Csaba},
  booktitle={Proceedings of the 17th European Conference on Machine Learning (ECML)},
  year={2006},
}


@article{jaech2024openai,
  title={Openai o1 system card},
  author={Jaech, Aaron and Kalai, Adam and Lerer, Adam and Richardson, Adam and El-Kishky, Ahmed and Low, Aiden and Helyar, Alec and Madry, Aleksander and Beutel, Alex and Carney, Alex and others},
  journal={arXiv preprint arXiv:2412.16720},
  year={2024}
}
@article{weyssow2024codeultrafeedback,
  title={CodeUltraFeedback: An LLM-as-a-Judge Dataset for Aligning Large Language Models to Coding Preferences},
  author={Weyssow, Martin and Kamanda, Aton and Sahraoui, Houari},
  journal={arXiv preprint arXiv:2403.09032},
  year={2024}
}
@article{chen2024mllm,
  title={Mllm-as-a-judge: Assessing multimodal llm-as-a-judge with vision-language benchmark},
  author={Chen, Dongping and Chen, Ruoxi and Zhang, Shilin and Liu, Yinuo and Wang, Yaochen and Zhou, Huichi and Zhang, Qihui and Wan, Yao and Zhou, Pan and Sun, Lichao},
  journal={arXiv preprint arXiv:2402.04788},
  year={2024}
}
@article{yang2024evaluating,
  title={Evaluating and aligning codellms on human preference},
  author={Yang, Jian and Yang, Jiaxi and Jin, Ke and Miao, Yibo and Zhang, Lei and Yang, Liqun and Cui, Zeyu and Zhang, Yichang and Hui, Binyuan and Lin, Junyang},
  journal={arXiv preprint arXiv:2412.05210},
  year={2024}
}
@article{wei2022chain,
  title={Chain-of-thought prompting elicits reasoning in large language models},
  author={Wei, Jason and Wang, Xuezhi and Schuurmans, Dale and Bosma, Maarten and Xia, Fei and Chi, Ed and Le, Quoc V and Zhou, Denny and others},
  journal={Advances in neural information processing systems},
  year={2022}
}
@article{wang2024enhancing,
  title={Enhancing the reasoning ability of multimodal large language models via mixed preference optimization},
  author={Wang, Weiyun and Chen, Zhe and Wang, Wenhai and Cao, Yue and Liu, Yangzhou and Gao, Zhangwei and Zhu, Jinguo and Zhu, Xizhou and Lu, Lewei and Qiao, Yu and others},
  journal={arXiv preprint arXiv:2411.10442},
  year={2024}
}
@article{achiam2023gpt,
  title={Gpt-4 technical report},
  author={Achiam, Josh and Adler, Steven and Agarwal, Sandhini and Ahmad, Lama and Akkaya, Ilge and Aleman, Florencia Leoni and Almeida, Diogo and Altenschmidt, Janko and Altman, Sam and Anadkat, Shyamal and others},
  journal={arXiv preprint arXiv:2303.08774},
  year={2023}
}
@article{hui2024qwen2,
  title={Qwen2. 5-coder technical report},
  author={Hui, Binyuan and Yang, Jian and Cui, Zeyu and Yang, Jiaxi and Liu, Dayiheng and Zhang, Lei and Liu, Tianyu and Zhang, Jiajun and Yu, Bowen and Lu, Keming and others},
  journal={arXiv preprint arXiv:2409.12186},
  year={2024}
}


@article{ye2024justice,
  title={Justice or prejudice? quantifying biases in llm-as-a-judge},
  author={Ye, Jiayi and Wang, Yanbo and Huang, Yue and Chen, Dongping and Zhang, Qihui and Moniz, Nuno and Gao, Tian and Geyer, Werner and Huang, Chao and Chen, Pin-Yu and others},
  journal={arXiv preprint arXiv:2410.02736},
  year={2024}
}
@article{gu2024survey,
  title={A Survey on LLM-as-a-Judge},
  author={Gu, Jiawei and Jiang, Xuhui and Shi, Zhichao and Tan, Hexiang and Zhai, Xuehao and Xu, Chengjin and Li, Wei and Shen, Yinghan and Ma, Shengjie and Liu, Honghao and others},
  journal={arXiv preprint arXiv:2411.15594},
  year={2024}
}
@article{li2024salad,
  title={Salad-bench: A hierarchical and comprehensive safety benchmark for large language models},
  author={Li, Lijun and Dong, Bowen and Wang, Ruohui and Hu, Xuhao and Zuo, Wangmeng and Lin, Dahua and Qiao, Yu and Shao, Jing},
  journal={arXiv preprint arXiv:2402.05044},
  year={2024}
}

@inproceedings{papineni2002bleu,
  title={Bleu: a method for automatic evaluation of machine translation},
  author={Papineni, Kishore and Roukos, Salim and Ward, Todd and Zhu, Wei-Jing},
  booktitle={Proceedings of the 40th annual meeting of the Association for Computational Linguistics},
  year={2002}
}

@inproceedings{lin2004rouge,
  title={Rouge: A package for automatic evaluation of summaries},
  author={Lin, Chin-Yew},
  booktitle={Text summarization branches out},
  year={2004}
}

@inproceedings{denkowski2014meteor,
  title={Meteor universal: Language specific translation evaluation for any target language},
  author={Denkowski, Michael and Lavie, Alon},
  booktitle={Proceedings of the ninth workshop on statistical machine translation},
  year={2014}
}

@inproceedings{popovic2015chrf,
  title={chrF: character n-gram F-score for automatic MT evaluation},
  author={Popovi{\'c}, Maja},
  booktitle={Proceedings of the tenth workshop on statistical machine translation},
  year={2015}
}

@article{ren2020codebleu,
  title={Codebleu: a method for automatic evaluation of code synthesis},
  author={Ren, Shuo and Guo, Daya and Lu, Shuai and Zhou, Long and Liu, Shujie and Tang, Duyu and Sundaresan, Neel and Zhou, Ming and Blanco, Ambrosio and Ma, Shuai},
  journal={arXiv preprint arXiv:2009.10297},
  year={2020}
}

@inproceedings{tran2019does,
  title={Does BLEU score work for code migration?},
  author={Tran, Ngoc and Tran, Hieu and Nguyen, Son and Nguyen, Hoan and Nguyen, Tien},
  booktitle={2019 IEEE/ACM 27th International Conference on Program Comprehension (ICPC)},
  year={2019}
}

@article{tong2024codejudge,
  title={CodeJudge: Evaluating Code Generation with Large Language Models},
  author={Tong, Weixi and Zhang, Tianyi},
  journal={arXiv preprint arXiv:2410.02184},
  year={2024}
}

@article{zhuo2023ice,
  title={ICE-Score: Instructing Large Language Models to Evaluate Code},
  author={Zhuo, Terry Yue},
  journal={arXiv preprint arXiv:2304.14317},
  year={2023}
}

@article{zhuo2024bigcodebench,
  title={Bigcodebench: Benchmarking code generation with diverse function calls and complex instructions},
  author={Zhuo, Terry Yue and Vu, Minh Chien and Chim, Jenny and Hu, Han and Yu, Wenhao and Widyasari, Ratnadira and Yusuf, Imam Nur Bani and Zhan, Haolan and He, Junda and Paul, Indraneil and others},
  journal={arXiv preprint arXiv:2406.15877},
  year={2024}
}

@article{zheng2023codegeex,
  title={Codegeex: A pre-trained model for code generation with multilingual evaluations on humaneval-x},
  author={Zheng, Qinkai and Xia, Xiao and Zou, Xu and Dong, Yuxiao and Wang, Shan and Xue, Yufei and Wang, Zihan and Shen, Lei and Wang, Andi and Li, Yang and others},
  journal={arXiv preprint arXiv:2303.17568},
  year={2023}
}
@article{li2024llms,
  title={LLMs-as-Judges: A Comprehensive Survey on LLM-based Evaluation Methods},
  author={Li, Haitao and Dong, Qian and Chen, Junjie and Su, Huixue and Zhou, Yujia and Ai, Qingyao and Ye, Ziyi and Liu, Yiqun},
  journal={arXiv preprint arXiv:2412.05579},
  year={2024}
}
@article{snell2024scaling,
  title={Scaling llm test-time compute optimally can be more effective than scaling model parameters},
  author={Snell, Charlie and Lee, Jaehoon and Xu, Kelvin and Kumar, Aviral},
  journal={arXiv preprint arXiv:2408.03314},
  year={2024}
}


@article{zhang2024rest,
  title={Rest-mcts*: Llm self-training via process reward guided tree search},
  author={Zhang, Dan and Zhoubian, Sining and Hu, Ziniu and Yue, Yisong and Dong, Yuxiao and Tang, Jie},
  journal={arXiv preprint arXiv:2406.03816},
  year={2024}
}

@article{qi2024mutual,
  title={Mutual reasoning makes smaller llms stronger problem-solvers},
  author={Qi, Zhenting and Ma, Mingyuan and Xu, Jiahang and Zhang, Li Lyna and Yang, Fan and Yang, Mao},
  journal={arXiv preprint arXiv:2408.06195},
  year={2024}
}

@article{zhang2024accessing,
  title={Accessing gpt-4 level mathematical olympiad solutions via monte carlo tree self-refine with llama-3 8b},
  author={Zhang, Di and Huang, Xiaoshui and Zhou, Dongzhan and Li, Yuqiang and Ouyang, Wanli},
  journal={arXiv preprint arXiv:2406.07394},
  year={2024}
}


@article{kang2024mindstar,
  title={Mindstar: Enhancing math reasoning in pre-trained llms at inference time},
  author={Kang, Jikun and Li, Xin Zhe and Chen, Xi and Kazemi, Amirreza and Sun, Qianyi and Chen, Boxing and Li, Dong and He, Xu and He, Quan and Wen, Feng and others},
  journal={arXiv preprint arXiv:2405.16265},
  year={2024}
}

@article{hao2023reasoning,
  title={Reasoning with language model is planning with world model},
  author={Hao, Shibo and Gu, Yi and Ma, Haodi and Hong, Joshua Jiahua and Wang, Zhen and Wang, Daisy Zhe and Hu, Zhiting},
  journal={arXiv preprint arXiv:2305.14992},
  year={2023}
}


@article{zhang2024llama,
  title={Llama-berry: Pairwise optimization for o1-like olympiad-level mathematical reasoning},
  author={Zhang, Di and Wu, Jianbo and Lei, Jingdi and Che, Tong and Li, Jiatong and Xie, Tong and Huang, Xiaoshui and Zhang, Shufei and Pavone, Marco and Li, Yuqiang and others},
  journal={arXiv preprint arXiv:2410.02884},
  year={2024}
}

@article{openai2024gpt4o,
  title={GPT-4o System Card},
  author={OpenAI},
  journal={OpenAI},
  year={2024},
  url={https://openai.com/index/gpt-4o-system-card/}
}
@article{zhang2022codet,
  title={CodeT: Code Generation with Generated Tests},
  author={Zhang, Yue and Wang, Shuoyang and Zhang, Xinyun},
  journal={arXiv preprint arXiv:2207.10397},
  year={2022}
}
@techreport{deepseek2025r1,
  title={DeepSeek-R1: Advancing Reasoning in AI Models},
  author={DeepSeek-AI},
  year={2025},
  institution={DeepSeek-AI},
  url={https://github.com/deepseek-ai/DeepSeek-R1/blob/main/DeepSeek_R1.pdf}
}

@article{qwen2024technical,
  title={Qwen2.5 Technical Report},
  author={Qwen},
  journal={arXiv preprint arXiv:2412.15115},
  year={2024},
  url={https://arxiv.org/abs/2412.15115}
}

@article{qwen2,
      title={Qwen2 Technical Report}, 
      author={An Yang and Baosong Yang and Binyuan Hui and Bo Zheng and Bowen Yu and Chang Zhou and Chengpeng Li and Chengyuan Li and Dayiheng Liu and Fei Huang and Guanting Dong and Haoran Wei and Huan Lin and Jialong Tang and Jialin Wang and Jian Yang and Jianhong Tu and Jianwei Zhang and Jianxin Ma and Jin Xu and Jingren Zhou and Jinze Bai and Jinzheng He and Junyang Lin and Kai Dang and Keming Lu and Keqin Chen and Kexin Yang and Mei Li and Mingfeng Xue and Na Ni and Pei Zhang and Peng Wang and Ru Peng and Rui Men and Ruize Gao and Runji Lin and Shijie Wang and Shuai Bai and Sinan Tan and Tianhang Zhu and Tianhao Li and Tianyu Liu and Wenbin Ge and Xiaodong Deng and Xiaohuan Zhou and Xingzhang Ren and Xinyu Zhang and Xipin Wei and Xuancheng Ren and Yang Fan and Yang Yao and Yichang Zhang and Yu Wan and Yunfei Chu and Yuqiong Liu and Zeyu Cui and Zhenru Zhang and Zhihao Fan},
      journal={arXiv preprint arXiv:2407.10671},
      year={2024}
}


@article{zhu2024deepseek,
  title={DeepSeek-Coder-V2: Breaking the Barrier of Closed-Source Models in Code Intelligence},
  author={Zhu, Qihao and Guo, Daya and Shao, Zhihong and Yang, Dejian and Wang, Peiyi and Xu, Runxin and Wu, Y and Li, Yukun and Gao, Huazuo and Ma, Shirong and others},
  journal={arXiv preprint arXiv:2406.11931},
  year={2024}
}
@article{hendrycks2021measuring,
  title={Measuring coding challenge competence with apps},
  author={Hendrycks, Dan and Basart, Steven and Kadavath, Saurav and Mazeika, Mantas and Arora, Akul and Guo, Ethan and Burns, Collin and Puranik, Samir and He, Horace and Song, Dawn and others},
  journal={arXiv preprint arXiv:2105.09938},
  year={2021}
}

@misc{Codestral,
    title = {Codestral: Hello, World!},
    author = {Mistral AI team},
    year = {2024},
    url = {https://mistral.ai/news/codestral/}
}

@article{touvron2023llama,
  title={Llama: Open and efficient foundation language models},
  author={Touvron, Hugo and Lavril, Thibaut and Izacard, Gautier and Martinet, Xavier and Lachaux, Marie-Anne and Lacroix, Timoth{\'e}e and Rozi{\`e}re, Baptiste and Goyal, Naman and Hambro, Eric and Azhar, Faisal and others},
  journal={arXiv preprint arXiv:2302.13971},
  year={2023}
}


@misc{openai,
    title = {Learning to reason with llms},
    author = {Openai},
    month = {September},
    year = {2024},
    url = {https://openai.com/index/learning-to-reason-with-llms/}
}

@article{abacha2024medec,
  title={Medec: A benchmark for medical error detection and correction in clinical notes},
  author={Abacha, Asma Ben and Yim, Wen-wai and Fu, Yujuan and Sun, Zhaoyi and Yetisgen, Meliha and Xia, Fei and Lin, Thomas},
  journal={arXiv preprint arXiv:2412.19260},
  year={2024}
}

@article{brown2024large,
  title={Large language monkeys: Scaling inference compute with repeated sampling},
  author={Brown, Bradley and Juravsky, Jordan and Ehrlich, Ryan and Clark, Ronald and Le, Quoc V and R{\'e}, Christopher and Mirhoseini, Azalia},
  journal={arXiv preprint arXiv:2407.21787},
  year={2024}
}
