@techreport{deepseek2025r1,
  title={DeepSeek-R1: Advancing Reasoning in AI Models},
  author={DeepSeek-AI},
  year={2025},
  institution={DeepSeek-AI},
  url={https://github.com/deepseek-ai/DeepSeek-R1/blob/main/DeepSeek_R1.pdf}
}

@inproceedings{denkowski2014meteor,
  title={Meteor universal: Language specific translation evaluation for any target language},
  author={Denkowski, Michael and Lavie, Alon},
  booktitle={Proceedings of the ninth workshop on statistical machine translation},
  year={2014}
}

@article{guan2025rstar,
  title={rStar-Math: Small LLMs Can Master Math Reasoning with Self-Evolved Deep Thinking},
  author={Guan, Xinyu and Zhang, Li Lyna and Liu, Yifei and Shang, Ning and Sun, Youran and Zhu, Yi and Yang, Fan and Yang, Mao},
  journal={arXiv preprint arXiv:2501.04519},
  year={2025}
}

@article{jaech2024openai,
  title={Openai o1 system card},
  author={Jaech, Aaron and Kalai, Adam and Lerer, Adam and Richardson, Adam and El-Kishky, Ahmed and Low, Aiden and Helyar, Alec and Madry, Aleksander and Beutel, Alex and Carney, Alex and others},
  journal={arXiv preprint arXiv:2412.16720},
  year={2024}
}

@article{ji2025test,
  title={Test-time Computing: from System-1 Thinking to System-2 Thinking},
  author={Ji, Yixin and Li, Juntao and Ye, Hai and Wu, Kaixin and Xu, Jia and Mo, Linjian and Zhang, Min},
  journal={arXiv preprint arXiv:2501.02497},
  year={2025}
}

@article{kahneman2011thinking,
  title={Thinking, fast and slow},
  author={Kahneman, Daniel},
  journal={Farrar, Straus and Giroux},
  year={2011}
}

@inproceedings{lin2004rouge,
  title={Rouge: A package for automatic evaluation of summaries},
  author={Lin, Chin-Yew},
  booktitle={Text summarization branches out},
  year={2004}
}

@inproceedings{papineni2002bleu,
  title={Bleu: a method for automatic evaluation of machine translation},
  author={Papineni, Kishore and Roukos, Salim and Ward, Todd and Zhu, Wei-Jing},
  booktitle={Proceedings of the 40th annual meeting of the Association for Computational Linguistics},
  year={2002}
}

@inproceedings{popovic2015chrf,
  title={chrF: character n-gram F-score for automatic MT evaluation},
  author={Popovi{\'c}, Maja},
  booktitle={Proceedings of the tenth workshop on statistical machine translation},
  year={2015}
}

@article{qi2024mutual,
  title={Mutual reasoning makes smaller llms stronger problem-solvers},
  author={Qi, Zhenting and Ma, Mingyuan and Xu, Jiahang and Zhang, Li Lyna and Yang, Fan and Yang, Mao},
  journal={arXiv preprint arXiv:2408.06195},
  year={2024}
}

@article{qwen2024technical,
  title={Qwen2.5 Technical Report},
  author={Qwen},
  journal={arXiv preprint arXiv:2412.15115},
  year={2024},
  url={https://arxiv.org/abs/2412.15115}
}

@article{ren2020codebleu,
  title={Codebleu: a method for automatic evaluation of code synthesis},
  author={Ren, Shuo and Guo, Daya and Lu, Shuai and Zhou, Long and Liu, Shujie and Tang, Duyu and Sundaresan, Neel and Zhou, Ming and Blanco, Ambrosio and Ma, Shuai},
  journal={arXiv preprint arXiv:2009.10297},
  year={2020}
}

@article{snell2024scaling,
  title={Scaling llm test-time compute optimally can be more effective than scaling model parameters},
  author={Snell, Charlie and Lee, Jaehoon and Xu, Kelvin and Kumar, Aviral},
  journal={arXiv preprint arXiv:2408.03314},
  year={2024}
}

@article{tong2024codejudge,
  title={CodeJudge: Evaluating Code Generation with Large Language Models},
  author={Tong, Weixi and Zhang, Tianyi},
  journal={arXiv preprint arXiv:2410.02184},
  year={2024}
}

@inproceedings{tran2019does,
  title={Does BLEU score work for code migration?},
  author={Tran, Ngoc and Tran, Hieu and Nguyen, Son and Nguyen, Hoan and Nguyen, Tien},
  booktitle={2019 IEEE/ACM 27th International Conference on Program Comprehension (ICPC)},
  year={2019}
}

@article{wang2022self,
  title={Self-consistency improves chain of thought reasoning in language models},
  author={Wang, Xuezhi and Wei, Jason and Schuurmans, Dale and Le, Quoc and Chi, Ed and Narang, Sharan and Chowdhery, Aakanksha and Zhou, Denny},
  journal={arXiv preprint arXiv:2203.11171},
  year={2022}
}

@article{wang2024strategic,
  title={Strategic chain-of-thought: Guiding accurate reasoning in llms through strategy elicitation},
  author={Wang, Yu and Zhao, Shiwan and Wang, Zhihu and Huang, Heyuan and Fan, Ming and Zhang, Yubo and Wang, Zhixing and Wang, Haijun and Liu, Ting},
  journal={arXiv preprint arXiv:2409.03271},
  year={2024}
}

@article{xie2024monte,
  title={Monte Carlo Tree Search Boosts Reasoning via Iterative Preference Learning},
  author={Xie, Yuxi and Goyal, Anirudh and Zheng, Wenyue and Kan, Min-Yen and Lillicrap, Timothy P and Kawaguchi, Kenji and Shieh, Michael},
  journal={arXiv preprint arXiv:2405.00451},
  year={2024}
}

@article{xu2025towards,
  title={Towards Large Reasoning Models: A Survey of Reinforced Reasoning with Large Language Models},
  author={Xu, Fengli and Hao, Qianyue and Zong, Zefang and Wang, Jingwei and Zhang, Yunke and Wang, Jingyi and Lan, Xiaochong and Gong, Jiahui and Ouyang, Tianjian and Meng, Fanjin and others},
  journal={arXiv preprint arXiv:2501.09686},
  year={2025}
}

@article{yu2024self,
  title={Self-generated critiques boost reward modeling for language models},
  author={Yu, Yue and Chen, Zhengxing and Zhang, Aston and Tan, Liang and Zhu, Chenguang and Pang, Richard Yuanzhe and Qian, Yundi and Wang, Xuewei and Gururangan, Suchin and Zhang, Chao and others},
  journal={arXiv preprint arXiv:2411.16646},
  year={2024}
}

@article{zhang2022codet,
  title={CodeT: Code Generation with Generated Tests},
  author={Zhang, Yue and Wang, Shuoyang and Zhang, Xinyun},
  journal={arXiv preprint arXiv:2207.10397},
  year={2022}
}

@article{zhang2024accessing,
  title={Accessing gpt-4 level mathematical olympiad solutions via monte carlo tree self-refine with llama-3 8b},
  author={Zhang, Di and Huang, Xiaoshui and Zhou, Dongzhan and Li, Yuqiang and Ouyang, Wanli},
  journal={arXiv preprint arXiv:2406.07394},
  year={2024}
}

@article{zhang2024rest,
  title={Rest-mcts*: Llm self-training via process reward guided tree search},
  author={Zhang, Dan and Zhoubian, Sining and Hu, Ziniu and Yue, Yisong and Dong, Yuxiao and Tang, Jie},
  journal={arXiv preprint arXiv:2406.03816},
  year={2024}
}

@article{zheng2023codegeex,
  title={Codegeex: A pre-trained model for code generation with multilingual evaluations on humaneval-x},
  author={Zheng, Qinkai and Xia, Xiao and Zou, Xu and Dong, Yuxiao and Wang, Shan and Xue, Yufei and Wang, Zihan and Shen, Lei and Wang, Andi and Li, Yang and others},
  journal={arXiv preprint arXiv:2303.17568},
  year={2023}
}

@article{zhuo2023ice,
  title={ICE-Score: Instructing Large Language Models to Evaluate Code},
  author={Zhuo, Terry Yue},
  journal={arXiv preprint arXiv:2304.14317},
  year={2023}
}

@article{zhuo2024bigcodebench,
  title={Bigcodebench: Benchmarking code generation with diverse function calls and complex instructions},
  author={Zhuo, Terry Yue and Vu, Minh Chien and Chim, Jenny and Hu, Han and Yu, Wenhao and Widyasari, Ratnadira and Yusuf, Imam Nur Bani and Zhan, Haolan and He, Junda and Paul, Indraneil and others},
  journal={arXiv preprint arXiv:2406.15877},
  year={2024}
}

