@article{batterman2018connectedcane,
  title={Connected cane: Tactile button input for controlling gestures of iOS voiceover embedded in a white cane},
  author={Batterman, Jared M and Martin, Vincent F and Yeung, Derek and Walker, Bruce N},
  journal={Assistive Technology},
  volume={30},
  number={2},
  pages={91-99},
  year={2018}
}

@inproceedings{chen2017ccny,
  title={CCNY Smart Cane},
  author={Chen, Qingtian and Khan, Muhammad and Tsangouri, Christina and Yang, Christopher and Li, Bing and Xiao, Jizhong and Zhu, Zhigang},
  booktitle={2017 IEEE 7th Annual International Conference on CYBER Technology in Automation, Control, and Intelligent Systems (CYBER)},
  pages={1246-1251},
  address={Honolulu, HI, USA},
  year={2017},
  organization={IEEE}
}

@inproceedings{chen2023quadruped,
  title={Quadruped guidance robot for the visually impaired: A comfort-based approach},
  author={Chen, Yanbo and Xu, Zhengzhe and Jian, Zhuozhu and Tang, Gengpan and Yang, Liyunong and Xiao, Anxing and Wang, Xueqian and Liang, Bin},
  booktitle={2023 IEEE International Conference on Robotics and Automation (ICRA)},
  pages={12078--12084},
  year={2023},
  organization={IEEE}
}

@inproceedings{defazio2023seeing,
  title={Seeing-Eye Quadruped Navigation with Force Responsive Locomotion Control},
  author={DeFazio, David and Hirota, Eisuke and Zhang, Shiqi},
  booktitle={Conference on Robot Learning},
  pages={2184--2194},
  year={2023},
  organization={PMLR}
}

@article{due2023guide,
  title={Guide dog versus robot dog: Assembling visually impaired people with non-human agents and achieving assisted mobility through distributed co-constructed perception},
  author={Due, Brian L},
  journal={Mobilities},
  volume={18},
  number={1},
  pages={148--166},
  year={2023},
  publisher={Taylor \& Francis}
}

@article{hata2024see,
  title={See Spot Guide: Accessible Interfaces for an Assistive Quadruped Robot},
  author={Hata, Rayna and Trikasemsak, Narit and Giudice, Andrea and Doore, Stacy A},
  journal={arXiv preprint arXiv:2402.11125},
  year={2024}
}

@inproceedings{hwang2023system,
  title={System configuration and navigation of a guide dog robot: Toward animal guide dog-level guiding work},
  author={Hwang, Hochul and Xia, Tim and Keita, Ibrahima and Suzuki, Ken and Biswas, Joydeep and Lee, Sunghoon I and Kim, Donghyun},
  booktitle={2023 IEEE International Conference on Robotics and Automation (ICRA)},
  pages={9778--9784},
  year={2023},
  organization={IEEE}
}

@article{hwang2024towards,
  title={Towards Robotic Companions: Understanding Handler-Guide Dog Interactions for Informed Guide Dog Robot Design},
  author={Hwang, Hochul and Jung, Hee-Tae and Giudice, Nicholas A and Biswas, Joydeep and Lee, Sunghoon Ivan and Kim, Donghyun},
  journal={arXiv preprint arXiv:2402.06790},
  year={2024}
}

@article{kim2013caneusability,
  title={Usability and Design Guidelines of Smart Canes for Users with Visual Impairments},
  author={Sung Yeon Kim and Kwangsu Cho},
  journal={International Journal of Design},
  volume={7},
  number={1},
  year={2013}
}

@inproceedings{kim2023train,
  title={How to Train Your Guide Dog: Wayfinding and Safe Navigation with Human-Robot Modeling},
  author={J. Taery Kim and Wenhao Yu and Jie Tan and Greg Turk and Sehoon Ha},
  booktitle={HRI â€™23 Companion},
  address={Stockholm, Sweden},
  year={2023},
}

@inproceedings{kim2023transforming,
  title={Transforming a Quadruped into a Guide Robot for the Visually Impaired: Formalizing Wayfinding, Interaction Modeling, and Safety Mechanism},
  author={Kim, J Taery and Yu, Wenhao and Kothari, Yash and Tan, Jie and Turk, Greg and Ha, Sehoon},
  booktitle={2023 Conference on Robot Learning (CoRL)},
  address={Atlanta, GA, USA},
  year={2023},
}

@inproceedings{morlando2023tethering,
  title={Tethering a Human with a Quadruped Robot: A Guide Dog to Help Visually Impaired People},
  author={Morlando, Viviana and Lippiello, Vincenzo and Ruggiero, Fabio},
  booktitle={2023 31st Mediterranean Conference on Control and Automation (MED)},
  pages={547--553},
  year={2023},
  organization={IEEE}
}

@article{muhammad2010analytical,
  title={Analytical Study of Intelligent Assistants to Help Blind People in Avoiding Dangerous Obstacles},
  author={Aslam Muhammad and Muhammad Umair Ahmad Khan and Haseeb Azhar and Ali Masood and Maliha Saleem Bakhshi},
  journal={Journal of American Science},
  volume={7},
  number={8},
  year={2010}
}

@inproceedings{saaid2016canerange,
  title={Smart cane with range notification for blind people},
  author={Saaid, Mohammad Farid and Mohammad, AM and Ali, MSA Megat},
  booktitle={2016 IEEE International Conference on Automatic Control and Intelligent Systems (I2CACIS)},
  address={Selangor, Malaysia},
  year={2016},
  organization={IEEE}
}

@inproceedings{subbiah2019caneiot,
  title={Smart Cane For Visually Impaired Based On IOT},
  author={Subbiah, Sankari and Ramya, S and Krishna, G Parvathy and Nayagam, Senthil},
  booktitle={2019 3rd International Conference on Computing and Communications Technologies (ICCCT)},
  pages={50-53},
  address={Chennai, India},
  year={2019},
  organization={IEEE}
}

@article{wahab2011smartcane,
  title={Smart Cane: Assistive Cane for Visually-impaired People},
  author={Wahab, Mohd Helmy Abd and Talib, Amirul A and Kadir, Herdawatie A and Johari, Ayob and Noraziah, Ahmad and Sidek, Roslina M and Mutalib, Ariffin A},
  journal={International Journal of Computer Science Issues (IJCSI)},
  volume={8},
  issue={4},
  number={2},
  year={2011}
}

@article{wang2022can,
  title={Can quadruped navigation robots be used as guide dogs?},
  author={Wang, Luyao and Chen, Qihe and Zhang, Yan and Li, Ziang and Yan, Tingmin and Wang, Fan and Zhou, Guyue and Gong, Jiangtao},
  journal={arXiv preprint arXiv:2210.08727},
  year={2022}
}

@inproceedings{xiao2021robotic,
  title={Robotic guide dog: Leading a human with leash-guided hybrid physical interaction},
  author={Xiao, Anxing and Tong, Wenzhe and Yang, Lizhi and Zeng, Jun and Li, Zhongyu and Sreenath, Koushil},
  booktitle={2021 IEEE International Conference on Robotics and Automation (ICRA)},
  pages={11470--11476},
  year={2021},
  organization={IEEE}
}

