@misc{LoRaAlliance2020,
  author       = {{LoRa Alliance}},
  title        = {{LoRaWAN 1.0.3 Regional Parameters}},
  year         = {2020},
  month        = {11},
  url          = {https://lora-alliance.org/wp-content/uploads/2020/11/lorawan_regional_parameters_v1.0.3reva_0.pdf},
}

@article{ameloot2021characterizing,
  title={{Characterizing the impact of {Doppler} effects on body-centric {LoRa} links with {SDR}}},
  author={Ameloot, Thomas and Moeneclaey, Marc and Van Torre, Patrick and Rogier, Hendrik},
  journal={Sensors},
  volume={21},
  number={12},
  pages={4049},
  year={2021},
  publisher={MDPI}
}

@article{ben2022new,
  title={{A New {LoRa}-like Transceiver Suited for {LEO} Satellite Communications}},
  author={Ben Temim, Mohamed Amine and Ferr{\'e}, Guillaume and Tajan, Romain},
  journal={Sensors},
  volume={22},
  number={5},
  pages={1830},
  year={2022},
  publisher={MDPI}
}

@article{benkhelifa2022orthogonal,
  title={{How Orthogonal is {LoRa} Modulation?}},
  author={Benkhelifa, Fatma and Bouazizi, Yathreb and McCann, Julie A},
  journal={IEEE Internet of Things Journal},
  year={2022},
  publisher={IEEE}
}

@inproceedings{cao2021influence,
  title={{The influence of {LEO} satellite {Doppler} effect on {LoRa} modulation and its solutio}},
  author={Cao, Cong and Zhai, Shenghua},
  booktitle={Journal of Physics: Conference Series},
  volume={1883},
  number={1},
  pages={012071},
  year={2021},
  organization={IOP Publishing}
}

@inproceedings{colombo2022low,
  title={{Low-cost {SDR-based} tool for evaluating {LoRa} satellite communications}},
  author={Colombo, Roberto M and Mahmood, Aamir and Sisinni, Emiliano and Ferrari, Paolo and Gidlund, Mikael},
  booktitle={2022 IEEE International Symposium on Measurements \& Networking (M\&N)},
  pages={1--6},
  year={2022},
  organization={IEEE}
}

@inproceedings{croce2017impact,
  title={{Impact of spreading factor imperfect orthogonality in lora communications}},
  author={Croce, Daniele and Gucciardo, Michele and Tinnirello, Ilenia and Garlisi, Domenico and Mangione, Stefano},
  booktitle={Digital Communication. Towards a Smart and Secure Future Internet: 28th International Tyrrhenian Workshop, TIWDC 2017, Palermo, Italy, September 18-20, 2017, Proceedings 28},
  pages={165--179},
  year={2017},
  organization={Springer}
}

@inproceedings{doroshkin2018laboratory,
  title={{Laboratory testing of {LoRa} modulation for {CubeSat} radio communications}},
  author={Doroshkin, Alexander and Zadorozhny, Alexander and Kus, Oleg and Prokopyev, Vitaliy and Prokopyev, Yuri},
  booktitle={MATEC Web of Conferences},
  volume={158},
  pages={01008},
  year={2018},
  organization={EDP Sciences}
}

@article{doroshkin2019experimental,
  title={{Experimental study of {LoRa} modulation immunity to {Doppler} effect in {CubeSat} radio communications}},
  author={Doroshkin, Alexander A and Zadorozhny, Alexander M and Kus, Oleg N and Prokopyev, Vitaliy Yu and Prokopyev, Yuri M},
  journal={IEEE Access},
  volume={7},
  pages={75721--75731},
  year={2019},
  publisher={IEEE}
}

@inproceedings{kang2022regression,
  title={{Regression based Pilot Design for Doppler Effect Estimation and Compensation in LEO Satellite Communication with LoRa}},
  author={Kang, Jinho and Im, Gyeongrae and Jung, Dong-Hyun and Jung, Sooyeob and Kim, Jung-Bin and Kim, Pansoo and Ryu, Joon Gyu},
  booktitle={2022 27th Asia Pacific Conference on Communications (APCC)},
  pages={631--632},
  year={2022},
  organization={IEEE}
}

@inproceedings{lapapan2021lora,
  title={{{LoRa Multi-Channel Access Immunity to Doppler effect in CubeSat Radio Communication}}},
  author={Lapapan, Intanon and Pa-in, Wetchaphat and Chotimanon, Vachiravit and Chodkaveekityada, Peeramed},
  booktitle={Presented at the 2nd Innovation Aviation \& Aerospace Industry-International Conference},
  volume={28},
  pages={30},
  year={2021}
}

@inproceedings{li2018lora,
  title={{LoRa on the move: Performance evaluation of LoRa in V2X communications}},
  author={Li, Yuke and Han, Shuangshuang and Yang, Linyao and Wang, Fei-Yue and Zhang, Hui},
  booktitle={2018 IEEE Intelligent Vehicles Symposium (IV)},
  pages={1107--1111},
  year={2018},
  organization={IEEE}
}

@phdthesis{temim2022low,
  title={{{Low-Earth-Orbit} satellite communications using {LoRa-like} signals}},
  author={Temim, Ben and Amine, Mohamed},
  year={2022},
  school={Bordeaux}
}

@article{torres2021experimental,
  title={{An experimental study on the use of LoRa technology in vehicle communication}},
  author={Torres, Ana Paula Alves and Da Silva, Claudio Bastos and Tertuliano Filho, Hor{\'a}cio},
  journal={IEEE Access},
  volume={9},
  pages={26633--26640},
  year={2021},
  publisher={IEEE}
}

@article{ullah2023understanding,
  title={{Understanding the Limits of LoRa Direct-to-Satellite: The Doppler Perspectives}},
  author={Ullah, Muhammad Asad and Pasolini, Gianni and Mikhaylov, Konstantin and Alves, Hirley},
  journal={IEEE Open Journal of the Communications Society},
  year={2023},
  publisher={IEEE}
}

@inproceedings{wang2022performance,
  title={{On the performance of non-terrestrial networks to support the internet of things}},
  author={Wang, Dengke and Traspadini, Alessandro and Giordani, Marco and Alouini, Mohamed-Slim and Zorzi, Michele},
  booktitle={2022 56th Asilomar Conference on Signals, Systems, and Computers},
  pages={881--887},
  year={2022},
  organization={IEEE}
}

@article{zadorozhny2022first,
  title={{First Flight-Testing of {LoRa} Modulation in Satellite Radio Communications in Low-Earth Orbit}},
  author={Zadorozhny, Alexander M and Doroshkin, Alexander A and Gorev, Vasily N and Melkov, Alexander V and Mitrokhin, Anton A and Prokopyev, Vitaliy Yu and Prokopyev, Yuri M},
  journal={IEEE Access},
  volume={10},
  pages={100006--100023},
  year={2022},
  publisher={IEEE}
}

