@article{benkhelifa2022orthogonal,
  title={{How Orthogonal is {LoRa} Modulation?}},
  author={Benkhelifa, Fatma and Bouazizi, Yathreb and McCann, Julie A},
  journal={IEEE Internet of Things Journal},
  year={2022},
  publisher={IEEE}
}

@inproceedings{cao2021influence,
  title={{The influence of {LEO} satellite {Doppler} effect on {LoRa} modulation and its solutio}},
  author={Cao, Cong and Zhai, Shenghua},
  booktitle={Journal of Physics: Conference Series},
  volume={1883},
  number={1},
  pages={012071},
  year={2021},
  organization={IOP Publishing}
}

@article{ben2022new,
  title={{A New {LoRa}-like Transceiver Suited for {LEO} Satellite Communications}},
  author={Ben Temim, Mohamed Amine and Ferr{\'e}, Guillaume and Tajan, Romain},
  journal={Sensors},
  volume={22},
  number={5},
  pages={1830},
  year={2022},
  publisher={MDPI}
}

@article{saeed2020cubesat,
  title={{{Cubesat} communications: Recent advances and future challenges}},
  author={Saeed, Nasir and Elzanaty, Ahmed and Almorad, Heba and Dahrouj, Hayssam and Al-Naffouri, Tareq Y and Alouini, Mohamed-Slim},
  journal={IEEE Communications Surveys \& Tutorials},
  volume={22},
  number={3},
  pages={1839--1862},
  year={2020},
  publisher={IEEE}
}

@article{rouzegar2019estimation,
  title={{Estimation of {Doppler} curve for {LEO} satellites}},
  author={Rouzegar, Hossein and Ghanbarisabagh, Mohammad},
  journal={Wireless Personal Communications},
  volume={108},
  number={4},
  pages={2195--2212},
  year={2019},
  publisher={Springer}
}

@article{doroshkin2019experimental,
  title={{Experimental study of {LoRa} modulation immunity to {Doppler} effect in {CubeSat} radio communications}},
  author={Doroshkin, Alexander A and Zadorozhny, Alexander M and Kus, Oleg N and Prokopyev, Vitaliy Yu and Prokopyev, Yuri M},
  journal={IEEE Access},
  volume={7},
  pages={75721--75731},
  year={2019},
  publisher={IEEE}
}

@article{zadorozhny2022first,
  title={{First Flight-Testing of {LoRa} Modulation in Satellite Radio Communications in Low-Earth Orbit}},
  author={Zadorozhny, Alexander M and Doroshkin, Alexander A and Gorev, Vasily N and Melkov, Alexander V and Mitrokhin, Anton A and Prokopyev, Vitaliy Yu and Prokopyev, Yuri M},
  journal={IEEE Access},
  volume={10},
  pages={100006--100023},
  year={2022},
  publisher={IEEE}
}

@inproceedings{doroshkin2018laboratory,
  title={{Laboratory testing of {LoRa} modulation for {CubeSat} radio communications}},
  author={Doroshkin, Alexander and Zadorozhny, Alexander and Kus, Oleg and Prokopyev, Vitaliy and Prokopyev, Yuri},
  booktitle={MATEC Web of Conferences},
  volume={158},
  pages={01008},
  year={2018},
  organization={EDP Sciences}
}

@article{ali1998doppler,
  title={{{Doppler} characterization for {LEO} satellites}},
  author={Ali, Irfan and Al-Dhahir, Naofal and Hershey, John E},
  journal={IEEE transactions on communications},
  volume={46},
  number={3},
  pages={309--313},
  year={1998},
  publisher={IEEE}
}

@incollection{pham2020radio,
  title={{Radio channel access challenges in {LoRa} low-power wide-area networks}},
  author={Pham, Congduc and Bounceur, Ahc{\`e}ne and Clavier, Laurent and Noreen, Umber and Ehsan, Muhammad},
  booktitle={LPWAN Technologies for IoT and M2M Applications},
  pages={65--102},
  year={2020},
  publisher={Elsevier}
}

@article{petajajarvi2017performance,
  title={{Performance of a low-power wide-area network based on {LoRa} technology: {Doppler} robustness, scalability, and coverage}},
  author={Pet{\"a}j{\"a}j{\"a}rvi, Juha and Mikhaylov, Konstantin and Pettissalo, Marko and Janhunen, Janne and Iinatti, Jari},
  journal={International Journal of Distributed Sensor Networks},
  volume={13},
  number={3},
  pages={1550147717699412},
  year={2017},
  publisher={SAGE Publications Sage UK: London, England}
}

@article{el2018lora,
  title={{{LoRa} technology {MAC} layer operations and Research issues}},
  author={El Fehri, Ch{\'e}kra and Kassab, Mohamed and Abdellatif, Slim and Berthou, Pascal and Belghith, Abdelfettah},
  journal={Procedia computer science},
  volume={130},
  pages={1096--1101},
  year={2018},
  publisher={Elsevier}
}


@article{chettri2019comprehensive,
  title={{A comprehensive survey on {Internet of Things (IoT)} toward {5G} wireless systems}},
  author={Chettri, Lalit and Bera, Rabindranath},
  journal={IEEE Internet of Things Journal},
  volume={7},
  number={1},
  pages={16--32},
  year={2019},
  publisher={IEEE}
}

@article{vangelista2017frequency,
  title={{Frequency shift chirp modulation: The {LoRa} modulation}},
  author={Vangelista, Lorenzo},
  journal={IEEE signal processing letters},
  volume={24},
  number={12},
  pages={1818--1821},
  year={2017},
  publisher={IEEE}
}

@article{krishnan2020lorawan,
  title={{{LoRaWAN}{\textregistered} and multi-ran architecture connecting the next billion {IoT} devices}},
  author={Krishnan, Adarsh},
  journal={ABI Research},
  year={2020}
}

@inproceedings{colombo2022low,
  title={{Low-cost {SDR-based} tool for evaluating {LoRa} satellite communications}},
  author={Colombo, Roberto M and Mahmood, Aamir and Sisinni, Emiliano and Ferrari, Paolo and Gidlund, Mikael},
  booktitle={2022 IEEE International Symposium on Measurements \& Networking (M\&N)},
  pages={1--6},
  year={2022},
  organization={IEEE}
}

@inproceedings{lapapan2021lora,
  title={{{LoRa Multi-Channel Access Immunity to Doppler effect in CubeSat Radio Communication}}},
  author={Lapapan, Intanon and Pa-in, Wetchaphat and Chotimanon, Vachiravit and Chodkaveekityada, Peeramed},
  booktitle={Presented at the 2nd Innovation Aviation \& Aerospace Industry-International Conference},
  volume={28},
  pages={30},
  year={2021}
}

@article{ameloot2021characterizing,
  title={{Characterizing the impact of {Doppler} effects on body-centric {LoRa} links with {SDR}}},
  author={Ameloot, Thomas and Moeneclaey, Marc and Van Torre, Patrick and Rogier, Hendrik},
  journal={Sensors},
  volume={21},
  number={12},
  pages={4049},
  year={2021},
  publisher={MDPI}
}

@article{liando2019known,
  title={{Known and unknown facts of {LoRa}: {Experiences} from a large-scale measurement study}},
  author={Liando, Jansen C and Gamage, Amalinda and Tengourtius, Agustinus W and Li, Mo},
  journal={ACM Transactions on Sensor Networks (TOSN)},
  volume={15},
  number={2},
  pages={1--35},
  year={2019},
  publisher={ACM New York, NY, USA}
}

@inproceedings{kodheli2018resource,
  title={{Resource allocation approach for differential doppler reduction in {NB-IoT over LEO satellite}}},
  author={Kodheli, Oltjon and Andrenacci, Stefano and Maturo, Nicola and Chatzinotas, Symeon and Zimmer, Frank},
  booktitle={2018 9th Advanced Satellite Multimedia Systems Conference and the 15th Signal Processing for Space Communications Workshop (ASMS/SPSC)},
  pages={1--8},
  year={2018},
  organization={IEEE}
}

@article{fernandez2020assessing,
  title={{Assessing {LoRa} for satellite-to-earth communications considering the impact of ionospheric scintillation}},
  author={Fernandez, Lara and Ruiz-De-Azua, Joan Adria and Calveras, Anna and Camps, Adriano},
  journal={IEEE access},
  volume={8},
  pages={165570--165582},
  year={2020},
  publisher={IEEE}
}

@phdthesis{temim2022low,
  title={{{Low-Earth-Orbit} satellite communications using {LoRa-like} signals}},
  author={Temim, Ben and Amine, Mohamed},
  year={2022},
  school={Bordeaux}
}

@inproceedings{conti2020doppler,
  title={{Doppler impact analysis for nb-iot and satellite systems integration}},
  author={Conti, Matteo and Andrenacci, Stefano and Maturo, Nicola and Chatzinotas, Symeon and Vanelli-Coralli, Alessandro},
  booktitle={ICC 2020-2020 IEEE International Conference on Communications (ICC)},
  pages={1--7},
  year={2020},
  organization={IEEE}
}

@article{anteur2019performance,
  title={{On the performance of {UNB} for machine-to-machine low earth orbit {(LEO)} satellite communications}},
  author={Anteur, Mehdi and Thomas, Nathalie and Deslandes, Vincent and Beylot, Andr{\'e}-Luc},
  journal={International Journal of Satellite Communications and Networking},
  volume={37},
  number={1},
  pages={56--71},
  year={2019},
  publisher={Wiley Online Library}
}

@inproceedings{kang2022regression,
  title={{Regression based Pilot Design for Doppler Effect Estimation and Compensation in LEO Satellite Communication with LoRa}},
  author={Kang, Jinho and Im, Gyeongrae and Jung, Dong-Hyun and Jung, Sooyeob and Kim, Jung-Bin and Kim, Pansoo and Ryu, Joon Gyu},
  booktitle={2022 27th Asia Pacific Conference on Communications (APCC)},
  pages={631--632},
  year={2022},
  organization={IEEE}
}

@article{ikpehai2018low,
  title={{Low-power wide area network technologies for Internet-of-Things: A comparative review}},
  author={Ikpehai, Augustine and Adebisi, Bamidele and Rabie, Khaled M and Anoh, Kelvin and Ande, Ruth E and Hammoudeh, Mohammad and Gacanin, Haris and Mbanaso, Uche M},
  journal={IEEE Internet of Things Journal},
  volume={6},
  number={2},
  pages={2225--2240},
  year={2018},
  publisher={IEEE}
}

@inproceedings{wang2022performance,
  title={{On the performance of non-terrestrial networks to support the internet of things}},
  author={Wang, Dengke and Traspadini, Alessandro and Giordani, Marco and Alouini, Mohamed-Slim and Zorzi, Michele},
  booktitle={2022 56th Asilomar Conference on Signals, Systems, and Computers},
  pages={881--887},
  year={2022},
  organization={IEEE}
}

@article{chiani2019lora,
  title={{On the LoRa modulation for IoT: Waveform properties and spectral analysis}},
  author={Chiani, Marco and Elzanaty, Ahmed},
  journal={IEEE Internet of Things Journal},
  volume={6},
  number={5},
  pages={8463--8470},
  year={2019},
  publisher={IEEE}
}

@inproceedings{croce2017impact,
  title={{Impact of spreading factor imperfect orthogonality in lora communications}},
  author={Croce, Daniele and Gucciardo, Michele and Tinnirello, Ilenia and Garlisi, Domenico and Mangione, Stefano},
  booktitle={Digital Communication. Towards a Smart and Secure Future Internet: 28th International Tyrrhenian Workshop, TIWDC 2017, Palermo, Italy, September 18-20, 2017, Proceedings 28},
  pages={165--179},
  year={2017},
  organization={Springer}
}
%%example of how to cite a website: Device class
@online{Semtech_LoRa,
 author = {{Semtech}},
  title = {{LoRa}},
  url =  {https://www.semtech.com/lora},
  urldate = {2023-08-03},
 }


@article{popescu2014pixel,
  title={{Pixel geolocation algorithm for satellite scanner data}},
  author={Popescu, Gabriel},
  journal={Scientific Papers. Series E. Land Reclamation, Earth Observation \& Surveying, Environmental Engineering},
  volume={3},
  pages={127--136},
  year={2014}
}

@online{LoRaWAN,
 author = {{{T}he {T}hing {N}etwork}},
  title = {{LoRaWAN}},
  url =  {https://www.thethingsnetwork.org/docs/lorawan/},
  urldate = {2023-08-03},
 }

@inproceedings{bor2016lora,
  title={{LoRa for the Internet of Things.}},
  author={Bor, Martin C and Vidler, John and Roedig, Utz},
  booktitle={Ewsn},
  volume={16},
  pages={361--366},
  year={2016}
}

@article{torres2021experimental,
  title={{An experimental study on the use of LoRa technology in vehicle communication}},
  author={Torres, Ana Paula Alves and Da Silva, Claudio Bastos and Tertuliano Filho, Hor{\'a}cio},
  journal={IEEE Access},
  volume={9},
  pages={26633--26640},
  year={2021},
  publisher={IEEE}
}

@inproceedings{elshabrawy2018analysis,
  title={{Analysis of BER and coverage performance of LoRa modulation under same spreading factor interference}},
  author={Elshabrawy, Tallal and Robert, Joerg},
  booktitle={2018 IEEE 29th Annual International Symposium on Personal, Indoor and Mobile Radio Communications (PIMRC)},
  pages={1--6},
  year={2018},
  organization={IEEE}
}

@article{freiman2023emulating,
  title={{Emulating the Doppler-Shift for LoRa based Low Earth Orbit Satellite Communication}},
  author={Freiman, Ariel and Gharib, John Stephen},
  year={2023}
}

@article{kiki2022improved,
  title={{Improved LORA modulation output in LEO satellite internet of things}},
  author={Kiki, Mesmin J Mbyamm and Iddi, Ibrahim},
  journal={Journal of Electrical Engineering \& Technology},
  pages={1--9},
  year={2022},
  publisher={Springer}
}

@inproceedings{li2018lora,
  title={{LoRa on the move: Performance evaluation of LoRa in V2X communications}},
  author={Li, Yuke and Han, Shuangshuang and Yang, Linyao and Wang, Fei-Yue and Zhang, Hui},
  booktitle={2018 IEEE Intelligent Vehicles Symposium (IV)},
  pages={1107--1111},
  year={2018},
  organization={IEEE}
}

@inproceedings{zhou2021lora,
  title={{Lora performance analysis for leo satellite iot networks}},
  author={Zhou, Wendong and Hong, Tao and Ding, Xiaojin and Zhang, Gengxin},
  booktitle={2021 13th International Conference on Wireless Communications and Signal Processing (WCSP)},
  pages={1--5},
  year={2021},
  organization={IEEE}
}

@inproceedings{fu2021real,
  title={{Real-Time Parameter Optimization of LoRa for LEO Satellite Communication}},
  author={Fu, Yuan},
  booktitle={2021 4th International Conference on Information Communication and Signal Processing (ICICSP)},
  pages={543--546},
  year={2021},
  organization={IEEE}
}

@inproceedings{wu2019research,
  title={{Research on LoRa adaptability in the LEO satellites Internet of Things}},
  author={Wu, Tingwei and Qu, Dexin and Zhang, Gengxin},
  booktitle={2019 15th International Wireless Communications \& Mobile Computing Conference (IWCMC)},
  pages={131--135},
  year={2019},
  organization={IEEE}
}

@article{ullah2023understanding,
  title={{Understanding the Limits of LoRa Direct-to-Satellite: The Doppler Perspectives}},
  author={Ullah, Muhammad Asad and Pasolini, Gianni and Mikhaylov, Konstantin and Alves, Hirley},
  journal={IEEE Open Journal of the Communications Society},
  year={2023},
  publisher={IEEE}
}
@misc{LoRaAlliance2020,
  author       = {{LoRa Alliance}},
  title        = {{LoRaWAN 1.0.3 Regional Parameters}},
  year         = {2020},
  month        = {11},
  url          = {https://lora-alliance.org/wp-content/uploads/2020/11/lorawan_regional_parameters_v1.0.3reva_0.pdf},
}
@article{al2021iot,
  title={{IoT} network design using open-source {LoRa} coverage emulator},
  author={Al Homssi, Bassel and Dakic, Kosta and Maselli, Simon and Wolf, Hans and Kandeepan, Sithamparanathan and Al-Hourani, Akram},
  journal={IEEE access},
  volume={9},
  pages={53636--53646},
  year={2021},
  publisher={IEEE}
}