@inproceedings{brinkman2017empirical,
  title = {Empirical {{Mechanism Design}} for {{Optimizing Clearing Interval}} in {{Frequent Call Markets}}},
  booktitle = {18th {{ACM Conference}} on {{Economics}} and {{Computation}}},
  author = {Brinkman, Erik and Wellman, Michael P.},
  year = {2017},
  pages = {205--221}
}

@inproceedings{duong2009learning,
  title = {Learning {{Graphical Game Models}}},
  booktitle = {21st {{International Joint Conference}} on {{Artificial Intelligence}}},
  author = {Duong, Quang and Vorobeychik, Yevgeniy and Singh, Satinder and Wellman, Michael P},
  year = {2009},
  pages = {116--121}
}

@inproceedings{ficici2008learning,
  title = {Learning and Solving Many-Player Games through a Cluster-Based Representation},
  booktitle = {24th {{Conference}} on {{Uncertainty}} in {{Artificial Intelligence}}},
  author = {Ficici, Sevan G. and Parkes, David C. and Pfeffer, Avi},
  year = {2008},
  pages = {188--195}
}

@inproceedings{gatchel2023learning,
  title = {Learning {{Parameterized Families}} of {{Games}}},
  booktitle = {22nd {{International Conference}} on {{Autonomous Agents}} and {{Multiagent Systems}}},
  author = {Gatchel, Madelyn and Wiedenbeck, Bryce},
  year = {2023},
  pages = {1044--1052}
}

@article{gemp2022designing,
  title = {Designing All-Pay Auctions Using Deep Learning and Multi-Agent Simulation},
  author = {Gemp, Ian and Anthony, Thomas and Kramar, Janos and Eccles, Tom and Tacchetti, Andrea and Bachrach, Yoram},
  year = {2022},
  journal = {Scientific Reports},
  volume = {12},
  number = {1},
  pages = {16937}
}

@inproceedings{jordan2010strategy,
  title = {Strategy and {{Mechanism Lessons}} from the {{First Ad Auctions Trading Agent Competition}}},
  booktitle = {11th {{ACM Conference}} on {{Electronic Commerce}}},
  author = {Jordan, Patrick R. and Wellman, Michael P. and Balakrishnan, Guha},
  year = {2010},
  pages = {287--296}
}

@inproceedings{li2020structure,
  title = {Structure {{Learning}} for {{Approximate Solution}} of {{Many-Player Games}}},
  booktitle = {34th {{AAAI Conference}} on {{Artificial Intelligence}}},
  author = {Li, Zun and Wellman, Michael P.},
  year = {2020},
  pages = {2119--2127}
}

@inproceedings{li2021evolution,
  title = {Evolution {{Strategies}} for {{Approximate Solution}} of {{Bayesian Games}}},
  booktitle = {35th {{AAAI Conference}} on {{Artificial Intelligence}}},
  author = {Li, Zun and Wellman, Michael P.},
  year = {2021},
  number = {6},
  pages = {5531--5540}
}

@inproceedings{liu2023nfgtransformer,
  title = {{{NfgTransformer}}: {{Equivariant Representation Learning}} for {{Normal-form Games}}},
  booktitle = {12th {{International Conference}} on {{Learning Representations}}},
  author = {Liu, Siqi and Marris, Luke and Piliouras, Georgios and Gemp, Ian and Heess, Nicolas},
  year = {2023}
}

@inproceedings{sokota2019learning,
  title = {Learning {{Deviation Payoffs}} in {{Simulation-Based Games}}},
  booktitle = {33rd {{AAAI Conference}} on {{Artificial Intelligence}}},
  author = {Sokota, Samuel and Ho, Caleb and Wiedenbeck, Bryce},
  year = {2019},
  pages = {2173--2180}
}

@inproceedings{viqueira2020empirical,
  title = {Empirical {{Mechanism Design}}: {{Designing Mechanisms}} from {{Data}}},
  booktitle = {35th Conference on Uncertainty in Artificial Intelligence},
  author = {Areyan Viqueira, Enrique and Cousins, Cyrus and Mohammad, Yasser and Greenwald, Amy},
  year = {2020},
  pages = {1094--1104}
}

@inproceedings{vorobeychik2006empirical,
  title = {Empirical {{Mechanism Design}}: {{Methods}}, with {{Application}} to a {{Supply-Chain Scenario}}},
  booktitle = {7th {{ACM Conference}} on {{Electronic Commerce}}},
  author = {Vorobeychik, Yevgeniy and Kiekintveld, Christopher and Wellman, Michael P.},
  year = {2006},
  pages = {306--315}
}

@article{vorobeychik2007learning,
  title = {Learning Payoff Functions in Infinite Games},
  author = {Vorobeychik, Yevgeniy and Wellman, Michael P. and Singh, Satinder},
  year = {2007},
  journal = {Machine Learning},
  volume = {67},
  number = {1},
  pages = {145--168}
}

@article{vorobeychik2012constrained,
  title = {Constrained Automated Mechanism Design for Infinite Games of Incomplete Information},
  author = {Vorobeychik, Yevgeniy and Reeves, Daniel M. and Wellman, Michael P.},
  year = {2012},
  journal = {Autonomous Agents and Multi-Agent Systems},
  volume = {25},
  number = {2},
  pages = {313--351}
}

@article{wellman2020economic,
  title = {{Economic Reasoning from Simulation-Based Game Models}},
  author = {Wellman, Michael P.},
  year = {2020},
  journal = {{\OE}conomia. History, Methodology, Philosophy},
  volume = {10},
  number = {2},
  pages = {257--278}
}

@article{wellman2024empirical,
  title = {Empirical {{Game-Theoretic Analysis}}: {{A Survey}}},
  author = {Wellman, Michael P. and Tuyls, Karl and Greenwald, Amy},
  year = 2025,
  volume=82,
  journal = {Journal of Artificial Intelligence Research},
}

@inproceedings{wiedenbeck2018regression,
  title = {A {{Regression Approach}} for {{Modeling Games With Many Symmetric Players}}},
  booktitle = {32nd {{AAAI Conference}} on {{Artificial Intelligence}}},
  author = {Wiedenbeck, Bryce and Yang, Fengjun and Wellman, Michael},
  year = {2018},
  pages = {1266--1273}
}

@inproceedings{zhang2021finding,
  title = {Finding and {{Certifying}} ({{Near-}}){{Optimal Strategies}} in {{Black-Box Extensive-Form Games}}},
  booktitle = {35th {{AAAI Conference}} on {{Artificial Intelligence}}},
  author = {Zhang, Brian Hu and Sandholm, Tuomas},
  year = {2021},
  pages = {5779--5788}
}

