@inproceedings{areyanviqueira2020improved,
  title = {Improved {{Algorithms}} for {{Learning Equilibria}} in {{Simulation-Based Games}}},
  booktitle = {19th {{International Conference}} on {{Autonomous Agents}} and {{Multiagent Systems}}},
  author = {Areyan Viqueira, Enrique and Cousins, Cyrus and Greenwald, Amy},
  year = {2020},
  pages = {79--87}
}

@article{arunachalam2005supply,
  title = {The Supply Chain Trading Agent Competition},
  author = {Arunachalam, Raghu and Sadeh, Norman M.},
  year = {2005},
  journal = {Electronic Commerce Research and Applications},
  volume = {4},
  number = {1},
  pages = {66--84}
}

@article{balcan2023bicriteria,
  title = {Bicriteria {{Multidimensional Mechanism Design}} with {{Side Information}}},
  author = {Balcan, Maria-Florina and Prasad, Siddharth and Sandholm, Tuomas},
  year = {2023}
}

@article{bichler2021learning,
  title = {Learning Equilibria in Symmetric Auction Games Using Artificial Neural Networks},
  author = {Bichler, Martin and Fichtl, Maximilian and Heidekr{\"u}ger, Stefan and Kohring, Nils and Sutterer, Paul},
  year = {2021},
  journal = {Nature Machine Intelligence},
  volume = {3},
  number = {8},
  pages = {687--695},
  publisher = {Nature Publishing Group}
}

@inproceedings{bichler2023computing,
  title = {Computing {{Bayes Nash Equilibrium Strategies}} in {{Auction Games}} via {{Simultaneous Online Dual Averaging}}},
  booktitle = {Proceedings of the 24th {{ACM Conference}} on {{Economics}} and {{Computation}}},
  author = {Bichler, Martin and Fichtl, Maximilian and Oberlechner, Matthias},
  year = {2023},
  series = {{{EC}} '23},
  pages = {294},
  publisher = {Association for Computing Machinery}
}

@misc{bichler2023convergence,
  title = {On the {{Convergence}} of {{Learning Algorithms}} in {{Bayesian Auction Games}}},
  author = {Bichler, Martin and Lunowa, Stephan B. and Oberlechner, Matthias and Pieroth, Fabian R. and Wohlmuth, Barbara},
  year = {2023},
  number = {arXiv:2311.15398},
  eprint = {2311.15398},
  primaryclass = {cs},
  publisher = {arXiv},
  archiveprefix = {arXiv}
}

@inproceedings{brinkman2017empirical,
  title = {Empirical {{Mechanism Design}} for {{Optimizing Clearing Interval}} in {{Frequent Call Markets}}},
  booktitle = {18th {{ACM Conference}} on {{Economics}} and {{Computation}}},
  author = {Brinkman, Erik and Wellman, Michael P.},
  year = {2017},
  pages = {205--221}
}

@inproceedings{brown2014regret,
  title = {Regret Transfer and Parameter Optimization},
  booktitle = {Proceedings of the {{Twenty-Eighth AAAI Conference}} on {{Artificial Intelligence}}},
  author = {Brown, Noam and Sandholm, Tuomas},
  year = {2014},
  series = {{{AAAI}}'14},
  pages = {594--601},
  publisher = {AAAI Press}
}

@article{browngeorgew1951iterative,
  title = {Iterative {{Solution}} of {{Games}} by {{Fictitious Play}}},
  author = {{Brown, George W}},
  year = {1951},
  volume = {13},
  number = {1},
  pages = {374--376}
}

@inproceedings{duan2023nash,
  title = {Is {{Nash Equilibrium Approximator Learnable}}?},
  booktitle = {Proceedings of the 2023 {{International Conference}} on {{Autonomous Agents}} and {{Multiagent Systems}}},
  author = {Duan, Zhijian and Huang, Wenhan and Zhang, Dinghuai and Du, Yali and Wang, Jun and Yang, Yaodong and Deng, Xiaotie},
  year = {2023},
  series = {{{AAMAS}} '23},
  pages = {233--241},
  publisher = {{International Foundation for Autonomous Agents and Multiagent Systems}}
}

@inproceedings{duong2009learning,
  title = {Learning {{Graphical Game Models}}},
  booktitle = {21st {{International Joint Conference}} on {{Artificial Intelligence}}},
  author = {Duong, Quang and Vorobeychik, Yevgeniy and Singh, Satinder and Wellman, Michael P},
  year = {2009},
  pages = {116--121}
}

@article{dyer2024blackbox,
  title = {Black-Box {{Bayesian}} Inference for Agent-Based Models},
  author = {Dyer, Joel and Cannon, Patrick and Farmer, J. Doyne and Schmon, Sebastian M.},
  year = {2024},
  journal = {Journal of Economic Dynamics and Control},
  volume = {161},
  pages = {104827}
}

@article{edelman2007internet,
  title = {Internet {{Advertising}} and the {{Generalized Second-Price Auction}}: {{Selling Billions}} of {{Dollars Worth}} of {{Keywords}}},
  author = {Edelman, Benjamin and Ostrovsky, Michael and Schwarz, Michael},
  year = {2007},
  journal = {American Economic Review},
  volume = {97},
  number = {1},
  pages = {242--259}
}

@article{edelman2010optimal,
  title = {Optimal {{Auction Design}} and {{Equilibrium Selection}} in {{Sponsored Search Auctions}}},
  author = {Edelman, Benjamin and Schwarz, Michael},
  year = {2010},
  journal = {American Economic Review},
  volume = {100},
  number = {2},
  pages = {597--602}
}

@article{eriksson2006evolution,
  title = {Evolution of a Supply Chain Management Game for the {{Trading Agent Competition}}},
  author = {Eriksson, Joakim and Finne, Niclas and Janson, Sverker},
  year = {2006},
  journal = {AI Communications},
  volume = {19},
  number = {1},
  pages = {1--12}
}

@article{ewert2022approaching,
  title = {Approaching the {{Overbidding Puzzle}} in {{All-Pay Auctions}}: {{Explaining Human Behavior}} through {{Bayesian Optimization}} and {{Equilibrium Learning}}},
  author = {Ewert, Markus and Heidekr{\"u}ger, Stefan and Bichler, Martin},
  year = {2022}
}

@misc{farina2023regret,
  title = {Regret {{Matching}}+: ({{In}}){{Stability}} and {{Fast Convergence}} in {{Games}}},
  author = {Farina, Gabriele and {Grand-Cl{\'e}ment}, Julien and Kroer, Christian and Lee, Chung-Wei and Luo, Haipeng},
  year = {2023},
  number = {arXiv:2305.14709},
  eprint = {2305.14709},
  primaryclass = {cs},
  publisher = {arXiv},
  archiveprefix = {arXiv}
}

@inproceedings{ficici2008learning,
  title = {Learning and Solving Many-Player Games through a Cluster-Based Representation},
  booktitle = {24th {{Conference}} on {{Uncertainty}} in {{Artificial Intelligence}}},
  author = {Ficici, Sevan G. and Parkes, David C. and Pfeffer, Avi},
  year = {2008},
  pages = {188--195}
}

@inproceedings{gatchel2023learning,
  title = {Learning {{Parameterized Families}} of {{Games}}},
  booktitle = {22nd {{International Conference}} on {{Autonomous Agents}} and {{Multiagent Systems}}},
  author = {Gatchel, Madelyn and Wiedenbeck, Bryce},
  year = {2023},
  pages = {1044--1052}
}

@article{gemp2022designing,
  title = {Designing All-Pay Auctions Using Deep Learning and Multi-Agent Simulation},
  author = {Gemp, Ian and Anthony, Thomas and Kramar, Janos and Eccles, Tom and Tacchetti, Andrea and Bachrach, Yoram},
  year = {2022},
  journal = {Scientific Reports},
  volume = {12},
  number = {1},
  pages = {16937}
}

@article{heidekruger2022equilibrium,
  title = {Equilibrium {{Learning}} in {{Auction Markets}}},
  author = {Heidekr{\"u}ger, Stefan},
  year = {2022},
  journal = {Proceedings of the AAAI Conference on Artificial Intelligence},
  volume = {36},
  number = {11},
  pages = {12882--12883}
}

@article{honorio2015learning,
  title = {Learning the {{Structure}} and {{Parameters}} of {{Large-Population Graphical Games}} from {{Behavioral Data}}},
  author = {Honorio, Jean and Ortiz, Luis},
  year = {2015},
  journal = {Machine Learning Research},
  volume = {16},
  number = {1},
  pages = {1157--1210}
}

@inproceedings{jiang2010bayesian,
  title = {Bayesian {{Action-Graph Games}}},
  booktitle = {Advances in {{Neural Information Processing Systems}}},
  author = {Jiang, Albert and {Leyton-brown}, Kevin},
  year = {2010},
  volume = {23},
  publisher = {Curran Associates, Inc.}
}

@article{jiang2011actiongraph,
  title = {Action-{{Graph Games}}},
  author = {Jiang, Albert Xin and {Leyton-Brown}, Kevin and Bhat, Navin A. R.},
  year = {2011},
  journal = {Games and Economic Behavior},
  series = {Special {{Issue In Honor}} of {{John Nash}}},
  volume = {71},
  number = {1},
  pages = {141--173}
}

@inproceedings{jordan2007empirical,
  title = {Empirical {{Game-Theoretic Analysis}} of the {{TAC Supply Chain}} Game},
  booktitle = {6th {{International Joint Conference}} on {{Autonomous Agents}} and {{Multiagent Systems}}},
  author = {Jordan, Patrick R. and Kiekintveld, Christopher and Wellman, Michael P.},
  year = {2007},
  pages = {1--8}
}

@inproceedings{jordan2008searching,
  title = {Searching for Approximate Equilibria in Empirical Games},
  booktitle = {7th {{International Joint Conference}} on {{Autonomous Agents}} and {{Multiagent Systems}}},
  author = {Jordan, Patrick R. and Vorobeychik, Yevgeniy and Wellman, Michael P.},
  year = {2008},
  series = {{{AAMAS}} '08},
  pages = {1063--1070},
  publisher = {{International Foundation for Autonomous Agents and Multiagent Systems}}
}

@incollection{jordan2010designing,
  title = {Designing an {{Ad Auctions Game}} for the {{Trading Agent Competition}}},
  booktitle = {Agent-{{Mediated Electronic Commerce}}. {{Designing Trading Strategies}} and {{Mechanisms}} for {{Electronic Markets}}},
  author = {Jordan, Patrick R. and Wellman, Michael P.},
  editor = {David, Esther and Gerding, Enrico and Sarne, David and Shehory, Onn},
  year = {2010},
  series = {Lecture {{Notes}} in {{Business Information Processing}}},
  volume = {59},
  pages = {147--162},
  publisher = {Springer}
}

@inproceedings{jordan2010strategy,
  title = {Strategy and {{Mechanism Lessons}} from the {{First Ad Auctions Trading Agent Competition}}},
  booktitle = {11th {{ACM Conference}} on {{Electronic Commerce}}},
  author = {Jordan, Patrick R. and Wellman, Michael P. and Balakrishnan, Guha},
  year = {2010},
  pages = {287--296}
}

@inproceedings{jordan2010strategya,
  title = {Strategy Exploration in Empirical Games},
  booktitle = {9th {{International Conference}} on {{Autonomous Agents}} and {{Multiagent Systems}}},
  author = {Jordan, Patrick R. and Schvartzman, L. Julian and Wellman, Michael P.},
  year = {2010},
  series = {{{AAMAS}} '10},
  pages = {1131--1138},
  publisher = {{International Foundation for Autonomous Agents and Multiagent Systems}}
}

@inproceedings{jordanpatrickr.2007bestfirst,
  title = {Best-{{First Search}} for {{Approximate Equilibria}} in {{Empirical Games}}},
  booktitle = {{{AAAI Workshop}} on {{Trading Agent Design}} and {{Analysis}}},
  author = {{Jordan, Patrick R.}},
  year = {2007}
}

@article{kiekintveld2004valuedriven,
  title = {Value-Driven Procurement in the {{TAC}} Supply Chain Game},
  author = {Kiekintveld, Christopher and Wellman, Michael P. and Singh, Satinder and Soni, Vishal},
  year = {2004},
  journal = {ACM SIGecom Exchanges},
  volume = {4},
  number = {3},
  pages = {9--18}
}

@inproceedings{kiekintveld2006analysis,
  title = {An {{Analysis}} of the 2004 {{Supply Chain Management Trading Agent Competition}}},
  booktitle = {Agent-{{Mediated Electronic Commerce}}. {{Designing Trading Agents}} and {{Mechanisms}}},
  author = {Kiekintveld, Christopher and Vorobeychik, Yevgeniy and Wellman, Michael P.},
  editor = {La Poutr{\'e}, Han and Sadeh, Norman M. and Janson, Sverker},
  year = {2006},
  series = {Lecture {{Notes}} in {{Computer Science}}},
  pages = {99--112},
  publisher = {Springer}
}

@inproceedings{lahaie2006analysis,
  title = {An Analysis of Alternative Slot Auction Designs for Sponsored Search},
  booktitle = {7th {{ACM Conference}} on {{Electronic Commerce}}},
  author = {Lahaie, S{\'e}bastien},
  year = {2006},
  pages = {218--227}
}

@inproceedings{li2020structure,
  title = {Structure {{Learning}} for {{Approximate Solution}} of {{Many-Player Games}}},
  booktitle = {34th {{AAAI Conference}} on {{Artificial Intelligence}}},
  author = {Li, Zun and Wellman, Michael P.},
  year = {2020},
  pages = {2119--2127}
}

@inproceedings{li2021evolution,
  title = {Evolution {{Strategies}} for {{Approximate Solution}} of {{Bayesian Games}}},
  booktitle = {35th {{AAAI Conference}} on {{Artificial Intelligence}}},
  author = {Li, Zun and Wellman, Michael P.},
  year = {2021},
  number = {6},
  pages = {5531--5540}
}

@inproceedings{ling2018what,
  title = {What Game Are We Playing? End-to-End Learning in Normal and Extensive Form Games},
  booktitle = {Proceedings of the 27th {{International Joint Conference}} on {{Artificial Intelligence}}},
  author = {Ling, Chun Kai and Fang, Fei and Kolter, J. Zico},
  year = {2018},
  series = {{{IJCAI}}'18},
  pages = {396--402},
  publisher = {AAAI Press}
}

@inproceedings{liu2023nfgtransformer,
  title = {{{NfgTransformer}}: {{Equivariant Representation Learning}} for {{Normal-form Games}}},
  booktitle = {12th {{International Conference}} on {{Learning Representations}}},
  author = {Liu, Siqi and Marris, Luke and Piliouras, Georgios and Gemp, Ian and Heess, Nicolas},
  year = {2023}
}

@misc{martin2024approxed,
  title = {{{ApproxED}}: {{Approximate}} Exploitability Descent via Learned Best Responses},
  author = {Martin, Carlos and Sandholm, Tuomas},
  year = {2024},
  number = {arXiv:2301.08830},
  eprint = {2301.08830},
  primaryclass = {cs},
  publisher = {arXiv},
  archiveprefix = {arXiv}
}

@misc{mishra2022regret,
  title = {Regret {{Pruning}} for {{Learning Equilibria}} in {{Simulation-Based Games}}},
  author = {Mishra, Bhaskar and Cousins, Cyrus and Greenwald, Amy},
  year = {2022},
  number = {arXiv:2211.16670},
  eprint = {2211.16670},
  primaryclass = {cs},
  publisher = {arXiv},
  archiveprefix = {arXiv}
}

@inproceedings{nisan2011bestresponse,
  title = {Best-Response Auctions},
  booktitle = {12th {{ACM Conference}} on {{Electronic Commerce}}},
  author = {Nisan, Noam and Schapira, Michael and Valiant, Gregory and Zohar, Aviv},
  year = {2011},
  pages = {351--360}
}

@misc{pieroth2023equilibrium,
  title = {Equilibrium {{Computation}} in {{Multi-Stage Auctions}} and {{Contests}}},
  author = {Pieroth, Fabian R. and Kohring, Nils and Bichler, Martin},
  year = {2023},
  number = {arXiv:2312.11751},
  eprint = {2312.11751},
  primaryclass = {cs},
  publisher = {arXiv},
  archiveprefix = {arXiv}
}

@article{qin2015sponsored,
  title = {Sponsored {{Search Auctions}}: {{Recent Advances}} and {{Future Directions}}},
  author = {Qin, Tao and Chen, Wei and Liu, Tie-Yan},
  year = {2015},
  journal = {ACM Transactions on Intelligent Systems and Technology},
  volume = {5},
  number = {4},
  pages = {60:1--60:34}
}

@misc{ravindranath2024deep,
  title = {Deep {{Reinforcement Learning}} for {{Sequential Combinatorial Auctions}}},
  author = {Ravindranath, Sai Srivatsa and Feng, Zhe and Wang, Di and Zaheer, Manzil and Mehta, Aranyak and Parkes, David C.},
  year = {2024},
  number = {arXiv:2407.08022},
  eprint = {2407.08022},
  primaryclass = {cs},
  publisher = {arXiv},
  archiveprefix = {arXiv}
}

@inproceedings{reeves2004computing,
  title = {Computing {{Best-Response Strategies}} in {{Infinite Games}} of {{Incomplete Information}}},
  booktitle = {20th {{Conference}} on {{Uncertainty}} in {{Artificial Intelligence}}},
  author = {Reeves, Daniel M and Wellman, Michael P},
  year = {2004},
  pages = {470--478}
}

@inproceedings{sokota2019learning,
  title = {Learning {{Deviation Payoffs}} in {{Simulation-Based Games}}},
  booktitle = {33rd {{AAAI Conference}} on {{Artificial Intelligence}}},
  author = {Sokota, Samuel and Ho, Caleb and Wiedenbeck, Bryce},
  year = {2019},
  pages = {2173--2180}
}

@article{sychrovsky2024learning,
  title = {Learning {{Not}} to {{Regret}}},
  author = {Sychrovsk{\'y}, David and {\v S}ustr, Michal and Davoodi, Elnaz and Bowling, Michael and Lanctot, Marc and Schmid, Martin},
  year = {2024},
  journal = {AAAI Conference on Artificial Intelligence},
  volume = {38},
  number = {14},
  pages = {15202--15210}
}

@misc{tacchetti2022learninga,
  title = {Learning {{Truthful}}, {{Efficient}}, and {{Welfare Maximizing Auction Rules}}},
  author = {Tacchetti, Andrea and Strouse, D. J. and Garnelo, Marta and Graepel, Thore and Bachrach, Yoram},
  year = {2022},
  number = {arXiv:1907.05181},
  eprint = {1907.05181},
  primaryclass = {cs},
  publisher = {arXiv},
  archiveprefix = {arXiv}
}

@article{taylor1978evolutionary,
  title = {Evolutionary {{Stable Strategies}} and {{Game Dynamics}}},
  author = {Taylor, Peter D. and Jonker, Leo B.},
  year = {1978},
  journal = {Mathematical Biosciences},
  volume = {40},
  number = {1},
  pages = {145--156}
}

@inproceedings{thompson2009computational,
  title = {Computational {{Analysis}} of {{Perfect-Information Position Auctions}}},
  booktitle = {10th {{ACM Conference}} on {{Electronic Commerce}}},
  author = {Thompson, David R. M. and {Leyton-Brown}, Kevin},
  year = {2009},
  pages = {51--60}
}

@inproceedings{thompson2013empirical,
  title = {Empirical {{Analysis}} of {{Plurality Election Equilibria}}},
  booktitle = {12th {{International Conference}} on {{Autonomous Agents}} and {{Multiagent Systems}}},
  author = {Thompson, David and Lev, Omer and {Leyton-Brown}, Kevin and Rosenschein, Jeffrey},
  year = {2013},
  pages = {391--398}
}

@inproceedings{thompson2013revenue,
  title = {Revenue {{Optimization}} in the {{Generalized Second-Price Auction}}},
  booktitle = {14th {{ACM Conference}} on {{Electronic Commerce}}},
  author = {Thompson, David R. M. and {Leyton-Brown}, Kevin},
  year = {2013},
  pages = {837--852}
}

@article{thompson2017computational,
  title = {Computational Analysis of Perfect-Information Position Auctions},
  author = {Thompson, David R. M. and {Leyton-Brown}, Kevin},
  year = {2017},
  journal = {Games and Economic Behavior},
  volume = {102},
  pages = {583--623}
}

@article{varian2007position,
  title = {Position Auctions},
  author = {Varian, Hal R.},
  year = {2007},
  journal = {International Journal of Industrial Organization},
  volume = {25},
  number = {6},
  pages = {1163--1178}
}

@misc{viqueira2019learning,
  title = {Learning {{Equilibria}} of {{Simulation-Based Games}}},
  author = {Areyan Viqueira, Enrique and Cousins, Cyrus and Upfal, Eli and Greenwald, Amy},
  year = {2019},
  number = {arXiv:1905.13379},
  eprint = {1905.13379},
  primaryclass = {cs},
  publisher = {arXiv},
  archiveprefix = {arXiv}
}

@inproceedings{viqueira2020empirical,
  title = {Empirical {{Mechanism Design}}: {{Designing Mechanisms}} from {{Data}}},
  booktitle = {35th Conference on Uncertainty in Artificial Intelligence},
  author = {Areyan Viqueira, Enrique and Cousins, Cyrus and Mohammad, Yasser and Greenwald, Amy},
  year = {2020},
  pages = {1094--1104}
}

@phdthesis{viqueira2021learninga,
  title = {Learning {{Equilibria}} of {{Simulation-Based Games}}: {{Applications}} to {{Empirical Mechanism Design}}},
  author = {Viqueira, Enrique Areyan},
  year = {2021},
  school = {Brown University}
}

@inproceedings{vlatakis-gkaragkounis2020noregret,
  title = {No-{{Regret Learning}} and {{Mixed Nash Equilibria}}: {{They Do Not Mix}}},
  booktitle = {Advances in {{Neural Information Processing Systems}}},
  author = {{Vlatakis-Gkaragkounis}, Emmanouil-Vasileios and Flokas, Lampros and Lianeas, Thanasis and Mertikopoulos, Panayotis and Piliouras, Georgios},
  year = {2020},
  volume = {33},
  pages = {1380--1391},
  publisher = {Curran Associates, Inc.}
}

@inproceedings{vorobeychik2006empirical,
  title = {Empirical {{Mechanism Design}}: {{Methods}}, with {{Application}} to a {{Supply-Chain Scenario}}},
  booktitle = {7th {{ACM Conference}} on {{Electronic Commerce}}},
  author = {Vorobeychik, Yevgeniy and Kiekintveld, Christopher and Wellman, Michael P.},
  year = {2006},
  pages = {306--315}
}

@article{vorobeychik2007learning,
  title = {Learning Payoff Functions in Infinite Games},
  author = {Vorobeychik, Yevgeniy and Wellman, Michael P. and Singh, Satinder},
  year = {2007},
  journal = {Machine Learning},
  volume = {67},
  number = {1},
  pages = {145--168}
}

@article{vorobeychik2008equilibrium,
  title = {Equilibrium Analysis of Dynamic Bidding in Sponsored Search Auctions},
  author = {Vorobeychik, Yevgeniy and Reeves, Daniel M.},
  year = {2008},
  journal = {International Journal of Electronic Business},
  volume = {6},
  number = {2},
  pages = {172}
}

@phdthesis{vorobeychik2008mechanism,
  title = {Mechanism {{Design}} and {{Analysis Using Simulation-Based Game Models}}},
  author = {Vorobeychik, Yevgeniy},
  year = {2008},
  school = {University of Michigan}
}

@book{vorobeychik2008stochastic,
  title = {Stochastic Search Methods for {{Nash}} Equilibrium Approximation in Simulation-Based Games},
  author = {Vorobeychik, Yevgeniy and Wellman, Michael},
  year = {2008},
  journal = {Proceedings of the International Joint Conference on Autonomous Agents and Multiagent Systems, AAMAS},
  volume = {2},
  pages = {1062}
}

@inproceedings{vorobeychik2009strategic,
  title = {Strategic Analysis with Simulation-Based Games},
  booktitle = {Proceedings of the 2009 {{Winter Simulation Conference}} ({{WSC}})},
  author = {Vorobeychik, Yevgeniy and Wellman, Michael P.},
  year = {2009},
  pages = {359--372}
}

@article{vorobeychik2012constrained,
  title = {Constrained Automated Mechanism Design for Infinite Games of Incomplete Information},
  author = {Vorobeychik, Yevgeniy and Reeves, Daniel M. and Wellman, Michael P.},
  year = {2012},
  journal = {Autonomous Agents and Multi-Agent Systems},
  volume = {25},
  number = {2},
  pages = {313--351}
}

@inproceedings{wang2023regularization,
  title = {Regularization for {{Strategy Exploration}} in {{Empirical Game-Theoretic Analysis}}},
  booktitle = {Proceedings of the 2023 {{International Conference}} on {{Autonomous Agents}} and {{Multiagent Systems}}},
  author = {Wang, Yongzhao and Wellman, Michael P.},
  year = {2023},
  series = {{{AAMAS}} '23},
  pages = {2484--2486},
  publisher = {{International Foundation for Autonomous Agents and Multiagent Systems}}
}

@inproceedings{wellman1999trading,
  title = {A {{Trading Agent Competition}} for the {{Research Community}}},
  booktitle = {{{IJCAI Workshop}} on {{Agent-Mediated Electronic Trading}}},
  author = {Wellman, Michael P and Wurman, Peter R},
  year = {1999}
}

@article{wellman2001designing,
  title = {Designing the {{Market Game}} for a {{Trading Agent Competition}}},
  author = {Wellman, M.P. and Wurman, P.R. and O'Malley, K. and Bangera, R. and Lin, S.-d. and Reeves, D. and Walsh, W.E.},
  year = {2001},
  journal = {IEEE Internet Computing},
  volume = {5},
  number = {2},
  pages = {43--51}
}

@article{wellman20032001,
  title = {The 2001 {{Trading Agent Competition}}},
  author = {Wellman, Michael P. and Amy, Greenwald and Peter, Stone and Wurman, Peter R.},
  year = {2003},
  journal = {Electronic Markets},
  volume = {13},
  number = {1},
  pages = {4--12}
}

@article{wellman2005strategic,
  title = {Strategic {{Interactions}} in a {{Supply Chain Game}}},
  author = {Wellman, Michael P. and Estelle, Joshua and Singh, Satinder and Vorobeychik, Yevgeniy and Kiekintveld, Christopher and Soni, Vishal},
  year = {2005},
  journal = {Computational Intelligence},
  volume = {21},
  number = {1},
  pages = {1--26}
}

@inproceedings{wellman2006methods,
  title = {Methods for {{Empirical Game-Theoretic Analysis}}},
  booktitle = {21st {{National Conference}} on {{Artificial Intelligence}}},
  author = {Wellman, Michael P},
  year = {2006},
  pages = {1152--1155}
}

@article{wellman2020economic,
  title = {{Economic Reasoning from Simulation-Based Game Models}},
  author = {Wellman, Michael P.},
  year = {2020},
  journal = {{\OE}conomia. History, Methodology, Philosophy},
  volume = {10},
  number = {2},
  pages = {257--278}
}

@article{wellman2024empirical,
  title = {Empirical {{Game-Theoretic Analysis}}: {{A Survey}}},
  author = {Wellman, Michael P. and Tuyls, Karl and Greenwald, Amy},
  year = 2025,
  volume=82,
  journal = {Journal of Artificial Intelligence Research},
}

@inproceedings{wiedenbeck2012scaling,
  title = {Scaling Simulation-Based Game Analysis through Deviation-Preserving Reduction},
  booktitle = {11th {{International Conference}} on {{Autonomous Agents}} and {{Multiagent Systems}}},
  author = {Wiedenbeck, Bryce and Wellman, Michael P.},
  year = {2012},
  pages = {931--938}
}

@inproceedings{wiedenbeck2018regression,
  title = {A {{Regression Approach}} for {{Modeling Games With Many Symmetric Players}}},
  booktitle = {32nd {{AAAI Conference}} on {{Artificial Intelligence}}},
  author = {Wiedenbeck, Bryce and Yang, Fengjun and Wellman, Michael},
  year = {2018},
  pages = {1266--1273}
}

@misc{wiedenbeck2023data,
  title = {Data {{Structures}} for {{Deviation Payoffs}}},
  author = {Wiedenbeck, Bryce and Brinkman, Erik},
  year = {2023},
  number = {arXiv:2302.13232},
  eprint = {2302.13232},
  primaryclass = {cs},
  publisher = {arXiv},
  archiveprefix = {arXiv}
}

@inproceedings{xing2023truthful,
  title = {Truthful {{Auctions}} for {{Automated Bidding}} in {{Online Advertising}}},
  booktitle = {32nd {{International Joint Conference}} on {{Artificial Intelligence}}},
  author = {Xing, Yidan and Zhang, Zhilin and Zheng, Zhenzhe and Yu, Chuan and Xu, Jian and Wu, Fan and Chen, Guihai},
  year = {2023},
  pages = {2915--2922}
}

@article{yuan2012coevolutionbased,
  title = {Co-Evolution-Based Mechanism Design for Sponsored Search Advertising},
  author = {Yuan, Yong and Zeng, Daniel},
  year = {2012},
  journal = {Electronic Commerce Research and Applications},
  series = {Information {{Services}} in {{EC}}},
  volume = {11},
  number = {6},
  pages = {537--547}
}

@inproceedings{zhang2021finding,
  title = {Finding and {{Certifying}} ({{Near-}}){{Optimal Strategies}} in {{Black-Box Extensive-Form Games}}},
  booktitle = {35th {{AAAI Conference}} on {{Artificial Intelligence}}},
  author = {Zhang, Brian Hu and Sandholm, Tuomas},
  year = {2021},
  pages = {5779--5788}
}

@inproceedings{zhang2022equilibrium,
  title = {Equilibrium {{Finding}} in {{Normal-Form Games}} via {{Greedy Regret Minimization}}},
  booktitle = {Proceedings of the {{AAAI Conference}} on {{Artificial Intelligence}}},
  author = {Zhang, Hugh and Lerer, Adam and Brown, Noam},
  year = {2022},
  volume = {36},
  pages = {9484--9492}
}

@misc{zhang2023online,
  title = {Online {{Learning}} in {{Contextual Second-Price Pay-Per-Click Auctions}}},
  author = {Zhang, Mengxiao and Luo, Haipeng},
  year = {2023},
  number = {arXiv:2310.05047},
  eprint = {2310.05047},
  primaryclass = {cs},
  publisher = {arXiv},
  archiveprefix = {arXiv}
}

@inproceedings{mcmahan03,
  title={Planning in the presence of cost functions controlled by an adversary},
  author={McMahan, H. Brendan and Gordon, Geoffrey J. and Blum, Avrim},
  booktitle={20th International Conference on Machine Learning},
  pages={536-543},
  location={Washington, DC},
  year={2003}
}
