
@inproceedings{deng2009imagenet,
  title={Imagenet: A large-scale hierarchical image database},
  author={Deng, Jia and Dong, Wei and Socher, Richard and Li, Li-Jia and Li, Kai and Fei-Fei, Li},
  booktitle={2009 IEEE conference on computer vision and pattern recognition},
  pages={248--255},
  year={2009},
  organization={Ieee}
}
@article{2023understanding,
  title={Understanding prompt engineering may not require rethinking generalization},
  author={Akinwande, Victor and Jiang, Yiding and Sam, Dylan and Kolter, J Zico},
  journal={arXiv preprint arXiv:2310.03957},
  year={2023}
}
@inproceedings{hendrycks2021many,
  title={The many faces of robustness: A critical analysis of out-of-distribution generalization},
  author={Hendrycks, Dan and Basart, Steven and Mu, Norman and Kadavath, Saurav and Wang, Frank and Dorundo, Evan and Desai, Rahul and Zhu, Tyler and Parajuli, Samyak and Guo, Mike and others},
  booktitle={Proceedings of the IEEE/CVF International Conference on Computer Vision},
  pages={8340--8349},
  year={2021}
}
@article{roy2023consistency,
  title={Consistency-guided prompt learning for vision-language models},
  author={Roy, Shuvendu and Etemad, Ali},
  journal={arXiv preprint arXiv:2306.01195},
  year={2023}
}
@inproceedings{bossard2014food,
  title={Food-101--mining discriminative components with random forests},
  author={Bossard, Lukas and Guillaumin, Matthieu and Van Gool, Luc},
  booktitle={Computer Vision--ECCV 2014: 13th European Conference, Zurich, Switzerland, September 6-12, 2014, Proceedings, Part VI 13},
  pages={446--461},
  year={2014},
  organization={Springer}
}
@inproceedings{chen2023understanding,
  title={Understanding and Improving Feature Learning for Out-of-Distribution Generalization},
  author={Chen, Yongqiang and Huang, Wei and Zhou, Kaiwen and Bian, Yatao and Han, Bo and Cheng, James},
  booktitle={Thirty-seventh Conference on Neural Information Processing Systems},
  year={2023}
}
@article{pham2023combined,
  title={Combined scaling for zero-shot transfer learning},
  author={Pham, Hieu and Dai, Zihang and Ghiasi, Golnaz and Kawaguchi, Kenji and Liu, Hanxiao and Yu, Adams Wei and Yu, Jiahui and Chen, Yi-Ting and Luong, Minh-Thang and Wu, Yonghui and others},
  journal={Neurocomputing},
  volume={555},
  pages={126658},
  year={2023},
  publisher={Elsevier}
}
@inproceedings{kornblith2019better,
  title={Do better imagenet models transfer better?},
  author={Kornblith, Simon and Shlens, Jonathon and Le, Quoc V},
  booktitle={Proceedings of the IEEE/CVF conference on computer vision and pattern recognition},
  pages={2661--2671},
  year={2019}
}
@inproceedings{agrawal2014analyzing,
  title={Analyzing the performance of multilayer neural networks for object recognition},
  author={Agrawal, Pulkit and Girshick, Ross and Malik, Jitendra},
  booktitle={Computer Vision--ECCV 2014: 13th European Conference, Zurich, Switzerland, September 6-12, 2014, Proceedings, Part VII 13},
  pages={329--344},
  year={2014},
  organization={Springer}
}
@InProceedings{Yao_2023_CVPR,
    author    = {Yao, Hantao and Zhang, Rui and Xu, Changsheng},
    title     = {Visual-Language Prompt Tuning With Knowledge-Guided Context Optimization},
    booktitle = {Proceedings of the IEEE/CVF Conference on Computer Vision and Pattern Recognition (CVPR)},
    month     = {June},
    year      = {2023},
    pages     = {6757-6767}
}
@article{li2021prefix,
  title={Prefix-tuning: Optimizing continuous prompts for generation},
  author={Li, Xiang Lisa and Liang, Percy},
  journal={arXiv preprint arXiv:2101.00190},
  year={2021}
}
@inproceedings{0Visual,
  title={Visual-Language Prompt Tuning with Knowledge-Guided Context Optimization},
  author={ Yao, Hantao  and  Zhang, Rui  and  Xu, Changsheng },
  booktitle={2023 IEEE/CVF Conference on Computer Vision and Pattern Recognition (CVPR)},
}
@article{wang2021actionclip,
  title={Actionclip: A new paradigm for video action recognition},
  author={Wang, Mengmeng and Xing, Jiazheng and Liu, Yong},
  journal={arXiv preprint arXiv:2109.08472},
  year={2021}
}
@inproceedings{sanghi2022clip,
  title={Clip-forge: Towards zero-shot text-to-shape generation},
  author={Sanghi, Aditya and Chu, Hang and Lambourne, Joseph G and Wang, Ye and Cheng, Chin-Yi and Fumero, Marco and Malekshan, Kamal Rahimi},
  booktitle={Proceedings of the IEEE/CVF Conference on Computer Vision and Pattern Recognition},
  pages={18603--18613},
  year={2022}
}
@article{ding2023open,
  title={Open-Vocabulary Universal Image Segmentation with MaskCLIP},
  author={Ding, Zheng and Wang, Jieke and Tu, Zhuowen},
  year={2023}
}
@inproceedings{luo2023segclip,
  title={Segclip: Patch aggregation with learnable centers for open-vocabulary semantic segmentation},
  author={Luo, Huaishao and Bao, Junwei and Wu, Youzheng and He, Xiaodong and Li, Tianrui},
  booktitle={International Conference on Machine Learning},
  pages={23033--23044},
  year={2023},
  organization={PMLR}
}

@article{shu2023clipood,
  title={CLIPood: Generalizing CLIP to Out-of-Distributions},
  author={Shu, Yang and Guo, Xingzhuo and Wu, Jialong and Wang, Ximei and Wang, Jianmin and Long, Mingsheng},
  journal={arXiv preprint arXiv:2302.00864},
  year={2023}
}
@inproceedings{li2022learning,
  title={Learning common and specific visual prompts for domain generalization},
  author={Li, Aodi and Zhuang, Liansheng and Fan, Shuo and Wang, Shafei},
  booktitle={Proceedings of the Asian Conference on Computer Vision},
  pages={4260--4275},
  year={2022}
}

@article{bengio2021deep,
  title={Deep learning for AI},
  author={Bengio, Yoshua and Lecun, Yann and Hinton, Geoffrey},
  journal={Communications of the ACM},
  volume={64},
  number={7},
  pages={58--65},
  year={2021},
  publisher={ACM New York, NY, USA}
}
@inproceedings{goyal2023finetune,
  title={Finetune like you pretrain: Improved finetuning of zero-shot vision models},
  author={Goyal, Sachin and Kumar, Ananya and Garg, Sankalp and Kolter, Zico and Raghunathan, Aditi},
  booktitle={Proceedings of the IEEE/CVF Conference on Computer Vision and Pattern Recognition},
  pages={19338--19347},
  year={2023}
}
@article{kumar2022fine,
  title={Fine-tuning can distort pretrained features and underperform out-of-distribution},
  author={Kumar, Ananya and Raghunathan, Aditi and Jones, Robbie and Ma, Tengyu and Liang, Percy},
  journal={arXiv preprint arXiv:2202.10054},
  year={2022}
}
@article{shu2022test,
  title={Test-time prompt tuning for zero-shot generalization in vision-language models},
  author={Shu, Manli and Nie, Weili and Huang, De-An and Yu, Zhiding and Goldstein, Tom and Anandkumar, Anima and Xiao, Chaowei},
  journal={Advances in Neural Information Processing Systems},
  volume={35},
  pages={14274--14289},
  year={2022}
}
@inproceedings{wortsman2022robust,
  title={Robust fine-tuning of zero-shot models},
  author={Wortsman, Mitchell and Ilharco, Gabriel and Kim, Jong Wook and Li, Mike and Kornblith, Simon and Roelofs, Rebecca and Lopes, Raphael Gontijo and Hajishirzi, Hannaneh and Farhadi, Ali and Namkoong, Hongseok and others},
  booktitle={Proceedings of the IEEE/CVF Conference on Computer Vision and Pattern Recognition},
  pages={7959--7971},
  year={2022}
}



@inproceedings{shu2021open,
  title={Open domain generalization with domain-augmented meta-learning},
  author={Shu, Yang and Cao, Zhangjie and Wang, Chenyu and Wang, Jianmin and Long, Mingsheng},
  booktitle={Proceedings of the IEEE/CVF conference on computer vision and pattern recognition},
  pages={9624--9633},
  year={2021}
}
@inproceedings{li2019feature,
  title={Feature-critic networks for heterogeneous domain generalization},
  author={Li, Yiying and Yang, Yongxin and Zhou, Wei and Hospedales, Timothy},
  booktitle={International Conference on Machine Learning},
  pages={3915--3924},
  year={2019},
  organization={PMLR}
}
@article{cha2021swad,
  title={Swad: Domain generalization by seeking flat minima},
  author={Cha, Junbum and Chun, Sanghyuk and Lee, Kyungjae and Cho, Han-Cheol and Park, Seunghyun and Lee, Yunsung and Park, Sungrae},
  journal={Advances in Neural Information Processing Systems},
  volume={34},
  pages={22405--22418},
  year={2021}
}
@inproceedings{carlucci2019domain,
  title={Domain generalization by solving jigsaw puzzles},
  author={Carlucci, Fabio M and D'Innocente, Antonio and Bucci, Silvia and Caputo, Barbara and Tommasi, Tatiana},
  booktitle={Proceedings of the IEEE/CVF Conference on Computer Vision and Pattern Recognition},
  pages={2229--2238},
  year={2019}
}
@article{volpi2018generalizing,
  title={Generalizing to unseen domains via adversarial data augmentation},
  author={Volpi, Riccardo and Namkoong, Hongseok and Sener, Ozan and Duchi, John C and Murino, Vittorio and Savarese, Silvio},
  journal={Advances in neural information processing systems},
  volume={31},
  year={2018}
}
@article{balaji2018metareg,
  title={Metareg: Towards domain generalization using meta-regularization},
  author={Balaji, Yogesh and Sankaranarayanan, Swami and Chellappa, Rama},
  journal={Advances in neural information processing systems},
  volume={31},
  year={2018}
}
@inproceedings{li2018learning,
  title={Learning to generalize: Meta-learning for domain generalization},
  author={Li, Da and Yang, Yongxin and Song, Yi-Zhe and Hospedales, Timothy},
  booktitle={Proceedings of the AAAI conference on artificial intelligence},
  volume={32},
  number={1},
  year={2018}
}
@inproceedings{chattopadhyay2020learning,
  title={Learning to balance specificity and invariance for in and out of domain generalization},
  author={Chattopadhyay, Prithvijit and Balaji, Yogesh and Hoffman, Judy},
  booktitle={Computer Vision--ECCV 2020: 16th European Conference, Glasgow, UK, August 23--28, 2020, Proceedings, Part IX 16},
  pages={301--318},
  year={2020},
  organization={Springer}
}
@inproceedings{piratla2020efficient,
  title={Efficient domain generalization via common-specific low-rank decomposition},
  author={Piratla, Vihari and Netrapalli, Praneeth and Sarawagi, Sunita},
  booktitle={International Conference on Machine Learning},
  pages={7728--7738},
  year={2020},
  organization={PMLR}
}
@inproceedings{li2018deep,
  title={Deep domain generalization via conditional invariant adversarial networks},
  author={Li, Ya and Tian, Xinmei and Gong, Mingming and Liu, Yajing and Liu, Tongliang and Zhang, Kun and Tao, Dacheng},
  booktitle={Proceedings of the European conference on computer vision (ECCV)},
  pages={624--639},
  year={2018}
}
@inproceedings{muandet2013domain,
  title={Domain generalization via invariant feature representation},
  author={Muandet, Krikamol and Balduzzi, David and Sch{\"o}lkopf, Bernhard},
  booktitle={International conference on machine learning},
  pages={10--18},
  year={2013},
  organization={PMLR}
}
@inproceedings{khosla2012undoing,
  title={Undoing the damage of dataset bias},
  author={Khosla, Aditya and Zhou, Tinghui and Malisiewicz, Tomasz and Efros, Alexei A and Torralba, Antonio},
  booktitle={Computer Vision--ECCV 2012: 12th European Conference on Computer Vision, Florence, Italy, October 7-13, 2012, Proceedings, Part I 12},
  pages={158--171},
  year={2012},
  organization={Springer}
}

@article{hermann2020shapes,
  title={What shapes feature representations? exploring datasets, architectures, and training},
  author={Hermann, Katherine and Lampinen, Andrew},
  journal={Advances in Neural Information Processing Systems},
  volume={33},
  pages={9995--10006},
  year={2020}
}

@article{kirichenko2022last,
  title={Last layer re-training is sufficient for robustness to spurious correlations},
  author={Kirichenko, Polina and Izmailov, Pavel and Wilson, Andrew Gordon},
  journal={arXiv preprint arXiv:2204.02937},
  year={2022}
}
@article{izmailov2022feature,
  title={On feature learning in the presence of spurious correlations},
  author={Izmailov, Pavel and Kirichenko, Polina and Gruver, Nate and Wilson, Andrew G},
  journal={Advances in Neural Information Processing Systems},
  volume={35},
  pages={38516--38532},
  year={2022}
}
@inproceedings{beery2018recognition,
  title={Recognition in terra incognita},
  author={Beery, Sara and Van Horn, Grant and Perona, Pietro},
  booktitle={Proceedings of the European conference on computer vision (ECCV)},
  pages={456--473},
  year={2018}
}
@inproceedings{ye2023freeze,
  title={Freeze then train: Towards provable representation learning under spurious correlations and feature noise},
  author={Ye, Haotian and Zou, James and Zhang, Linjun},
  booktitle={International Conference on Artificial Intelligence and Statistics},
  pages={8968--8990},
  year={2023},
  organization={PMLR}
}
@inproceedings{rame2023model,
  title={Model ratatouille: Recycling diverse models for out-of-distribution generalization},
  author={Ram{\'e}, Alexandre and Ahuja, Kartik and Zhang, Jianyu and Cord, Matthieu and Bottou, L{\'e}on and Lopez-Paz, David},
  booktitle={International Conference on Machine Learning},
  pages={28656--28679},
  year={2023},
  organization={PMLR}
}
@inproceedings{zhang2022rich,
  title={Rich feature construction for the optimization-generalization dilemma},
  author={Zhang, Jianyu and Lopez-Paz, David and Bottou, L{\'e}on},
  booktitle={International Conference on Machine Learning},
  pages={26397--26411},
  year={2022},
  organization={PMLR}
}
@article{rame2022diverse,
  title={Diverse weight averaging for out-of-distribution generalization},
  author={Rame, Alexandre and Kirchmeyer, Matthieu and Rahier, Thibaud and Rakotomamonjy, Alain and Gallinari, Patrick and Cord, Matthieu},
  journal={Advances in Neural Information Processing Systems},
  volume={35},
  pages={10821--10836},
  year={2022}
}
@article{arpit2022ensemble,
  title={Ensemble of averages: Improving model selection and boosting performance in domain generalization},
  author={Arpit, Devansh and Wang, Huan and Zhou, Yingbo and Xiong, Caiming},
  journal={Advances in Neural Information Processing Systems},
  volume={35},
  pages={8265--8277},
  year={2022}
}
@inproceedings{zhang2022rich,
  title={Rich feature construction for the optimization-generalization dilemma},
  author={Zhang, Jianyu and Lopez-Paz, David and Bottou, L{\'e}on},
  booktitle={International Conference on Machine Learning},
  pages={26397--26411},
  year={2022},
  organization={PMLR}
}
@article{chen2022pareto,
  title={Pareto invariant risk minimization},
  author={Chen, Yongqiang and Zhou, Kaiwen and Bian, Yatao and Xie, Binghui and Ma, Kaili and Zhang, Yonggang and Yang, Han and Han, Bo and Cheng, James},
  journal={arXiv preprint arXiv:2206.07766},
  year={2022}
}
@article{pezeshki2021gradient,
  title={Gradient starvation: A learning proclivity in neural networks},
  author={Pezeshki, Mohammad and Kaba, Oumar and Bengio, Yoshua and Courville, Aaron C and Precup, Doina and Lajoie, Guillaume},
  journal={Advances in Neural Information Processing Systems},
  volume={34},
  pages={1256--1272},
  year={2021}
}
@inproceedings{krueger2021out,
  title={Out-of-distribution generalization via risk extrapolation (rex)},
  author={Krueger, David and Caballero, Ethan and Jacobsen, Joern-Henrik and Zhang, Amy and Binas, Jonathan and Zhang, Dinghuai and Le Priol, Remi and Courville, Aaron},
  booktitle={International Conference on Machine Learning},
  pages={5815--5826},
  year={2021},
  organization={PMLR}
}
@article{arjovsky2019invariant,
  title={Invariant risk minimization},
  author={Arjovsky, Martin and Bottou, L{\'e}on and Gulrajani, Ishaan and Lopez-Paz, David},
  journal={arXiv preprint arXiv:1907.02893},
  year={2019}
}
@article{kumar2022fine,
  title={Fine-tuning can distort pretrained features and underperform out-of-distribution},
  author={Kumar, Ananya and Raghunathan, Aditi and Jones, Robbie and Ma, Tengyu and Liang, Percy},
  journal={arXiv preprint arXiv:2202.10054},
  year={2022}
}
@article{zou2021understanding,
  title={Understanding the generalization of adam in learning neural networks with proper regularization},
  author={Zou, Difan and Cao, Yuan and Li, Yuanzhi and Gu, Quanquan},
  journal={arXiv preprint arXiv:2108.11371},
  year={2021}
}
@inproceedings{wen2021toward,
  title={Toward understanding the feature learning process of self-supervised contrastive learning},
  author={Wen, Zixin and Li, Yuanzhi},
  booktitle={International Conference on Machine Learning},
  pages={11112--11122},
  year={2021},
  organization={PMLR}
}
@article{allen2020towards,
  title={Towards understanding ensemble, knowledge distillation and self-distillation in deep learning},
  author={Allen-Zhu, Zeyuan and Li, Yuanzhi},
  journal={arXiv preprint arXiv:2012.09816},
  year={2020}
}
@article{hermann2020shapes,
  title={What shapes feature representations? exploring datasets, architectures, and training},
  author={Hermann, Katherine and Lampinen, Andrew},
  journal={Advances in Neural Information Processing Systems},
  volume={33},
  pages={9995--10006},
  year={2020}
}
@inproceedings{frei2021provable,
  title={Provable generalization of sgd-trained neural networks of any width in the presence of adversarial label noise},
  author={Frei, Spencer and Cao, Yuan and Gu, Quanquan},
  booktitle={International Conference on Machine Learning},
  pages={3427--3438},
  year={2021},
  organization={PMLR}
}
@article{gupta2022new,
  title={New Definitions and Evaluations for Saliency Methods: Staying Intrinsic, Complete and Sound},
  author={Gupta, Arushi and Saunshi, Nikunj and Yu, Dingli and Lyu, Kaifeng and Arora, Sanjeev},
  journal={Advances in Neural Information Processing Systems},
  volume={35},
  pages={33120--33133},
  year={2022}
}

@inproceedings{xian2017zero,
  title={Zero-shot learning-the good, the bad and the ugly},
  author={Xian, Yongqin and Schiele, Bernt and Akata, Zeynep},
  booktitle={Proceedings of the IEEE conference on computer vision and pattern recognition},
  pages={4582--4591},
  year={2017}
}
@article{dosovitskiy2020image,
  title={An image is worth 16x16 words: Transformers for image recognition at scale},
  author={Dosovitskiy, Alexey and Beyer, Lucas and Kolesnikov, Alexander and Weissenborn, Dirk and Zhai, Xiaohua and Unterthiner, Thomas and Dehghani, Mostafa and Minderer, Matthias and Heigold, Georg and Gelly, Sylvain and others},
  journal={arXiv preprint arXiv:2010.11929},
  year={2020}
}
@inproceedings{he2016deep,
  title={Deep residual learning for image recognition},
  author={He, Kaiming and Zhang, Xiangyu and Ren, Shaoqing and Sun, Jian},
  booktitle={Proceedings of the IEEE conference on computer vision and pattern recognition},
  pages={770--778},
  year={2016}
}
@inproceedings{qiao2020learning,
  title={Learning to learn single domain generalization},
  author={Qiao, Fengchun and Zhao, Long and Peng, Xi},
  booktitle={Proceedings of the IEEE/CVF Conference on Computer Vision and Pattern Recognition},
  pages={12556--12565},
  year={2020}
}
@article{zhao2020maximum,
  title={Maximum-entropy adversarial data augmentation for improved generalization and robustness},
  author={Zhao, Long and Liu, Ting and Peng, Xi and Metaxas, Dimitris},
  journal={Advances in Neural Information Processing Systems},
  volume={33},
  pages={14435--14447},
  year={2020}
}
@article{wang2022generalizing,
  title={Generalizing to unseen domains: A survey on domain generalization},
  author={Wang, Jindong and Lan, Cuiling and Liu, Chang and Ouyang, Yidong and Qin, Tao and Lu, Wang and Chen, Yiqiang and Zeng, Wenjun and Yu, Philip},
  journal={IEEE Transactions on Knowledge and Data Engineering},
  year={2022},
  publisher={IEEE}
}
@article{huang2022unsupervised,
  title={Unsupervised prompt learning for vision-language models},
  author={Huang, Tony and Chu, Jack and Wei, Fangyun},
  journal={arXiv preprint arXiv:2204.03649},
  year={2022}
}
@article{liu2021p,
  title={P-tuning v2: Prompt tuning can be comparable to fine-tuning universally across scales and tasks},
  author={Liu, Xiao and Ji, Kaixuan and Fu, Yicheng and Tam, Weng Lam and Du, Zhengxiao and Yang, Zhilin and Tang, Jie},
  journal={arXiv preprint arXiv:2110.07602},
  year={2021}
}
@inproceedings{he2016deep,
  title={Deep residual learning for image recognition},
  author={He, Kaiming and Zhang, Xiangyu and Ren, Shaoqing and Sun, Jian},
  booktitle={Proceedings of the IEEE conference on computer vision and pattern recognition},
  pages={770--778},
  year={2016}
}
@inproceedings{muandet2013domain,
  title={Domain generalization via invariant feature representation},
  author={Muandet, Krikamol and Balduzzi, David and Sch{\"o}lkopf, Bernhard},
  booktitle={International conference on machine learning},
  pages={10--18},
  year={2013},
  organization={PMLR}
}
@inproceedings{zhu2023prompt,
  title={Prompt-aligned gradient for prompt tuning},
  author={Zhu, Beier and Niu, Yulei and Han, Yucheng and Wu, Yue and Zhang, Hanwang},
  booktitle={Proceedings of the IEEE/CVF International Conference on Computer Vision},
  pages={15659--15669},
  year={2023}
}
@inproceedings{yao2023visual,
  title={Visual-language prompt tuning with knowledge-guided context optimization},
  author={Yao, Hantao and Zhang, Rui and Xu, Changsheng},
  booktitle={Proceedings of the IEEE/CVF Conference on Computer Vision and Pattern Recognition},
  pages={6757--6767},
  year={2023}
}
@article{liu2023deeply,
  title={Deeply Coupled Cross-Modal Prompt Learning},
  author={Liu, Xuejing and Tang, Wei and Lu, Jinghui and Zhao, Rui and Guo, Zhaojun and Tan, Fei},
  journal={arXiv preprint arXiv:2305.17903},
  year={2023}
}

@inproceedings{lu2022prompt,
  title={Prompt distribution learning},
  author={Lu, Yuning and Liu, Jianzhuang and Zhang, Yonggang and Liu, Yajing and Tian, Xinmei},
  booktitle={Proceedings of the IEEE/CVF Conference on Computer Vision and Pattern Recognition},
  pages={5206--5215},
  year={2022}
}
@article{xing2023dual,
  title={Dual modality prompt tuning for vision-language pre-trained model},
  author={Xing, Yinghui and Wu, Qirui and Cheng, De and Zhang, Shizhou and Liang, Guoqiang and Wang, Peng and Zhang, Yanning},
  journal={IEEE Transactions on Multimedia},
  year={2023},
  publisher={IEEE}
}
@article{0ActionCLIP,
  title={ActionCLIP: A New Paradigm for Video Action Recognition},
  author={ Wang, Mengmeng  and  Xing, Jiazheng  and  Liu, Yong },
  journal={IEEE Transactions on Neural Networks and Learning Systems},
  volume={PP},
}
@article{sanghi2021clip,
  title={Clip-forge: Towards zero-shot text-to-shape generation},
  author={Sanghi, Aditya and Chu, Hang and Lambourne, Joseph G and Wang, Ye and Cheng, Chin-Yi and Fumero, Marco},
  journal={arXiv preprint arXiv:2110.02624},
  year={2021}
}
@inproceedings{ding2023maskclip,
  author    = {Zheng Ding, Jieke Wang, Zhuowen Tu},
  title     = {Open-Vocabulary Universal Image Segmentation with MaskCLIP},
  booktitle = {International Conference on Machine Learning},
  year      = {2023},
}



@inproceedings{zhou2022conditional,
  title={Conditional prompt learning for vision-language models},
  author={Zhou, Kaiyang and Yang, Jingkang and Loy, Chen Change and Liu, Ziwei},
  booktitle={Proceedings of the IEEE/CVF Conference on Computer Vision and Pattern Recognition},
  pages={16816--16825},
  year={2022}
}

@inproceedings{park2024prompt,
  title={Prompt Learning via Meta-Regularization},
  author={Park, Jinyoung and Ko, Juyeon and Kim, Hyunwoo J},
  booktitle={Proceedings of the IEEE/CVF Conference on Computer Vision and Pattern Recognition},
  pages={26940--26950},
  year={2024}
}
@article{hao2023re,
  title={Re-parameterized Low-rank Prompt: Generalize a Vision-Language Model within 0.5 K Parameters},
  author={Hao, Tianxiang and Lyu, Mengyao and Chen, Hui and Zhao, Sicheng and Han, Jungong and Ding, Guiguang},
  journal={arXiv preprint arXiv:2312.10813},
  year={2023}
}
@article{zhou2024few,
  title={Few-Shot Adversarial Prompt Learning on Vision-Language Models},
  author={Zhou, Yiwei and Xia, Xiaobo and Lin, Zhiwei and Han, Bo and Liu, Tongliang},
  journal={arXiv preprint arXiv:2403.14774},
  year={2024}
}
@inproceedings{silva2024closer,
  title={A closer look at the few-shot adaptation of large vision-language models},
  author={Silva-Rodriguez, Julio and Hajimiri, Sina and Ben Ayed, Ismail and Dolz, Jose},
  booktitle={Proceedings of the IEEE/CVF Conference on Computer Vision and Pattern Recognition},
  pages={23681--23690},
  year={2024}
}
@inproceedings{xiao2024any,
  title={Any-Shift Prompting for Generalization over Distributions},
  author={Xiao, Zehao and Shen, Jiayi and Derakhshani, Mohammad Mahdi and Liao, Shengcai and Snoek, Cees GM},
  booktitle={Proceedings of the IEEE/CVF Conference on Computer Vision and Pattern Recognition},
  pages={13849--13860},
  year={2024}
}
@article{tongvision,
  title={Vision-Language Subspace Prompting},
  author={Tong, Yujun and Li, Da and Chang, Dongliang and Cao, Tianwei and Hospedales, Timothy and Song, Yi-Zhe and Ma, Zhanyu}
}
@article{wang2024tuning,
  title={Tuning multi-mode token-level prompt alignment across modalities},
  author={Wang, Dongsheng and Li, Miaoge and Liu, Xinyang and Xu, MingSheng and Chen, Bo and Zhang, Hanwang},
  journal={Advances in Neural Information Processing Systems},
  volume={36},
  year={2024}
}

@article{chen2022plot,
  title={Plot: Prompt learning with optimal transport for vision-language models},
  author={Chen, Guangyi and Yao, Weiran and Song, Xiangchen and Li, Xinyue and Rao, Yongming and Zhang, Kun},
  journal={arXiv preprint arXiv:2210.01253},
  year={2022}
}

@article{cuturi2013sinkhorn,
  title={Sinkhorn distances: Lightspeed computation of optimal transport},
  author={Cuturi, Marco},
  journal={Advances in neural information processing systems},
  volume={26},
  year={2013}
}
@inproceedings{li2024one,
  title={One prompt word is enough to boost adversarial robustness for pre-trained vision-language models},
  author={Li, Lin and Guan, Haoyan and Qiu, Jianing and Spratling, Michael},
  booktitle={Proceedings of the IEEE/CVF Conference on Computer Vision and Pattern Recognition},
  pages={24408--24419},
  year={2024}
}
@book{villani2009optimal,
  title={Optimal transport: old and new},
  author={Villani, C{\'e}dric and others},
  volume={338},
  year={2009},
  publisher={Springer}
}
@inproceedings{lee2023multimodal,
  title={Multimodal prompting with missing modalities for visual recognition},
  author={Lee, Yi-Lun and Tsai, Yi-Hsuan and Chiu, Wei-Chen and Lee, Chen-Yu},
  booktitle={Proceedings of the IEEE/CVF Conference on Computer Vision and Pattern Recognition},
  pages={14943--14952},
  year={2023}
}
@article{zhang2021tip,
  title={Tip-adapter: Training-free clip-adapter for better vision-language modeling},
  author={Zhang, Renrui and Fang, Rongyao and Zhang, Wei and Gao, Peng and Li, Kunchang and Dai, Jifeng and Qiao, Yu and Li, Hongsheng},
  journal={arXiv preprint arXiv:2111.03930},
  year={2021}
}
@article{bangalath2022bridging,
  title={Bridging the gap between object and image-level representations for open-vocabulary detection},
  author={Bangalath, Hanoona and Maaz, Muhammad and Khattak, Muhammad Uzair and Khan, Salman H and Shahbaz Khan, Fahad},
  journal={Advances in Neural Information Processing Systems},
  volume={35},
  pages={33781--33794},
  year={2022}
}
@inproceedings{maaz2022class,
  title={Class-agnostic object detection with multi-modal transformer},
  author={Maaz, Muhammad and Rasheed, Hanoona and Khan, Salman and Khan, Fahad Shahbaz and Anwer, Rao Muhammad and Yang, Ming-Hsuan},
  booktitle={European Conference on Computer Vision},
  pages={512--531},
  year={2022},
  organization={Springer}
}

@article{schuhmann2021laion,
  title={Laion-400m: Open dataset of clip-filtered 400 million image-text pairs},
  author={Schuhmann, Christoph and Vencu, Richard and Beaumont, Romain and Kaczmarczyk, Robert and Mullis, Clayton and Katta, Aarush and Coombes, Theo and Jitsev, Jenia and Komatsuzaki, Aran},
  journal={arXiv preprint arXiv:2111.02114},
  year={2021}
}
@article{schuhmann2022laion,
  title={Laion-5b: An open large-scale dataset for training next generation image-text models},
  author={Schuhmann, Christoph and Beaumont, Romain and Vencu, Richard and Gordon, Cade and Wightman, Ross and Cherti, Mehdi and Coombes, Theo and Katta, Aarush and Mullis, Clayton and Wortsman, Mitchell and others},
  journal={Advances in Neural Information Processing Systems},
  volume={35},
  pages={25278--25294},
  year={2022}
}



@inproceedings{li2022blip,
  title={Blip: Bootstrapping language-image pre-training for unified vision-language understanding and generation},
  author={Li, Junnan and Li, Dongxu and Xiong, Caiming and Hoi, Steven},
  booktitle={International Conference on Machine Learning},
  pages={12888--12900},
  year={2022},
  organization={PMLR}
}
@inproceedings{zhai2022scaling,
  title={Scaling vision transformers},
  author={Zhai, Xiaohua and Kolesnikov, Alexander and Houlsby, Neil and Beyer, Lucas},
  booktitle={Proceedings of the IEEE/CVF Conference on Computer Vision and Pattern Recognition},
  pages={12104--12113},
  year={2022}
}
@article{vaswani2017attention,
  title={Attention is all you need},
  author={Vaswani, Ashish and Shazeer, Noam and Parmar, Niki and Uszkoreit, Jakob and Jones, Llion and Gomez, Aidan N and Kaiser, {\L}ukasz and Polosukhin, Illia},
  journal={Advances in neural information processing systems},
  volume={30},
  year={2017}
}


@inproceedings{khattak2023self,
  title={Self-regulating prompts: Foundational model adaptation without forgetting},
  author={Khattak, Muhammad Uzair and Wasim, Syed Talal and Naseer, Muzammal and Khan, Salman and Yang, Ming-Hsuan and Khan, Fahad Shahbaz},
  booktitle={Proceedings of the IEEE/CVF International Conference on Computer Vision},
  pages={15190--15200},
  year={2023}
}
@inproceedings{krause20133d,
  title={3d object representations for fine-grained categorization},
  author={Krause, Jonathan and Stark, Michael and Deng, Jia and Fei-Fei, Li},
  booktitle={Proceedings of the IEEE international conference on computer vision workshops},
  pages={554--561},
  year={2013}
}
@inproceedings{fei2004learning,
  title={Learning generative visual models from few training examples: An incremental bayesian approach tested on 101 object categories},
  author={Fei-Fei, Li and Fergus, Rob and Perona, Pietro},
  booktitle={2004 conference on computer vision and pattern recognition workshop},
  pages={178--178},
  year={2004},
  organization={IEEE}
}



@article{wang2019learning,
  title={Learning robust global representations by penalizing local predictive power},
  author={Wang, Haohan and Ge, Songwei and Lipton, Zachary and Xing, Eric P},
  journal={Advances in Neural Information Processing Systems},
  volume={32},
  year={2019}
}

@inproceedings{radford2021learning,
  title={Learning transferable visual models from natural language supervision},
  author={Radford, Alec and Kim, Jong Wook and Hallacy, Chris and Ramesh, Aditya and Goh, Gabriel and Agarwal, Sandhini and Sastry, Girish and Askell, Amanda and Mishkin, Pamela and Clark, Jack and others},
  booktitle={International conference on machine learning},
  pages={8748--8763},
  year={2021},
  organization={PMLR}
}



@inproceedings{hendrycks2021natural,
  title={Natural adversarial examples},
  author={Hendrycks, Dan and Zhao, Kevin and Basart, Steven and Steinhardt, Jacob and Song, Dawn},
  booktitle={Proceedings of the IEEE/CVF Conference on Computer Vision and Pattern Recognition},
  pages={15262--15271},
  year={2021}
}



@article{helber2019eurosat,
  title={Eurosat: A novel dataset and deep learning benchmark for land use and land cover classification},
  author={Helber, Patrick and Bischke, Benjamin and Dengel, Andreas and Borth, Damian},
  journal={IEEE Journal of Selected Topics in Applied Earth Observations and Remote Sensing},
  volume={12},
  number={7},
  pages={2217--2226},
  year={2019},
  publisher={IEEE}
}
@inproceedings{cimpoi2014describing,
  title={Describing textures in the wild},
  author={Cimpoi, Mircea and Maji, Subhransu and Kokkinos, Iasonas and Mohamed, Sammy and Vedaldi, Andrea},
  booktitle={Proceedings of the IEEE conference on computer vision and pattern recognition},
  pages={3606--3613},
  year={2014}
}
@article{soomro2012ucf101,
  title={UCF101: A dataset of 101 human actions classes from videos in the wild},
  author={Soomro, Khurram and Zamir, Amir Roshan and Shah, Mubarak},
  journal={arXiv preprint arXiv:1212.0402},
  year={2012}
}
@inproceedings{xiao2010sun,
  title={Sun database: Large-scale scene recognition from abbey to zoo},
  author={Xiao, Jianxiong and Hays, James and Ehinger, Krista A and Oliva, Aude and Torralba, Antonio},
  booktitle={2010 IEEE computer society conference on computer vision and pattern recognition},
  pages={3485--3492},
  year={2010},
  organization={IEEE}
}
@inproceedings{parkhi2012cats,
  title={Cats and dogs},
  author={Parkhi, Omkar M and Vedaldi, Andrea and Zisserman, Andrew and Jawahar, CV},
  booktitle={2012 IEEE conference on computer vision and pattern recognition},
  pages={3498--3505},
  year={2012},
  organization={IEEE}
}

@article{maji2013fine,
  title={Fine-grained visual classification of aircraft},
  author={Maji, Subhransu and Rahtu, Esa and Kannala, Juho and Blaschko, Matthew and Vedaldi, Andrea},
  journal={arXiv preprint arXiv:1306.5151},
  year={2013}
}




@inproceedings{chen2023understanding,
  title={Understanding and Improving Feature Learning for Out-of-Distribution Generalization},
  author={Chen, Yongqiang and Huang, Wei and Zhou, Kaiwen and Bian, Yatao and Han, Bo and Cheng, James},
  booktitle={Thirty-seventh Conference on Neural Information Processing Systems},
  year={2023}
}
@article{pham2023combined,
  title={Combined scaling for zero-shot transfer learning},
  author={Pham, Hieu and Dai, Zihang and Ghiasi, Golnaz and Kawaguchi, Kenji and Liu, Hanxiao and Yu, Adams Wei and Yu, Jiahui and Chen, Yi-Ting and Luong, Minh-Thang and Wu, Yonghui and others},
  journal={Neurocomputing},
  volume={555},
  pages={126658},
  year={2023},
  publisher={Elsevier}
}
@article{madry2017towards,
  title={Towards deep learning models resistant to adversarial attacks},
  author={Madry, Aleksander and Makelov, Aleksandar and Schmidt, Ludwig and Tsipras, Dimitris and Vladu, Adrian},
  journal={arXiv preprint arXiv:1706.06083},
  year={2017}
}
@inproceedings{kornblith2019better,
  title={Do better imagenet models transfer better?},
  author={Kornblith, Simon and Shlens, Jonathon and Le, Quoc V},
  booktitle={Proceedings of the IEEE/CVF conference on computer vision and pattern recognition},
  pages={2661--2671},
  year={2019}
}
@inproceedings{agrawal2014analyzing,
  title={Analyzing the performance of multilayer neural networks for object recognition},
  author={Agrawal, Pulkit and Girshick, Ross and Malik, Jitendra},
  booktitle={Computer Vision--ECCV 2014: 13th European Conference, Zurich, Switzerland, September 6-12, 2014, Proceedings, Part VII 13},
  pages={329--344},
  year={2014},
  organization={Springer}
}
@article{luo2023exploring,
  title={Exploring active 3d object detection from a generalization perspective},
  author={Luo, Yadan and Chen, Zhuoxiao and Wang, Zijian and Yu, Xin and Huang, Zi and Baktashmotlagh, Mahsa},
  journal={arXiv preprint arXiv:2301.09249},
  year={2023}
}
@article{zhang2020principal,
  title={Principal component adversarial example},
  author={Zhang, Yonggang and Tian, Xinmei and Li, Ya and Wang, Xinchao and Tao, Dacheng},
  journal={IEEE Transactions on Image Processing},
  volume={29},
  pages={4804--4815},
  year={2020},
  publisher={IEEE}
}
@inproceedings{jia2022exploring,
  title={Exploring frequency adversarial attacks for face forgery detection},
  author={Jia, Shuai and Ma, Chao and Yao, Taiping and Yin, Bangjie and Ding, Shouhong and Yang, Xiaokang},
  booktitle={Proceedings of the IEEE/CVF Conference on Computer Vision and Pattern Recognition},
  pages={4103--4112},
  year={2022}
}
@inproceedings{jia2020robust,
  title={Robust tracking against adversarial attacks},
  author={Jia, Shuai and Ma, Chao and Song, Yibing and Yang, Xiaokang},
  booktitle={Computer Vision--ECCV 2020: 16th European Conference, Glasgow, UK, August 23--28, 2020, Proceedings, Part XIX 16},
  pages={69--84},
  year={2020},
  organization={Springer}
}
@inproceedings{luo2023kecor,
  title={Kecor: Kernel coding rate maximization for active 3d object detection},
  author={Luo, Yadan and Chen, Zhuoxiao and Fang, Zhen and Zhang, Zheng and Baktashmotlagh, Mahsa and Huang, Zi},
  booktitle={Proceedings of the IEEE/CVF International Conference on Computer Vision},
  pages={18279--18290},
  year={2023}
}
@inproceedings{luo2018coarse,
  title={Coarse-to-fine annotation enrichment for semantic segmentation learning},
  author={Luo, Yadan and Wang, Ziwei and Huang, Zi and Yang, Yang and Zhao, Cong},
  booktitle={Proceedings of the 27th ACM International Conference on Information and Knowledge Management},
  pages={237--246},
  year={2018}
}
@article{luo2023source,
  title={Source-free progressive graph learning for open-set domain adaptation},
  author={Luo, Yadan and Wang, Zijian and Chen, Zhuoxiao and Huang, Zi and Baktashmotlagh, Mahsa},
  journal={IEEE Transactions on Pattern Analysis and Machine Intelligence},
  year={2023},
  publisher={IEEE}
}
@article{xia2023hgclip,
  title={HGCLIP: Exploring Vision-Language Models with Graph Representations for Hierarchical Understanding},
  author={Xia, Peng and Yu, Xingtong and Hu, Ming and Ju, Lie and Wang, Zhiyong and Duan, Peibo and Ge, Zongyuan},
  journal={arXiv preprint arXiv:2311.14064},
  year={2023}
}
@article{lu2023beyond,
  title={Beyond sole strength: Customized ensembles for generalized vision-language models},
  author={Lu, Zhihe and Bai, Jiawang and Li, Xin and Xiao, Zeyu and Wang, Xinchao},
  journal={arXiv preprint arXiv:2311.17091},
  year={2023}
}
@article{yao2023tcp,
  title={TCP: Textual-based Class-aware Prompt tuning for Visual-Language Model},
  author={Yao, Hantao and Zhang, Rui and Xu, Changsheng},
  journal={arXiv preprint arXiv:2311.18231},
  year={2023}
}
@inproceedings{shi2023prompt,
  title={Prompt Learning with Quaternion Networks},
  author={Shi, Boya and Xu, Zhengqin and Jia, Shuai and Ma, Chao},
  booktitle={The Twelfth International Conference on Learning Representations},
  year={2023}
}
@article{cao2023domain,
  title={Domain Prompt Learning with Quaternion Networks},
  author={Cao, Qinglong and Xu, Zhengqin and Chen, Yuntian and Ma, Chao and Yang, Xiaokang},
  journal={arXiv preprint arXiv:2312.08878},
  year={2023}
}
@article{lester2021power,
  title={The power of scale for parameter-efficient prompt tuning},
  author={Lester, Brian and Al-Rfou, Rami and Constant, Noah},
  journal={arXiv preprint arXiv:2104.08691},
  year={2021}
}
@article{peng2024conjnorm,
  title={ConjNorm: Tractable Density Estimation for Out-of-Distribution Detection},
  author={Peng, Bo and Luo, Yadan and Zhang, Yonggang and Li, Yixuan and Fang, Zhen},
  journal={arXiv preprint arXiv:2402.17888},
  year={2024}
}
@article{nie2023out,
  title={Out-Of-Distribution Detection With Smooth Training},
  author={Nie, Jun and Zhang, Yonggang and Luo, Yadan and Fang, Zhen and Cao, Xiaofeng and Tian, Xinmei},
  year={2023}
}
@article{chen2022federated,
  title={Federated Zero-Shot Learning for Visual Recognition},
  author={Chen, Zhi and Luo, Yadan and Wang, Sen and Li, Jingjing and Huang, Zi},
  journal={arXiv preprint arXiv:2209.01994},
  year={2022}
}
@article{greer2024and,
  title={The Why, When, and How to Use Active Learning in Large-Data-Driven 3D Object Detection for Safe Autonomous Driving: An Empirical Exploration},
  author={Greer, Ross and Antoniussen, Bj{\o}rk and Andersen, Mathias V and M{\o}gelmose, Andreas and Trivedi, Mohan M},
  journal={arXiv preprint arXiv:2401.16634},
  year={2024}
}
@article{etchegaray2024find,
  title={Find n'Propagate: Open-Vocabulary 3D Object Detection in Urban Environments},
  author={Etchegaray, Djamahl and Huang, Zi and Harada, Tatsuya and Luo, Yadan},
  journal={arXiv preprint arXiv:2403.13556},
  year={2024}
}
@article{cao2024towards,
  title={Towards Source-free Domain Adaptive Semantic Segmentation via Importance-aware and Prototype-contrast Learning},
  author={Cao, Yihong and Zhang, Hui and Lu, Xiao and Xiao, Zheng and Yang, Kailun and Wang, Yaonan},
  journal={IEEE Transactions on Intelligent Vehicles},
  year={2024},
  publisher={IEEE}
}
@article{chen2023towards,
  title={Towards open world active learning for 3d object detection},
  author={Chen, Zhuoxiao and Luo, Yadan and Wang, Zixin and Wang, Zijian and Yu, Xin and Huang, Zi},
  journal={arXiv preprint arXiv:2310.10391},
  year={2023}
}






@inproceedings{jia2021scaling,
  title={Scaling up visual and vision-language representation learning with noisy text supervision},
  author={Jia, Chao and Yang, Yinfei and Xia, Ye and Chen, Yi-Ting and Parekh, Zarana and Pham, Hieu and Le, Quoc and Sung, Yun-Hsuan and Li, Zhen and Duerig, Tom},
  booktitle={International conference on machine learning},
  pages={4904--4916},
  year={2021},
  organization={PMLR}
}
@article{shu2023clipood,
  title={CLIPood: Generalizing CLIP to Out-of-Distributions},
  author={Shu, Yang and Guo, Xingzhuo and Wu, Jialong and Wang, Ximei and Wang, Jianmin and Long, Mingsheng},
  journal={arXiv preprint arXiv:2302.00864},
  year={2023}
}
@inproceedings{li2022learning,
  title={Learning common and specific visual prompts for domain generalization},
  author={Li, Aodi and Zhuang, Liansheng and Fan, Shuo and Wang, Shafei},
  booktitle={Proceedings of the Asian Conference on Computer Vision},
  pages={4260--4275},
  year={2022}
}

@article{bengio2021deep,
  title={Deep learning for AI},
  author={Bengio, Yoshua and Lecun, Yann and Hinton, Geoffrey},
  journal={Communications of the ACM},
  volume={64},
  number={7},
  pages={58--65},
  year={2021},
  publisher={ACM New York, NY, USA}
}
@inproceedings{goyal2023finetune,
  title={Finetune like you pretrain: Improved finetuning of zero-shot vision models},
  author={Goyal, Sachin and Kumar, Ananya and Garg, Sankalp and Kolter, Zico and Raghunathan, Aditi},
  booktitle={Proceedings of the IEEE/CVF Conference on Computer Vision and Pattern Recognition},
  pages={19338--19347},
  year={2023}
}
@article{kumar2022fine,
  title={Fine-tuning can distort pretrained features and underperform out-of-distribution},
  author={Kumar, Ananya and Raghunathan, Aditi and Jones, Robbie and Ma, Tengyu and Liang, Percy},
  journal={arXiv preprint arXiv:2202.10054},
  year={2022}
}
@article{shu2022test,
  title={Test-time prompt tuning for zero-shot generalization in vision-language models},
  author={Shu, Manli and Nie, Weili and Huang, De-An and Yu, Zhiding and Goldstein, Tom and Anandkumar, Anima and Xiao, Chaowei},
  journal={Advances in Neural Information Processing Systems},
  volume={35},
  pages={14274--14289},
  year={2022}
}




@inproceedings{shu2021open,
  title={Open domain generalization with domain-augmented meta-learning},
  author={Shu, Yang and Cao, Zhangjie and Wang, Chenyu and Wang, Jianmin and Long, Mingsheng},
  booktitle={Proceedings of the IEEE/CVF conference on computer vision and pattern recognition},
  pages={9624--9633},
  year={2021}
}
@inproceedings{li2019feature,
  title={Feature-critic networks for heterogeneous domain generalization},
  author={Li, Yiying and Yang, Yongxin and Zhou, Wei and Hospedales, Timothy},
  booktitle={International Conference on Machine Learning},
  pages={3915--3924},
  year={2019},
  organization={PMLR}
}
@article{cha2021swad,
  title={Swad: Domain generalization by seeking flat minima},
  author={Cha, Junbum and Chun, Sanghyuk and Lee, Kyungjae and Cho, Han-Cheol and Park, Seunghyun and Lee, Yunsung and Park, Sungrae},
  journal={Advances in Neural Information Processing Systems},
  volume={34},
  pages={22405--22418},
  year={2021}
}
@inproceedings{carlucci2019domain,
  title={Domain generalization by solving jigsaw puzzles},
  author={Carlucci, Fabio M and D'Innocente, Antonio and Bucci, Silvia and Caputo, Barbara and Tommasi, Tatiana},
  booktitle={Proceedings of the IEEE/CVF Conference on Computer Vision and Pattern Recognition},
  pages={2229--2238},
  year={2019}
}
@article{volpi2018generalizing,
  title={Generalizing to unseen domains via adversarial data augmentation},
  author={Volpi, Riccardo and Namkoong, Hongseok and Sener, Ozan and Duchi, John C and Murino, Vittorio and Savarese, Silvio},
  journal={Advances in neural information processing systems},
  volume={31},
  year={2018}
}
@article{balaji2018metareg,
  title={Metareg: Towards domain generalization using meta-regularization},
  author={Balaji, Yogesh and Sankaranarayanan, Swami and Chellappa, Rama},
  journal={Advances in neural information processing systems},
  volume={31},
  year={2018}
}
@inproceedings{li2018learning,
  title={Learning to generalize: Meta-learning for domain generalization},
  author={Li, Da and Yang, Yongxin and Song, Yi-Zhe and Hospedales, Timothy},
  booktitle={Proceedings of the AAAI conference on artificial intelligence},
  volume={32},
  number={1},
  year={2018}
}
@inproceedings{chattopadhyay2020learning,
  title={Learning to balance specificity and invariance for in and out of domain generalization},
  author={Chattopadhyay, Prithvijit and Balaji, Yogesh and Hoffman, Judy},
  booktitle={Computer Vision--ECCV 2020: 16th European Conference, Glasgow, UK, August 23--28, 2020, Proceedings, Part IX 16},
  pages={301--318},
  year={2020},
  organization={Springer}
}
@inproceedings{piratla2020efficient,
  title={Efficient domain generalization via common-specific low-rank decomposition},
  author={Piratla, Vihari and Netrapalli, Praneeth and Sarawagi, Sunita},
  booktitle={International Conference on Machine Learning},
  pages={7728--7738},
  year={2020},
  organization={PMLR}
}
@inproceedings{li2018deep,
  title={Deep domain generalization via conditional invariant adversarial networks},
  author={Li, Ya and Tian, Xinmei and Gong, Mingming and Liu, Yajing and Liu, Tongliang and Zhang, Kun and Tao, Dacheng},
  booktitle={Proceedings of the European conference on computer vision (ECCV)},
  pages={624--639},
  year={2018}
}
@inproceedings{muandet2013domain,
  title={Domain generalization via invariant feature representation},
  author={Muandet, Krikamol and Balduzzi, David and Sch{\"o}lkopf, Bernhard},
  booktitle={International conference on machine learning},
  pages={10--18},
  year={2013},
  organization={PMLR}
}
@inproceedings{khosla2012undoing,
  title={Undoing the damage of dataset bias},
  author={Khosla, Aditya and Zhou, Tinghui and Malisiewicz, Tomasz and Efros, Alexei A and Torralba, Antonio},
  booktitle={Computer Vision--ECCV 2012: 12th European Conference on Computer Vision, Florence, Italy, October 7-13, 2012, Proceedings, Part I 12},
  pages={158--171},
  year={2012},
  organization={Springer}
}

@article{hermann2020shapes,
  title={What shapes feature representations? exploring datasets, architectures, and training},
  author={Hermann, Katherine and Lampinen, Andrew},
  journal={Advances in Neural Information Processing Systems},
  volume={33},
  pages={9995--10006},
  year={2020}
}

@article{kirichenko2022last,
  title={Last layer re-training is sufficient for robustness to spurious correlations},
  author={Kirichenko, Polina and Izmailov, Pavel and Wilson, Andrew Gordon},
  journal={arXiv preprint arXiv:2204.02937},
  year={2022}
}
@article{izmailov2022feature,
  title={On feature learning in the presence of spurious correlations},
  author={Izmailov, Pavel and Kirichenko, Polina and Gruver, Nate and Wilson, Andrew G},
  journal={Advances in Neural Information Processing Systems},
  volume={35},
  pages={38516--38532},
  year={2022}
}
@inproceedings{beery2018recognition,
  title={Recognition in terra incognita},
  author={Beery, Sara and Van Horn, Grant and Perona, Pietro},
  booktitle={Proceedings of the European conference on computer vision (ECCV)},
  pages={456--473},
  year={2018}
}
@inproceedings{ye2023freeze,
  title={Freeze then train: Towards provable representation learning under spurious correlations and feature noise},
  author={Ye, Haotian and Zou, James and Zhang, Linjun},
  booktitle={International Conference on Artificial Intelligence and Statistics},
  pages={8968--8990},
  year={2023},
  organization={PMLR}
}
@inproceedings{rame2023model,
  title={Model ratatouille: Recycling diverse models for out-of-distribution generalization},
  author={Ram{\'e}, Alexandre and Ahuja, Kartik and Zhang, Jianyu and Cord, Matthieu and Bottou, L{\'e}on and Lopez-Paz, David},
  booktitle={International Conference on Machine Learning},
  pages={28656--28679},
  year={2023},
  organization={PMLR}
}
@inproceedings{zhang2022rich,
  title={Rich feature construction for the optimization-generalization dilemma},
  author={Zhang, Jianyu and Lopez-Paz, David and Bottou, L{\'e}on},
  booktitle={International Conference on Machine Learning},
  pages={26397--26411},
  year={2022},
  organization={PMLR}
}
@article{rame2022diverse,
  title={Diverse weight averaging for out-of-distribution generalization},
  author={Rame, Alexandre and Kirchmeyer, Matthieu and Rahier, Thibaud and Rakotomamonjy, Alain and Gallinari, Patrick and Cord, Matthieu},
  journal={Advances in Neural Information Processing Systems},
  volume={35},
  pages={10821--10836},
  year={2022}
}
@article{arpit2022ensemble,
  title={Ensemble of averages: Improving model selection and boosting performance in domain generalization},
  author={Arpit, Devansh and Wang, Huan and Zhou, Yingbo and Xiong, Caiming},
  journal={Advances in Neural Information Processing Systems},
  volume={35},
  pages={8265--8277},
  year={2022}
}
@inproceedings{zhang2022rich,
  title={Rich feature construction for the optimization-generalization dilemma},
  author={Zhang, Jianyu and Lopez-Paz, David and Bottou, L{\'e}on},
  booktitle={International Conference on Machine Learning},
  pages={26397--26411},
  year={2022},
  organization={PMLR}
}
@article{chen2022pareto,
  title={Pareto invariant risk minimization},
  author={Chen, Yongqiang and Zhou, Kaiwen and Bian, Yatao and Xie, Binghui and Ma, Kaili and Zhang, Yonggang and Yang, Han and Han, Bo and Cheng, James},
  journal={arXiv preprint arXiv:2206.07766},
  year={2022}
}
@article{pezeshki2021gradient,
  title={Gradient starvation: A learning proclivity in neural networks},
  author={Pezeshki, Mohammad and Kaba, Oumar and Bengio, Yoshua and Courville, Aaron C and Precup, Doina and Lajoie, Guillaume},
  journal={Advances in Neural Information Processing Systems},
  volume={34},
  pages={1256--1272},
  year={2021}
}
@inproceedings{krueger2021out,
  title={Out-of-distribution generalization via risk extrapolation (rex)},
  author={Krueger, David and Caballero, Ethan and Jacobsen, Joern-Henrik and Zhang, Amy and Binas, Jonathan and Zhang, Dinghuai and Le Priol, Remi and Courville, Aaron},
  booktitle={International Conference on Machine Learning},
  pages={5815--5826},
  year={2021},
  organization={PMLR}
}
@article{arjovsky2019invariant,
  title={Invariant risk minimization},
  author={Arjovsky, Martin and Bottou, L{\'e}on and Gulrajani, Ishaan and Lopez-Paz, David},
  journal={arXiv preprint arXiv:1907.02893},
  year={2019}
}
@article{kumar2022fine,
  title={Fine-tuning can distort pretrained features and underperform out-of-distribution},
  author={Kumar, Ananya and Raghunathan, Aditi and Jones, Robbie and Ma, Tengyu and Liang, Percy},
  journal={arXiv preprint arXiv:2202.10054},
  year={2022}
}
@article{zou2021understanding,
  title={Understanding the generalization of adam in learning neural networks with proper regularization},
  author={Zou, Difan and Cao, Yuan and Li, Yuanzhi and Gu, Quanquan},
  journal={arXiv preprint arXiv:2108.11371},
  year={2021}
}
@inproceedings{wen2021toward,
  title={Toward understanding the feature learning process of self-supervised contrastive learning},
  author={Wen, Zixin and Li, Yuanzhi},
  booktitle={International Conference on Machine Learning},
  pages={11112--11122},
  year={2021},
  organization={PMLR}
}
@article{allen2020towards,
  title={Towards understanding ensemble, knowledge distillation and self-distillation in deep learning},
  author={Allen-Zhu, Zeyuan and Li, Yuanzhi},
  journal={arXiv preprint arXiv:2012.09816},
  year={2020}
}
@article{hermann2020shapes,
  title={What shapes feature representations? exploring datasets, architectures, and training},
  author={Hermann, Katherine and Lampinen, Andrew},
  journal={Advances in Neural Information Processing Systems},
  volume={33},
  pages={9995--10006},
  year={2020}
}
@inproceedings{frei2021provable,
  title={Provable generalization of sgd-trained neural networks of any width in the presence of adversarial label noise},
  author={Frei, Spencer and Cao, Yuan and Gu, Quanquan},
  booktitle={International Conference on Machine Learning},
  pages={3427--3438},
  year={2021},
  organization={PMLR}
}
@article{gupta2022new,
  title={New Definitions and Evaluations for Saliency Methods: Staying Intrinsic, Complete and Sound},
  author={Gupta, Arushi and Saunshi, Nikunj and Yu, Dingli and Lyu, Kaifeng and Arora, Sanjeev},
  journal={Advances in Neural Information Processing Systems},
  volume={35},
  pages={33120--33133},
  year={2022}
}
@inproceedings{yi2022exploring,
  title={Exploring hierarchical graph representation for large-scale zero-shot image classification},
  author={Yi, Kai and Shen, Xiaoqian and Gou, Yunhao and Elhoseiny, Mohamed},
  booktitle={European Conference on Computer Vision},
  pages={116--132},
  year={2022},
  organization={Springer}
}

@article{dosovitskiy2020image,
  title={An image is worth 16x16 words: Transformers for image recognition at scale},
  author={Dosovitskiy, Alexey and Beyer, Lucas and Kolesnikov, Alexander and Weissenborn, Dirk and Zhai, Xiaohua and Unterthiner, Thomas and Dehghani, Mostafa and Minderer, Matthias and Heigold, Georg and Gelly, Sylvain and others},
  journal={arXiv preprint arXiv:2010.11929},
  year={2020}
}
@inproceedings{he2016deep,
  title={Deep residual learning for image recognition},
  author={He, Kaiming and Zhang, Xiangyu and Ren, Shaoqing and Sun, Jian},
  booktitle={Proceedings of the IEEE conference on computer vision and pattern recognition},
  pages={770--778},
  year={2016}
}
@inproceedings{qiao2020learning,
  title={Learning to learn single domain generalization},
  author={Qiao, Fengchun and Zhao, Long and Peng, Xi},
  booktitle={Proceedings of the IEEE/CVF Conference on Computer Vision and Pattern Recognition},
  pages={12556--12565},
  year={2020}
}
@article{zhao2020maximum,
  title={Maximum-entropy adversarial data augmentation for improved generalization and robustness},
  author={Zhao, Long and Liu, Ting and Peng, Xi and Metaxas, Dimitris},
  journal={Advances in Neural Information Processing Systems},
  volume={33},
  pages={14435--14447},
  year={2020}
}
@article{wang2022generalizing,
  title={Generalizing to unseen domains: A survey on domain generalization},
  author={Wang, Jindong and Lan, Cuiling and Liu, Chang and Ouyang, Yidong and Qin, Tao and Lu, Wang and Chen, Yiqiang and Zeng, Wenjun and Yu, Philip},
  journal={IEEE Transactions on Knowledge and Data Engineering},
  year={2022},
  publisher={IEEE}
}
@article{huang2022unsupervised,
  title={Unsupervised prompt learning for vision-language models},
  author={Huang, Tony and Chu, Jack and Wei, Fangyun},
  journal={arXiv preprint arXiv:2204.03649},
  year={2022}
}

@inproceedings{he2016deep,
  title={Deep residual learning for image recognition},
  author={He, Kaiming and Zhang, Xiangyu and Ren, Shaoqing and Sun, Jian},
  booktitle={Proceedings of the IEEE conference on computer vision and pattern recognition},
  pages={770--778},
  year={2016}
}
@inproceedings{muandet2013domain,
  title={Domain generalization via invariant feature representation},
  author={Muandet, Krikamol and Balduzzi, David and Sch{\"o}lkopf, Bernhard},
  booktitle={International conference on machine learning},
  pages={10--18},
  year={2013},
  organization={PMLR}
}






@InProceedings{pmlr-v202-luo23a,
  title = 	 {{S}eg{CLIP}: Patch Aggregation with Learnable Centers for Open-Vocabulary Semantic Segmentation},
  author =       {Luo, Huaishao and Bao, Junwei and Wu, Youzheng and He, Xiaodong and Li, Tianrui},
  booktitle = 	 {Proceedings of the 40th International Conference on Machine Learning},
  pages = 	 {23033--23044},
  year = 	 {2023},
  editor = 	 {Krause, Andreas and Brunskill, Emma and Cho, Kyunghyun and Engelhardt, Barbara and Sabato, Sivan and Scarlett, Jonathan},
  volume = 	 {202},
  series = 	 {Proceedings of Machine Learning Research},
  month = 	 {23--29 Jul},
  publisher =    {PMLR},
  pdf = 	 {https://proceedings.mlr.press/v202/luo23a/luo23a.pdf},
  url = 	 {https://proceedings.mlr.press/v202/luo23a.html},
  abstract = 	 {Recently, the contrastive language-image pre-training, e.g., CLIP, has demonstrated promising results on various downstream tasks. The pre-trained model can capture enriched visual concepts for images by learning from a large scale of text-image data. However, transferring the learned visual knowledge to open-vocabulary semantic segmentation is still under-explored. In this paper, we propose a CLIP-based model named SegCLIP for the topic of open-vocabulary segmentation in an annotation-free manner. The SegCLIP achieves segmentation based on ViT and the main idea is to gather patches with learnable centers to semantic regions through training on text-image pairs. The gathering operation can dynamically capture the semantic groups, which can be used to generate the final segmentation results. We further propose a reconstruction loss on masked patches and a superpixel-based KL loss with pseudo-labels to enhance the visual representation. Experimental results show that our model achieves comparable or superior segmentation accuracy on the PASCAL VOC 2012 (+0.3% mIoU), PASCAL Context (+2.3% mIoU), and COCO (+2.2% mIoU) compared with baselines. We release the code at https://github.com/ArrowLuo/SegCLIP.}
}

@inproceedings{khattak2023maple,
  title={Maple: Multi-modal prompt learning},
  author={Khattak, Muhammad Uzair and Rasheed, Hanoona and Maaz, Muhammad and Khan, Salman and Khan, Fahad Shahbaz},
  booktitle={Proceedings of the IEEE/CVF Conference on Computer Vision and Pattern Recognition},
  pages={19113--19122},
  year={2023}
}


@inproceedings{jia2022visual,
  title={Visual prompt tuning},
  author={Jia, Menglin and Tang, Luming and Chen, Bor-Chun and Cardie, Claire and Belongie, Serge and Hariharan, Bharath and Lim, Ser-Nam},
  booktitle={European Conference on Computer Vision},
  pages={709--727},
  year={2022},
  organization={Springer}
}

@article{gao2023clip,
  title={Clip-adapter: Better vision-language models with feature adapters},
  author={Gao, Peng and Geng, Shijie and Zhang, Renrui and Ma, Teli and Fang, Rongyao and Zhang, Yongfeng and Li, Hongsheng and Qiao, Yu},
  journal={International Journal of Computer Vision},
  pages={1--15},
  year={2023},
  publisher={Springer}
}
@article{schuhmann2021laion,
  title={Laion-400m: Open dataset of clip-filtered 400 million image-text pairs},
  author={Schuhmann, Christoph and Vencu, Richard and Beaumont, Romain and Kaczmarczyk, Robert and Mullis, Clayton and Katta, Aarush and Coombes, Theo and Jitsev, Jenia and Komatsuzaki, Aran},
  journal={arXiv preprint arXiv:2111.02114},
  year={2021}
}



@inproceedings{singh2022flava,
  title={Flava: A foundational language and vision alignment model},
  author={Singh, Amanpreet and Hu, Ronghang and Goswami, Vedanuj and Couairon, Guillaume and Galuba, Wojciech and Rohrbach, Marcus and Kiela, Douwe},
  booktitle={Proceedings of the IEEE/CVF Conference on Computer Vision and Pattern Recognition},
  pages={15638--15650},
  year={2022}
}



@article{alayrac2022flamingo,
  title={Flamingo: a visual language model for few-shot learning},
  author={Alayrac, Jean-Baptiste and Donahue, Jeff and Luc, Pauline and Miech, Antoine and Barr, Iain and Hasson, Yana and Lenc, Karel and Mensch, Arthur and Millican, Katherine and Reynolds, Malcolm and others},
  journal={Advances in Neural Information Processing Systems},
  volume={35},
  pages={23716--23736},
  year={2022}
}


@article{zhou2022learning,
  title={Learning to prompt for vision-language models},
  author={Zhou, Kaiyang and Yang, Jingkang and Loy, Chen Change and Liu, Ziwei},
  journal={International Journal of Computer Vision},
  volume={130},
  number={9},
  pages={2337--2348},
  year={2022},
  publisher={Springer}
}








@inproceedings{recht2019imagenet,
  title={Do imagenet classifiers generalize to imagenet?},
  author={Recht, Benjamin and Roelofs, Rebecca and Schmidt, Ludwig and Shankar, Vaishaal},
  booktitle={International conference on machine learning},
  pages={5389--5400},
  year={2019},
  organization={PMLR}
}







@inproceedings{nilsback2008automated,
  title={Automated flower classification over a large number of classes},
  author={Nilsback, Maria-Elena and Zisserman, Andrew},
  booktitle={2008 Sixth Indian conference on computer vision, graphics \& image processing},
  pages={722--729},
  year={2008},
  organization={IEEE}
}







@inproceedings{yawei2021probing,
  title={Probing multi-modal machine translation with pre-trained language model},
  author={Yawei, Kong and Fan, Kai},
  booktitle={Findings of the Association for Computational Linguistics: ACL-IJCNLP 2021},
  pages={3689--3699},
  year={2021}
}
@inproceedings{cui2021directqe,
  title={Directqe: Direct pretraining for machine translation quality estimation},
  author={Cui, Qu and Huang, Shujian and Li, Jiahuan and Geng, Xiang and Zheng, Zaixiang and Huang, Guoping and Chen, Jiajun},
  booktitle={Proceedings of the AAAI Conference on Artificial Intelligence},
  volume={35},
  number={14},
  pages={12719--12727},
  year={2021}
}
@article{cao2023relmkg,
  title={ReLMKG: reasoning with pre-trained language models and knowledge graphs for complex question answering},
  author={Cao, Xing and Liu, Yun},
  journal={Applied Intelligence},
  volume={53},
  number={10},
  pages={12032--12046},
  year={2023},
  publisher={Springer}
}
@article{miolo2021electramed,
  title={Electramed: a new pre-trained language representation model for biomedical nlp},
  author={Miolo, Giacomo and Mantoan, Giulio and Orsenigo, Carlotta},
  journal={arXiv preprint arXiv:2104.09585},
  year={2021}
}
@article{li2022pre,
  title={Pre-trained language models for interactive decision-making},
  author={Li, Shuang and Puig, Xavier and Paxton, Chris and Du, Yilun and Wang, Clinton and Fan, Linxi and Chen, Tao and Huang, De-An and Aky{\"u}rek, Ekin and Anandkumar, Anima and others},
  journal={Advances in Neural Information Processing Systems},
  volume={35},
  pages={31199--31212},
  year={2022}
}
@article{lan2022complex,
  title={Complex knowledge base question answering: A survey},
  author={Lan, Yunshi and He, Gaole and Jiang, Jinhao and Jiang, Jing and Zhao, Wayne Xin and Wen, Ji-Rong},
  journal={IEEE Transactions on Knowledge and Data Engineering},
  year={2022},
  publisher={IEEE}
}
@article{maragheh2023llm,
  title={LLM-Based Aspect Augmentations for Recommendation Systems},
  author={Maragheh, Reza Yousefi and Morishetti, Lalitesh and Giahi, Ramin and Nag, Kaushiki and Xu, Jianpeng and Cho, Jason and Korpeoglu, Evren and Kumar, Sushant and Achan, Kannan},
  year={2023}
}
@article{ma2020charbert,
  title={CharBERT: character-aware pre-trained language model},
  author={Ma, Wentao and Cui, Yiming and Si, Chenglei and Liu, Ting and Wang, Shijin and Hu, Guoping},
  journal={arXiv preprint arXiv:2011.01513},
  year={2020}
}
@article{neekhara2018adversarial,
  title={Adversarial reprogramming of text classification neural networks},
  author={Neekhara, Paarth and Hussain, Shehzeen and Dubnov, Shlomo and Koushanfar, Farinaz},
  journal={arXiv preprint arXiv:1809.01829},
  year={2018}
}
@inproceedings{chen2020simple,
  title={A simple framework for contrastive learning of visual representations},
  author={Chen, Ting and Kornblith, Simon and Norouzi, Mohammad and Hinton, Geoffrey},
  booktitle={International conference on machine learning},
  pages={1597--1607},
  year={2020},
  organization={PMLR}
}
@article{devlin2018bert,
  title={Bert: Pre-training of deep bidirectional transformers for language understanding},
  author={Devlin, Jacob and Chang, Ming-Wei and Lee, Kenton and Toutanova, Kristina},
  journal={arXiv preprint arXiv:1810.04805},
  year={2018}
}

@inproceedings{luo2020adversarial,
  title={Adversarial bipartite graph learning for video domain adaptation},
  author={Luo, Yadan and Huang, Zi and Wang, Zijian and Zhang, Zheng and Baktashmotlagh, Mahsa},
  booktitle={Proceedings of the 28th ACM International Conference on Multimedia},
  pages={19--27},
  year={2020}
}
@inproceedings{song2018physical,
  title={Physical adversarial examples for object detectors},
  author={Song, Dawn and Eykholt, Kevin and Evtimov, Ivan and Fernandes, Earlence and Li, Bo and Rahmati, Amir and Tramer, Florian and Prakash, Atul and Kohno, Tadayoshi},
  booktitle={12th USENIX workshop on offensive technologies (WOOT 18)},
  year={2018}
}
@article{liu2019roberta,
  title={Roberta: A robustly optimized bert pretraining approach},
  author={Liu, Yinhan and Ott, Myle and Goyal, Naman and Du, Jingfei and Joshi, Mandar and Chen, Danqi and Levy, Omer and Lewis, Mike and Zettlemoyer, Luke and Stoyanov, Veselin},
  journal={arXiv preprint arXiv:1907.11692},
  year={2019}
}
@article{goodfellow2014explaining,
  title={Explaining and harnessing adversarial examples},
  author={Goodfellow, Ian J and Shlens, Jonathon and Szegedy, Christian},
  journal={arXiv preprint arXiv:1412.6572},
  year={2014}
}
@article{chen2018robust,
  title={Robust physical adversarial attack on faster r-CNN object detector. corr abs/1804.05810 (2018)},
  author={Chen, Shang-Tse and Cornelius, Cory and Martin, Jason and Chau, Duen Horng},
  journal={arXiv preprint arXiv:1804.05810},
  year={2018}
}


@article{miyato2016adversarial,
  title={Adversarial training methods for semi-supervised text classification},
  author={Miyato, Takeru and Dai, Andrew M and Goodfellow, Ian},
  journal={arXiv preprint arXiv:1605.07725},
  year={2016}
}
@inproceedings{wu2017adversarial,
  title={Adversarial training for relation extraction},
  author={Wu, Yi and Bamman, David and Russell, Stuart},
  booktitle={Proceedings of the 2017 Conference on Empirical Methods in Natural Language Processing},
  pages={1778--1783},
  year={2017}
}

@article{zhang2019you,
  title={You only propagate once: Accelerating adversarial training via maximal principle},
  author={Zhang, Dinghuai and Zhang, Tianyuan and Lu, Yiping and Zhu, Zhanxing and Dong, Bin},
  journal={Advances in Neural Information Processing Systems},
  volume={32},
  year={2019}
}
@article{zhu2019freelb,
  title={Freelb: Enhanced adversarial training for natural language understanding},
  author={Zhu, Chen and Cheng, Yu and Gan, Zhe and Sun, Siqi and Goldstein, Tom and Liu, Jingjing},
  journal={arXiv preprint arXiv:1909.11764},
  year={2019}
}
@article{luo2021bi,
  title={Bi-granularity contrastive learning for post-training in few-shot scene},
  author={Luo, Ruikun and Huang, Guanhuan and Quan, Xiaojun},
  journal={arXiv preprint arXiv:2106.02327},
  year={2021}
}
@article{giorgi2020declutr,
  title={Declutr: Deep contrastive learning for unsupervised textual representations},
  author={Giorgi, John and Nitski, Osvald and Wang, Bo and Bader, Gary},
  journal={arXiv preprint arXiv:2006.03659},
  year={2020}
}

@inproceedings{tian2020contrastive,
  title={Contrastive multiview coding},
  author={Tian, Yonglong and Krishnan, Dilip and Isola, Phillip},
  booktitle={Computer Vision--ECCV 2020: 16th European Conference, Glasgow, UK, August 23--28, 2020, Proceedings, Part XI 16},
  pages={776--794},
  year={2020},
  organization={Springer}
}
@article{fang2020cert,
  title={Cert: Contrastive self-supervised learning for language understanding},
  author={Fang, Hongchao and Wang, Sicheng and Zhou, Meng and Ding, Jiayuan and Xie, Pengtao},
  journal={arXiv preprint arXiv:2005.12766},
  year={2020}
}
@article{meng2021coco,
  title={Coco-lm: Correcting and contrasting text sequences for language model pretraining},
  author={Meng, Yu and Xiong, Chenyan and Bajaj, Payal and Bennett, Paul and Han, Jiawei and Song, Xia and others},
  journal={Advances in Neural Information Processing Systems},
  volume={34},
  pages={23102--23114},
  year={2021}
}
@article{du2020self,
  title={Self-training improves pre-training for natural language understanding},
  author={Du, Jingfei and Grave, Edouard and Gunel, Beliz and Chaudhary, Vishrav and Celebi, Onur and Auli, Michael and Stoyanov, Ves and Conneau, Alexis},
  journal={arXiv preprint arXiv:2010.02194},
  year={2020}
}
@article{bowman2015large,
  title={A large annotated corpus for learning natural language inference},
  author={Bowman, Samuel R and Angeli, Gabor and Potts, Christopher and Manning, Christopher D},
  journal={arXiv preprint arXiv:1508.05326},
  year={2015}
}
@article{williams2017broad,
  title={A broad-coverage challenge corpus for sentence understanding through inference},
  author={Williams, Adina and Nangia, Nikita and Bowman, Samuel R},
  journal={arXiv preprint arXiv:1704.05426},
  year={2017}
}
@inproceedings{lee2019bhin2vec,
  title={Bhin2vec: balancing the type of relation in heterogeneous information network},
  author={Lee, Seonghyeon and Park, Chanyoung and Yu, Hwanjo},
  booktitle={Proceedings of the 28th ACM international conference on information and knowledge management},
  pages={619--628},
  year={2019}
}
@article{sinoara2019knowledge,
  title={Knowledge-enhanced document embeddings for text classification},
  author={Sinoara, Roberta A and Camacho-Collados, Jose and Rossi, Rafael G and Navigli, Roberto and Rezende, Solange O},
  journal={Knowledge-Based Systems},
  volume={163},
  pages={955--971},
  year={2019},
  publisher={Elsevier}
}
@article{gururangan2020don,
  title={Don't stop pretraining: Adapt language models to domains and tasks},
  author={Gururangan, Suchin and Marasovi{\'c}, Ana and Swayamdipta, Swabha and Lo, Kyle and Beltagy, Iz and Downey, Doug and Smith, Noah A},
  journal={arXiv preprint arXiv:2004.10964},
  year={2020}
}
@inproceedings{sun2019fine,
  title={How to fine-tune bert for text classification?},
  author={Sun, Chi and Qiu, Xipeng and Xu, Yige and Huang, Xuanjing},
  booktitle={Chinese Computational Linguistics: 18th China National Conference, CCL 2019, Kunming, China, October 18--20, 2019, Proceedings 18},
  pages={194--206},
  year={2019},
  organization={Springer}
}
@article{clark2020electra,
  title={Electra: Pre-training text encoders as discriminators rather than generators},
  author={Clark, Kevin and Luong, Minh-Thang and Le, Quoc V and Manning, Christopher D},
  journal={arXiv preprint arXiv:2003.10555},
  year={2020}
}
@article{he2020deberta,
  title={Deberta: Decoding-enhanced bert with disentangled attention},
  author={He, Pengcheng and Liu, Xiaodong and Gao, Jianfeng and Chen, Weizhu},
  journal={arXiv preprint arXiv:2006.03654},
  year={2020}
}
@article{hochreiter1997long,
  title={Long short-term memory},
  author={Hochreiter, Sepp and Schmidhuber, J{\"u}rgen},
  journal={Neural computation},
  volume={9},
  number={8},
  pages={1735--1780},
  year={1997},
  publisher={MIT press}
}
@article{vinyals2016matching,
  title={Matching networks for one shot learning},
  author={Vinyals, Oriol and Blundell, Charles and Lillicrap, Timothy and Wierstra, Daan and others},
  journal={Advances in neural information processing systems},
  volume={29},
  year={2016}
}
@article{lin2017structured,
  title={A structured self-attentive sentence embedding},
  author={Lin, Zhouhan and Feng, Minwei and Santos, Cicero Nogueira dos and Yu, Mo and Xiang, Bing and Zhou, Bowen and Bengio, Yoshua},
  journal={arXiv preprint arXiv:1703.03130},
  year={2017}
}

@article{shaham2018understanding,
  title={Understanding adversarial training: Increasing local stability of supervised models through robust optimization},
  author={Shaham, Uri and Yamada, Yutaro and Negahban, Sahand},
  journal={Neurocomputing},
  volume={307},
  pages={195--204},
  year={2018},
  publisher={Elsevier}
}
@article{larson2019evaluation,
  title={An evaluation dataset for intent classification and out-of-scope prediction},
  author={Larson, Stefan and Mahendran, Anish and Peper, Joseph J and Clarke, Christopher and Lee, Andrew and Hill, Parker and Kummerfeld, Jonathan K and Leach, Kevin and Laurenzano, Michael A and Tang, Lingjia and others},
  journal={arXiv preprint arXiv:1909.02027},
  year={2019}
}
@inproceedings{liu2021benchmarking,
  title={Benchmarking natural language understanding services for building conversational agents},
  author={Liu, Xingkun and Eshghi, Arash and Swietojanski, Pawel and Rieser, Verena},
  booktitle={Increasing Naturalness and Flexibility in Spoken Dialogue Interaction: 10th International Workshop on Spoken Dialogue Systems},
  pages={165--183},
  year={2021},
  organization={Springer}
}
@article{casanueva2020efficient,
  title={Efficient intent detection with dual sentence encoders},
  author={Casanueva, I{\~n}igo and Tem{\v{c}}inas, Tadas and Gerz, Daniela and Henderson, Matthew and Vuli{\'c}, Ivan},
  journal={arXiv preprint arXiv:2003.04807},
  year={2020}
}
@inproceedings{ye2020few,
  title={Few-shot learning via embedding adaptation with set-to-set functions},
  author={Ye, Han-Jia and Hu, Hexiang and Zhan, De-Chuan and Sha, Fei},
  booktitle={Proceedings of the IEEE/CVF conference on computer vision and pattern recognition},
  pages={8808--8817},
  year={2020}
}
@article{gao2021simcse,
  title={Simcse: Simple contrastive learning of sentence embeddings},
  author={Gao, Tianyu and Yao, Xingcheng and Chen, Danqi},
  journal={arXiv preprint arXiv:2104.08821},
  year={2021}
}
@article{gunel2020supervised,
  title={Supervised contrastive learning for pre-trained language model fine-tuning},
  author={Gunel, Beliz and Du, Jingfei and Conneau, Alexis and Stoyanov, Ves},
  journal={arXiv preprint arXiv:2011.01403},
  year={2020}
}
@article{liu2021tera,
  title={Tera: Self-supervised learning of transformer encoder representation for speech},
  author={Liu, Andy T and Li, Shang-Wen and Lee, Hung-yi},
  journal={IEEE/ACM Transactions on Audio, Speech, and Language Processing},
  volume={29},
  pages={2351--2366},
  year={2021},
  publisher={IEEE}
}
@inproceedings{morio2020hitachi,
  title={Hitachi at SemEval-2020 task 11: An empirical study of pre-trained transformer family for propaganda detection},
  author={Morio, Gaku and Morishita, Terufumi and Ozaki, Hiroaki and Miyoshi, Toshinori},
  booktitle={Proceedings of the fourteenth workshop on semantic evaluation},
  pages={1739--1748},
  year={2020}
}
@article{yin2019fourier,
  title={A fourier perspective on model robustness in computer vision},
  author={Yin, Dong and Gontijo Lopes, Raphael and Shlens, Jon and Cubuk, Ekin Dogus and Gilmer, Justin},
  journal={Advances in Neural Information Processing Systems},
  volume={32},
  year={2019}
}
@article{yao2022prompt,
  title={Prompt tuning for discriminative pre-trained language models},
  author={Yao, Yuan and Dong, Bowen and Zhang, Ao and Zhang, Zhengyan and Xie, Ruobing and Liu, Zhiyuan and Lin, Leyu and Sun, Maosong and Wang, Jianyong},
  journal={arXiv preprint arXiv:2205.11166},
  year={2022}
}
@article{nguyen2020bertweet,
  title={BERTweet: A pre-trained language model for English Tweets},
  author={Nguyen, Dat Quoc and Vu, Thanh and Nguyen, Anh Tuan},
  journal={arXiv preprint arXiv:2005.10200},
  year={2020}
}
@article{beltagy2019scibert,
  title={SciBERT: A pretrained language model for scientific text},
  author={Beltagy, Iz and Lo, Kyle and Cohan, Arman},
  journal={arXiv preprint arXiv:1903.10676},
  year={2019}
}
@article{luo2022biogpt,
  title={BioGPT: generative pre-trained transformer for biomedical text generation and mining},
  author={Luo, Renqian and Sun, Liai and Xia, Yingce and Qin, Tao and Zhang, Sheng and Poon, Hoifung and Liu, Tie-Yan},
  journal={Briefings in Bioinformatics},
  volume={23},
  number={6},
  pages={bbac409},
  year={2022},
  publisher={Oxford University Press}
}
@article{wu2020tod,
  title={TOD-BERT: Pre-trained natural language understanding for task-oriented dialogue},
  author={Wu, Chien-Sheng and Hoi, Steven and Socher, Richard and Xiong, Caiming},
  journal={arXiv preprint arXiv:2004.06871},
  year={2020}
}
@article{morris2020textattack,
  title={Textattack: A framework for adversarial attacks, data augmentation, and adversarial training in nlp},
  author={Morris, John X and Lifland, Eli and Yoo, Jin Yong and Grigsby, Jake and Jin, Di and Qi, Yanjun},
  journal={arXiv preprint arXiv:2005.05909},
  year={2020}
}
@inproceedings{ye2021auxiliary,
  title={Auxiliary tasks and exploration enable objectgoal navigation},
  author={Ye, Joel and Batra, Dhruv and Das, Abhishek and Wijmans, Erik},
  booktitle={Proceedings of the IEEE/CVF International Conference on Computer Vision},
  pages={16117--16126},
  year={2021}
}
@article{liu2021conflict,
  title={Conflict-averse gradient descent for multi-task learning},
  author={Liu, Bo and Liu, Xingchao and Jin, Xiaojie and Stone, Peter and Liu, Qiang},
  journal={Advances in Neural Information Processing Systems},
  volume={34},
  pages={18878--18890},
  year={2021}
}
@inproceedings{pan2022improved,
  title={Improved text classification via contrastive adversarial training},
  author={Pan, Lin and Hang, Chung-Wei and Sil, Avirup and Potdar, Saloni},
  booktitle={Proceedings of the AAAI Conference on Artificial Intelligence},
  volume={36},
  number={10},
  pages={11130--11138},
  year={2022}
}
@article{shafahi2019adversarial,
  title={Adversarial training for free!},
  author={Shafahi, Ali and Najibi, Mahyar and Ghiasi, Mohammad Amin and Xu, Zheng and Dickerson, John and Studer, Christoph and Davis, Larry S and Taylor, Gavin and Goldstein, Tom},
  journal={Advances in Neural Information Processing Systems},
  volume={32},
  year={2019}
}
@article{qiu2021improving,
  title={Improving gradient-based adversarial training for text classification by contrastive learning and auto-encoder},
  author={Qiu, Yao and Zhang, Jinchao and Zhou, Jie},
  journal={arXiv preprint arXiv:2109.06536},
  year={2021}
}
@article{yang2020finbert,
  title={Finbert: A pretrained language model for financial communications},
  author={Yang, Yi and Uy, Mark Christopher Siy and Huang, Allen},
  journal={arXiv preprint arXiv:2006.08097},
  year={2020}
}
@article{jun2022anna,
  title={ANNA: enhanced language representation for question answering},
  author={Jun, Changwook and Jang, Hansol and Sim, Myoseop and Kim, Hyun and Choi, Jooyoung and Min, Kyungkoo and Bae, Kyunghoon},
  journal={arXiv preprint arXiv:2203.14507},
  year={2022}
}
@inproceedings{DBLP:conf/iclr/ZhuCGSGL20,
  author       = {Chen Zhu and
                  Yu Cheng and
                  Zhe Gan and
                  Siqi Sun and
                  Tom Goldstein and
                  Jingjing Liu},
  title        = {FreeLB: Enhanced Adversarial Training for Natural Language Understanding},
  booktitle    = {8th International Conference on Learning Representations, {ICLR} 2020,
                  Addis Ababa, Ethiopia, April 26-30, 2020},
  publisher    = {OpenReview.net},
  year         = {2020},
  url          = {https://openreview.net/forum?id=BygzbyHFvB},
  timestamp    = {Wed, 16 Aug 2023 21:16:38 +0200},
  biburl       = {https://dblp.org/rec/conf/iclr/ZhuCGSGL20.bib},
  bibsource    = {dblp computer science bibliography, https://dblp.org}
}
@article{mao2022less,
  title={Less-forgetting Multi-lingual Fine-tuning},
  author={Mao, Yuren and Liang, Yaobo and Duan, Nan and Wang, Haobo and Wang, Kai and Chen, Lu and Gao, Yunjun},
  journal={Advances in Neural Information Processing Systems},
  volume={35},
  pages={14917--14928},
  year={2022}
}
@article{wallat2021bertnesia,
  title={BERTnesia: Investigating the capture and forgetting of knowledge in BERT},
  author={Wallat, Jonas and Singh, Jaspreet and Anand, Avishek},
  journal={arXiv preprint arXiv:2106.02902},
  year={2021}
}
@inproceedings{he2021analyzing,
  title={Analyzing the forgetting problem in pretrain-finetuning of open-domain dialogue response models},
  author={He, Tianxing and Liu, Jun and Cho, Kyunghyun and Ott, Myle and Liu, Bing and Glass, James and Peng, Fuchun},
  booktitle={Proceedings of the 16th Conference of the European Chapter of the Association for Computational Linguistics: Main Volume},
  pages={1121--1133},
  year={2021}
}
@article{li2017learning,
  title={Learning without forgetting},
  author={Li, Zhizhong and Hoiem, Derek},
  journal={IEEE transactions on pattern analysis and machine intelligence},
  volume={40},
  number={12},
  pages={2935--2947},
  year={2017},
  publisher={IEEE}
}
@article{varno2020learn,
  title={Learn Faster and Forget Slower via Fast and Stable Task Adaptation},
  author={Varno, Farshid and Petry, Lucas May and Di Jorio, Lisa and Matwin, Stan},
  journal={arXiv preprint arXiv:2007.01388},
  year={2020}
}
@article{chen2020recall,
  title={Recall and learn: Fine-tuning deep pretrained language models with less forgetting},
  author={Chen, Sanyuan and Hou, Yutai and Cui, Yiming and Che, Wanxiang and Liu, Ting and Yu, Xiangzhan},
  journal={arXiv preprint arXiv:2004.12651},
  year={2020}
}
@inproceedings{li2023aligndet,
  title={Aligndet: Aligning pre-training and fine-tuning in object detection},
  author={Li, Ming and Wu, Jie and Wang, Xionghui and Chen, Chen and Qin, Jie and Xiao, Xuefeng and Wang, Rui and Zheng, Min and Pan, Xin},
  booktitle={Proceedings of the IEEE/CVF International Conference on Computer Vision},
  pages={6866--6876},
  year={2023}
}
@inproceedings{cao2024domain,
  title={Domain prompt learning with quaternion networks},
  author={Cao, Qinglong and Xu, Zhengqin and Chen, Yuntian and Ma, Chao and Yang, Xiaokang},
  booktitle={Proceedings of the IEEE/CVF Conference on Computer Vision and Pattern Recognition},
  pages={26637--26646},
  year={2024}
}
@article{ni2023dropattack,
  title={DropAttack: A Random Dropped Weight Attack Adversarial Training for Natural Language Understanding},
  author={Ni, Shiwen and Li, Jiawen and Yang, Min and Kao, Hung-Yu},
  journal={IEEE/ACM Transactions on Audio, Speech, and Language Processing},
  year={2023},
  publisher={IEEE}
}
@article{jiang2019smart,
  title={Smart: Robust and efficient fine-tuning for pre-trained natural language models through principled regularized optimization},
  author={Jiang, Haoming and He, Pengcheng and Chen, Weizhu and Liu, Xiaodong and Gao, Jianfeng and Zhao, Tuo},
  journal={arXiv preprint arXiv:1911.03437},
  year={2019}
}



@book{em:86,
  editor  = "Engelmore, Robert and Morgan, Anthony",
  title   = "Blackboard Systems",
  year    = 1986,
  address = "Reading, Mass.",
  publisher = "Addison-Wesley",
}

@inproceedings{c:83,
  author  = "Clancey, William J.",
  year    = 1983,
  title   = "{Communication, Simulation, and Intelligent
Agents: Implications of Personal Intelligent Machines
for Medical Education}",
  booktitle="Proceedings of the Eighth International Joint Conference on Artificial Intelligence {(IJCAI-83)}", 
  pages   = "556-560",
  address = "Menlo Park, Calif",
  publisher = "{IJCAI Organization}",
}
@inproceedings{c:84,
  author  = "Clancey, William J.",
  year    = 1984,
  title   = "{Classification Problem Solving}",
  booktitle = "Proceedings of the Fourth National 
              Conference on Artificial Intelligence",
  pages   = "45-54",
  address = "Menlo Park, Calif.",
  publisher="AAAI Press",
}
@article{r:80,
  author = {Robinson, Arthur L.},
  title = {New Ways to Make Microcircuits Smaller},
  volume = {208},
  number = {4447},
  pages = {1019--1022},
  year = {1980},
  doi = {10.1126/science.208.4447.1019},
  publisher = {American Association for the Advancement of Science},
  issn = {0036-8075},
  URL = {https://science.sciencemag.org/content/208/4447/1019},
  eprint = {https://science.sciencemag.org/content/208/4447/1019.full.pdf},
  journal = {Science},
}
@article{r:80x,
  author  = "Robinson, Arthur L.",
  year    = 1980,
  title   = "{New Ways to Make Microcircuits Smaller---Duplicate Entry}",
  journal = "Science",
  volume  =  208,
  pages   = "1019-1026",
}
@article{hcr:83,
title = {Strategic explanations for a diagnostic consultation system},
journal = {International Journal of Man-Machine Studies},
volume = {20},
number = {1},
pages = {3-19},
year = {1984},
issn = {0020-7373},
doi = {https://doi.org/10.1016/S0020-7373(84)80003-6},
url = {https://www.sciencedirect.com/science/article/pii/S0020737384800036},
author = {Diane Warner Hasling and William J. Clancey and Glenn Rennels},
abstract = {This article examines the problem of automatte explanation of reasoning, especially as it relates to expert systems. By explanation we mean the ability of a program to discuss what it is doing in some understandable way. We first present a general framework in which to view explanation and review some of the research done in this area. We then focus on the explanation system for NEOMYCIN, a medical consultation program. A consultation program interactively helps a user to solve a problem. Our goal is to have NEOMYCIN explain its problem-solving strategies. An explanation of strategy describes the plan the program is using to reach a solution. Such an explanation is usually concrete, referring to aspects of the current problem situation. Abstract explanations articulate a general principle, which can be applied in different situations; such explanations are useful in teaching and in explaining by analogy. We describe the aspects of NEOMYCIN that make abstract strategic explanations possible—the representation of strategic knowledge explicitly and separately from domain knowledge— and demonstrate how this representation can be used to generate explanations.}
}
@article{hcrt:83,
  author  = "Hasling, Diane Warner and Clancey, William J. and Rennels, Glenn R. and Test, Thomas",
  year    = 1983,
  title   = "{Strategic Explanations in Consultation---Duplicate}",
  journal = "The International Journal of Man-Machine Studies",
  volume  = 20,
  number  = 1,
  pages   = "3-19",
}
@techreport{r:86,
  author  = "Rice, James",
  year    = 1986,
  title   = "{Poligon: A System for Parallel Problem Solving}",
  type    = "Technical Report", 
  number  = "KSL-86-19", 
  institution = "Dept.\ of Computer Science, Stanford Univ.",
}
@phdthesis{c:79,
  author  = "Clancey, William J.",
  year    = 1979,
  title   = "{Transfer of Rule-Based Expertise
through a Tutorial Dialogue}",
  type    = "{Ph.D.} diss.",
  school  = "Dept.\ of Computer Science, Stanford Univ.",
  address = "Stanford, Calif.",
}
@unpublished{c:21,
  author  = "Clancey, William J.",
  title   = "{The Engineering of Qualitative Models}",
  year    = 2021,
  note    = "Forthcoming",
}
@misc{c:22,
      title={Attention Is All You Need}, 
      author={Ashish Vaswani and Noam Shazeer and Niki Parmar and Jakob Uszkoreit and Llion Jones and Aidan N. Gomez and Lukasz Kaiser and Illia Polosukhin},
      year={2017},
      eprint={1706.03762},
      archivePrefix={arXiv},
      primaryClass={cs.CL}
}
@misc{c:2333333333333333333333333333333,
  title        = "Pluto: The 'Other' Red Planet",
  author       = "{NASA}",
  howpublished = "\url{https://www.nasa.gov/nh/pluto-the-other-red-planet}",
  year         = 2015,
  note         = "Accessed: 2018-12-06"
}
@inproceedings{zhang2024dept,
  title={Dept: Decoupled prompt tuning},
  author={Zhang, Ji and Wu, Shihan and Gao, Lianli and Shen, Heng Tao and Song, Jingkuan},
  booktitle={Proceedings of the IEEE/CVF Conference on Computer Vision and Pattern Recognition},
  pages={12924--12933},
  year={2024}
}
@inproceedings{zhang2024dual,
  title={Dual memory networks: A versatile adaptation approach for vision-language models},
  author={Zhang, Yabin and Zhu, Wenjie and Tang, Hui and Ma, Zhiyuan and Zhou, Kaiyang and Zhang, Lei},
  booktitle={Proceedings of the IEEE/CVF conference on computer vision and pattern recognition},
  pages={28718--28728},
  year={2024}
}
@inproceedings{liupatch,
  title={Patch-Prompt Aligned Bayesian Prompt Tuning for Vision-Language Models},
  author={Liu, Xinyang and Wang, Dongsheng and Fang, Bowei and Li, Miaoge and Xu, Yishi and Duan, Zhibin and Chen, Bo and Zhou, Mingyuan},
  booktitle={The 40th Conference on Uncertainty in Artificial Intelligence}
}
@inproceedings{NEURIPS2023_a547d869,
 author = {Wang, Dongsheng and Li, Miaoge and Liu, Xinyang and Xu, MingSheng and Chen, Bo and Zhang, Hanwang},
 booktitle = {Advances in Neural Information Processing Systems},
 editor = {A. Oh and T. Naumann and A. Globerson and K. Saenko and M. Hardt and S. Levine},
 pages = {52792--52810},
 publisher = {Curran Associates, Inc.},
 title = {Tuning Multi-mode Token-level Prompt Alignment across Modalities},
 url = {https://proceedings.neurips.cc/paper_files/paper/2023/file/a547d86953a4e36aa8a1390e6f4708e2-Paper-Conference.pdf},
 volume = {36},
 year = {2023}
}
@inproceedings{yao2024tcp,
  title={TCP: Textual-based Class-aware Prompt tuning for Visual-Language Model},
  author={Yao, Hantao and Zhang, Rui and Xu, Changsheng},
  booktitle={Proceedings of the IEEE/CVF Conference on Computer Vision and Pattern Recognition},
  pages={23438--23448},
  year={2024}
}
@inproceedings{bang2024active,
  title={Active Prompt Learning in Vision Language Models},
  author={Bang, Jihwan and Ahn, Sumyeong and Lee, Jae-Gil},
  booktitle={Proceedings of the IEEE/CVF Conference on Computer Vision and Pattern Recognition},
  pages={27004--27014},
  year={2024}
}
@inproceedings{li2024promptkd,
  title={Promptkd: Unsupervised prompt distillation for vision-language models},
  author={Li, Zheng and Li, Xiang and Fu, Xinyi and Zhang, Xin and Wang, Weiqiang and Chen, Shuo and Yang, Jian},
  booktitle={Proceedings of the IEEE/CVF Conference on Computer Vision and Pattern Recognition},
  pages={26617--26626},
  year={2024}
}
@inproceedings{yang2024mma,
  title={MMA: Multi-Modal Adapter for Vision-Language Models},
  author={Yang, Lingxiao and Zhang, Ru-Yuan and Wang, Yanchen and Xie, Xiaohua},
  booktitle={Proceedings of the IEEE/CVF Conference on Computer Vision and Pattern Recognition},
  pages={23826--23837},
  year={2024}
}
@inproceedings{zhang2024exploring,
  title={Exploring the Transferability of Visual Prompting for Multimodal Large Language Models},
  author={Zhang, Yichi and Dong, Yinpeng and Zhang, Siyuan and Min, Tianzan and Su, Hang and Zhu, Jun},
  booktitle={Proceedings of the IEEE/CVF Conference on Computer Vision and Pattern Recognition},
  pages={26562--26572},
  year={2024}
}
@InProceedings{Fang_2023_CVPR,
    author    = {Fang, Yuxin and Wang, Wen and Xie, Binhui and Sun, Quan and Wu, Ledell and Wang, Xinggang and Huang, Tiejun and Wang, Xinlong and Cao, Yue},
    title     = {EVA: Exploring the Limits of Masked Visual Representation Learning at Scale},
    booktitle = {Proceedings of the IEEE/CVF Conference on Computer Vision and Pattern Recognition (CVPR)},
    month     = {June},
    year      = {2023},
    pages     = {19358-19369}
}
@inproceedings{liao2024descriptor,
  title={Descriptor and Word Soups: Overcoming the Parameter Efficiency Accuracy Tradeoff for Out-of-Distribution Few-shot Learning},
  author={Liao, Christopher and Tsiligkaridis, Theodoros and Kulis, Brian},
  booktitle={Proceedings of the IEEE/CVF Conference on Computer Vision and Pattern Recognition},
  pages={27015--27025},
  year={2024}
}

@article{hassan2023align,
  title={Align your prompts: Test-time prompting with distribution alignment for zero-shot generalization},
  author={Hassan, Jameel and Gani, Hanan and Hussein, Noor and Khattak, Muhammad Uzair and Naseer, Muzammal and Khan, Fahad Shahbaz and Khan, Salman},
  journal={arXiv preprint arXiv:2311.01459},
  year={2023}
}
@inproceedings{kim2024aapl,
  title={AAPL: Adding Attributes to Prompt Learning for Vision-Language Models},
  author={Kim, Gahyeon and Kim, Sohee and Lee, Seokju},
  booktitle={Proceedings of the IEEE/CVF Conference on Computer Vision and Pattern Recognition},
  pages={1572--1582},
  year={2024}
}
@inproceedings{hirohashi2024prompt,
  title={Prompt Learning with One-Shot Setting based Feature Space Analysis in Vision-and-Language Models},
  author={Hirohashi, Yuki and Hirakawa, Tsubasa and Yamashita, Takayoshi and Fujiyoshi, Hironobu},
  booktitle={Proceedings of the IEEE/CVF Conference on Computer Vision and Pattern Recognition},
  pages={7761--7770},
  year={2024}
}
@article{li2024enhancing,
  title={Enhancing Robustness of Vision-Language Models through Orthogonality Learning and Cross-Regularization},
  author={Li, Jinlong and Jie, Zequn and Ricci, Elisa and Ma, Lin and Sebe, Nicu},
  journal={arXiv preprint arXiv:2407.08374},
  year={2024}
}
@article{zang2024overcoming,
  title={Overcoming the Pitfalls of Vision-Language Model Finetuning for OOD Generalization},
  author={Zang, Yuhang and Goh, Hanlin and Susskind, Josh and Huang, Chen},
  journal={arXiv preprint arXiv:2401.15914},
  year={2024}
}

@inproceedings{zheng2024large,
  title={Large Language Models are Good Prompt Learners for Low-Shot Image Classification},
  author={Zheng, Zhaoheng and Wei, Jingmin and Hu, Xuefeng and Zhu, Haidong and Nevatia, Ram},
  booktitle={Proceedings of the IEEE/CVF Conference on Computer Vision and Pattern Recognition},
  pages={28453--28462},
  year={2024}
}
@article{liu2024multi,
  title={Multi-modal Attribute Prompting for Vision-Language Models},
  author={Liu, Xin and Wu, Jiamin and Yang, Wenfei and Zhou, Xu and Zhang, Tianzhu},
  journal={IEEE Transactions on Circuits and Systems for Video Technology},
  year={2024},
  publisher={IEEE}
}
@article{wang2024open,
  title={Open-Vocabulary Calibration for Vision-Language Models},
  author={Wang, Shuoyuan and Wang, Jindong and Wang, Guoqing and Zhang, Bob and Zhou, Kaiyang and Wei, Hongxin},
  journal={arXiv preprint arXiv:2402.04655},
  year={2024}
}
@article{ma2023understanding,
  title={Understanding the Multi-modal Prompts of the Pre-trained Vision-Language Model},
  author={Ma, Shuailei and Xie, Chen-Wei and Wei, Ying and Sun, Siyang and Fan, Jiaqi and Bao, Xiaoyi and Guo, Yuxin and Zheng, Yun},
  journal={arXiv preprint arXiv:2312.11570},
  year={2023}
}
@article{hao2024quantized,
  title={Quantized Prompt for Efficient Generalization of Vision-Language Models},
  author={Hao, Tianxiang and Ding, Xiaohan and Feng, Juexiao and Yang, Yuhong and Chen, Hui and Ding, Guiguang},
  journal={arXiv preprint arXiv:2407.10704},
  year={2024}
}
@article{khattak2024learning,
  title={Learning to Prompt with Text Only Supervision for Vision-Language Models},
  author={Khattak, Muhammad Uzair and Naeem, Muhammad Ferjad and Naseer, Muzammal and Van Gool, Luc and Tombari, Federico},
  journal={arXiv preprint arXiv:2401.02418},
  year={2024}
}
@inproceedings{khandelwal2024promptsync,
  title={PromptSync: Bridging Domain Gaps in Vision-Language Models through Class-Aware Prototype Alignment and Discrimination},
  author={Khandelwal, Anant},
  booktitle={Proceedings of the IEEE/CVF Conference on Computer Vision and Pattern Recognition},
  pages={7819--7828},
  year={2024}
}
@article{wang2024transitive,
  title={Transitive Vision-Language Prompt Learning for Domain Generalization},
  author={Wang, Liyuan and Jin, Yan and Chen, Zhen and Wu, Jinlin and Li, Mengke and Lu, Yang and Wang, Hanzi},
  journal={arXiv preprint arXiv:2404.18758},
  year={2024}
}
@article{lafon2024gallop,
  title={GalLoP: Learning Global and Local Prompts for Vision-Language Models},
  author={Lafon, Marc and Ramzi, Elias and Rambour, Cl{\'e}ment and Audebert, Nicolas and Thome, Nicolas},
  journal={arXiv preprint arXiv:2407.01400},
  year={2024}
}
@article{croce2020robustbench,
  title={Robustbench: a standardized adversarial robustness benchmark},
  author={Croce, Francesco and Andriushchenko, Maksym and Sehwag, Vikash and Debenedetti, Edoardo and Flammarion, Nicolas and Chiang, Mung and Mittal, Prateek and Hein, Matthias},
  journal={arXiv preprint arXiv:2010.09670},
  year={2020}
}
@article{zhu2024awt,
  title={AWT: Transferring Vision-Language Models via Augmentation, Weighting, and Transportation},
  author={Zhu, Yuhan and Ji, Yuyang and Zhao, Zhiyu and Wu, Gangshan and Wang, Limin},
  journal={arXiv preprint arXiv:2407.04603},
  year={2024}
}
@article{mao2022understanding,
  title={Understanding zero-shot adversarial robustness for large-scale models},
  author={Mao, Chengzhi and Geng, Scott and Yang, Junfeng and Wang, Xin and Vondrick, Carl},
  journal={arXiv preprint arXiv:2212.07016},
  year={2022}
}
@article{wangmulti,
  title={Multi-Vision Multi-Prompt for Few-Shot Learning in Vision-Language Model},
  author={Wang, Ran and Zuo, Hua and Fang, Zhen and Lu, Jie}
}
@article{yang2024revisiting,
  title={Revisiting the Robust Generalization of Adversarial Prompt Tuning},
  author={Yang, Fan and Xia, Mingxuan and Xia, Sangzhou and Ma, Chicheng and Hui, Hui},
  journal={arXiv preprint arXiv:2405.11154},
  year={2024}
}
@article{yang2024prompt,
  title={A prompt-based approach to adversarial example generation and robustness enhancement},
  author={Yang, Yuting and Huang, Pei and Cao, Juan and Li, Jintao and Lin, Yun and Ma, Feifei},
  journal={Frontiers of Computer Science},
  volume={18},
  number={4},
  pages={184318},
  year={2024},
  publisher={Springer}
}
@article{das2024human,
  title={Human-Interpretable Adversarial Prompt Attack on Large Language Models with Situational Context},
  author={Das, Nilanjana and Raff, Edward and Gaur, Manas},
  journal={arXiv preprint arXiv:2407.14644},
  year={2024}
}

@article{zhao2024adversarial,
  title={Adversarial Contrastive Decoding: Boosting Safety Alignment of Large Language Models via Opposite Prompt Optimization},
  author={Zhao, Zhengyue and Zhang, Xiaoyun and Xu, Kaidi and Hu, Xing and Zhang, Rui and Du, Zidong and Guo, Qi and Chen, Yunji},
  journal={arXiv preprint arXiv:2406.16743},
  year={2024}
}
@article{zhang2024promptfix,
  title={PromptFix: Few-shot Backdoor Removal via Adversarial Prompt Tuning},
  author={Zhang, Tianrong and Xi, Zhaohan and Wang, Ting and Mitra, Prasenjit and Chen, Jinghui},
  journal={arXiv preprint arXiv:2406.04478},
  year={2024}
}



@article{cao2023few,
  title={Few-shot rotation-invariant aerial image semantic segmentation},
  author={Cao, Qinglong and Chen, Yuntian and Ma, Chao and Yang, Xiaokang},
  journal={IEEE Transactions on Geoscience and Remote Sensing},
  volume={62},
  pages={1--13},
  year={2023},
  publisher={IEEE}
}
@inproceedings{cao2024controlled,
  title={Domain-controlled prompt learning},
  author={Cao, Qinglong and Xu, Zhengqin and Chen, Yuntian and Ma, Chao and Yang, Xiaokang},
  booktitle={Proceedings of the AAAI Conference on Artificial Intelligence},
  volume={38},
  number={2},
  pages={936--944},
  year={2024}
}
@article{cao2023break,
  title={Break the bias: Delving semantic transform invariance for few-shot segmentation},
  author={Cao, Qinglong and Chen, Yuntian and Ma, Chao and Yang, Xiaokang},
  journal={IEEE Transactions on Circuits and Systems for Video Technology},
  year={2023},
  publisher={IEEE}
}


@article{zhang2021causaladv,
  title={Causaladv: Adversarial robustness through the lens of causality},
  author={Zhang, Yonggang and Gong, Mingming and Liu, Tongliang and Niu, Gang and Tian, Xinmei and Han, Bo and Sch{\"o}lkopf, Bernhard and Zhang, Kun},
  journal={arXiv preprint arXiv:2106.06196},
  year={2021}
}
@inproceedings{tang2022virtual,
  title={Virtual homogeneity learning: Defending against data heterogeneity in federated learning},
  author={Tang, Zhenheng and Zhang, Yonggang and Shi, Shaohuai and He, Xin and Han, Bo and Chu, Xiaowen},
  booktitle={International Conference on Machine Learning},
  pages={21111--21132},
  year={2022},
  organization={PMLR}
}

@inproceedings{xie2023videotrack,
  title={Videotrack: Learning to track objects via video transformer},
  author={Xie, Fei and Chu, Lei and Li, Jiahao and Lu, Yan and Ma, Chao},
  booktitle={Proceedings of the IEEE/CVF conference on computer vision and pattern recognition},
  pages={22826--22835},
  year={2023}
}

@article{cao2024neural,
  title={Neural Material Adaptor for Visual Grounding of Intrinsic Dynamics},
  author={Cao, Junyi and Guan, Shanyan and Ge, Yanhao and Li, Wei and Yang, Xiaokang and Ma, Chao},
  journal={arXiv preprint arXiv:2410.08257},
  year={2024}
}

@InProceedings{Li_2024_CVPR,
    author    = {Li, Xirui and Ma, Chao and Yang, Xiaokang and Yang, Ming-Hsuan},
    title     = {VidToMe: Video Token Merging for Zero-Shot Video Editing},
    booktitle = {Proceedings of the IEEE/CVF Conference on Computer Vision and Pattern Recognition (CVPR)},
    month     = {June},
    year      = {2024},
    pages     = {7486-7495}
}

@inproceedings{li2024sparseformer,
  title={SparseFormer: Detecting Objects in HRW Shots via Sparse Vision Transformer},
  author={Li, Wenxi and Guo, Yuchen and Zheng, Jilai and Lin, Haozhe and Ma, Chao and Fang, Lu and Yang, Xiaokang},
  booktitle={Proceedings of the 32nd ACM International Conference on Multimedia},
  pages={4851--4860},
  year={2024}
}
@article{zhang2022predict,
  title={Predict the rover mobility over soft terrain using articulated wheeled bevameter},
  author={Zhang, Wenyao and Lyu, Shipeng and Xue, Feng and Yao, Chen and Zhu, Zheng and Jia, Zhenzhong},
  journal={IEEE Robotics and Automation Letters},
  volume={7},
  number={4},
  pages={12062--12069},
  year={2022},
  publisher={IEEE}
}
@inproceedings{liu2024motion,
  title={Motion-adaptive Separable Collaborative Filters for Blind Motion Deblurring},
  author={Liu, Chengxu and Wang, Xuan and Xu, Xiangyu and Tian, Ruhao and Li, Shuai and Qian, Xueming and Yang, Ming-Hsuan},
  booktitle={Proceedings of the IEEE/CVF Conference on Computer Vision and Pattern Recognition},
  pages={25595--25605},
  year={2024}
}
@article{yang2022diversity,
  title={Diversity-learning block: conquer feature homogenization of multibranch},
  author={Yang, Junjie and Lai, Shenqi and Wang, Xuan and Wang, Yaxiong and Qian, Xueming},
  journal={IEEE Transactions on Neural Networks and Learning Systems},
  year={2022},
  publisher={IEEE}
}

@article{shi2024foodfusion,
  title={Foodfusion: A novel approach for food image composition via diffusion models},
  author={Shi, Chaohua and Wang, Xuan and Shi, Si and Wang, Xule and Zhu, Mingrui and Wang, Nannan and Gao, Xinbo},
  journal={arXiv preprint arXiv:2408.14135},
  year={2024}
}
@inproceedings{liu2024decoupling,
  title={Decoupling degradations with recurrent network for video restoration in under-display camera},
  author={Liu, Chengxu and Wang, Xuan and Fan, Yuanting and Li, Shuai and Qian, Xueming},
  booktitle={Proceedings of the AAAI Conference on Artificial Intelligence},
  volume={38},
  number={4},
  pages={3558--3566},
  year={2024}
}
@article{wang2021spgnet,
  title={SPGNet: Serial and parallel group network},
  author={Wang, Xuan and Lai, Shenqi and Chai, Zhenhua and Zhang, Xingjun and Qian, Xueming},
  journal={IEEE Transactions on Multimedia},
  volume={24},
  pages={2804--2814},
  year={2021},
  publisher={IEEE}
}
@inproceedings{liu2023fsi,
  title={Fsi: Frequency and spatial interactive learning for image restoration in under-display cameras},
  author={Liu, Chengxu and Wang, Xuan and Li, Shuai and Wang, Yuzhi and Qian, Xueming},
  booktitle={Proceedings of the IEEE/CVF International Conference on Computer Vision},
  pages={12537--12546},
  year={2023}
}