@inproceedings{cao2024controlled,
  title={Domain-controlled prompt learning},
  author={Cao, Qinglong and Xu, Zhengqin and Chen, Yuntian and Ma, Chao and Yang, Xiaokang},
  booktitle={Proceedings of the AAAI Conference on Artificial Intelligence},
  volume={38},
  number={2},
  pages={936--944},
  year={2024}
}

@inproceedings{khattak2023maple,
  title={Maple: Multi-modal prompt learning},
  author={Khattak, Muhammad Uzair and Rasheed, Hanoona and Maaz, Muhammad and Khan, Salman and Khan, Fahad Shahbaz},
  booktitle={Proceedings of the IEEE/CVF Conference on Computer Vision and Pattern Recognition},
  pages={19113--19122},
  year={2023}
}

@inproceedings{khattak2023self,
  title={Self-regulating prompts: Foundational model adaptation without forgetting},
  author={Khattak, Muhammad Uzair and Wasim, Syed Talal and Naseer, Muzammal and Khan, Salman and Yang, Ming-Hsuan and Khan, Fahad Shahbaz},
  booktitle={Proceedings of the IEEE/CVF International Conference on Computer Vision},
  pages={15190--15200},
  year={2023}
}

@inproceedings{lee2023multimodal,
  title={Multimodal prompting with missing modalities for visual recognition},
  author={Lee, Yi-Lun and Tsai, Yi-Hsuan and Chiu, Wei-Chen and Lee, Chen-Yu},
  booktitle={Proceedings of the IEEE/CVF Conference on Computer Vision and Pattern Recognition},
  pages={14943--14952},
  year={2023}
}

@inproceedings{li2024one,
  title={One prompt word is enough to boost adversarial robustness for pre-trained vision-language models},
  author={Li, Lin and Guan, Haoyan and Qiu, Jianing and Spratling, Michael},
  booktitle={Proceedings of the IEEE/CVF Conference on Computer Vision and Pattern Recognition},
  pages={24408--24419},
  year={2024}
}

@inproceedings{lu2022prompt,
  title={Prompt distribution learning},
  author={Lu, Yuning and Liu, Jianzhuang and Zhang, Yonggang and Liu, Yajing and Tian, Xinmei},
  booktitle={Proceedings of the IEEE/CVF Conference on Computer Vision and Pattern Recognition},
  pages={5206--5215},
  year={2022}
}

@article{yao2023tcp,
  title={TCP: Textual-based Class-aware Prompt tuning for Visual-Language Model},
  author={Yao, Hantao and Zhang, Rui and Xu, Changsheng},
  journal={arXiv preprint arXiv:2311.18231},
  year={2023}
}

@inproceedings{zhou2022conditional,
  title={Conditional prompt learning for vision-language models},
  author={Zhou, Kaiyang and Yang, Jingkang and Loy, Chen Change and Liu, Ziwei},
  booktitle={Proceedings of the IEEE/CVF Conference on Computer Vision and Pattern Recognition},
  pages={16816--16825},
  year={2022}
}

@article{zhou2022learning,
  title={Learning to prompt for vision-language models},
  author={Zhou, Kaiyang and Yang, Jingkang and Loy, Chen Change and Liu, Ziwei},
  journal={International Journal of Computer Vision},
  volume={130},
  number={9},
  pages={2337--2348},
  year={2022},
  publisher={Springer}
}

@article{zhou2024few,
  title={Few-Shot Adversarial Prompt Learning on Vision-Language Models},
  author={Zhou, Yiwei and Xia, Xiaobo and Lin, Zhiwei and Han, Bo and Liu, Tongliang},
  journal={arXiv preprint arXiv:2403.14774},
  year={2024}
}

