@Article{ Marques_2023,
AUTHOR = {Marques, Miguel Nakajima and Magalhães, Sandro Augusto and Dos Santos, Filipe Neves and Mendonça, Hélio Sousa},
TITLE = {Tethered Unmanned Aerial Vehicles—A Systematic Review},
JOURNAL = {Robotics},
VOLUME = {12},
YEAR = {2023},
NUMBER = {4},
ARTICLE-NUMBER = {117},
URL = {https://www.mdpi.com/2218-6581/12/4/117},
ISSN = {2218-6581},
DOI = {10.3390/robotics12040117}
}

@INPROCEEDINGS{Ames_2014,
  author={Ames, Aaron D. and Grizzle, Jessy W. and Tabuada, Paulo},
  booktitle={53rd IEEE Conference on Decision and Control}, 
  title={Control barrier function based quadratic programs with application to adaptive cruise control}, 
  year={2014},
  volume={},
  number={},
  pages={6271-6278},
  keywords={Lyapunov methods;Vehicles;Context;Force;Acceleration;Safety;Control systems},
  doi={10.1109/CDC.2014.7040372}}

@INPROCEEDINGS{Rauscher_2016,
  author={Rauscher, Manuel and Kimmel, Melanie and Hirche, Sandra},
  booktitle={2016 IEEE/RSJ International Conference on Intelligent Robots and Systems (IROS)}, 
  title={Constrained robot control using control barrier functions}, 
  year={2016},
  volume={},
  number={},
  pages={279-285},
  keywords={Aerospace electronics;Control design;Service robots;Rendering (computer graphics);Predictive control},
  doi={10.1109/IROS.2016.7759067}}

@ARTICLE{Lamport_1977,
  author={Lamport, L.},
  journal={IEEE Transactions on Software Engineering}, 
  title={Proving the Correctness of Multiprocess Programs}, 
  year={1977},
  volume={SE-3},
  number={2},
  pages={125-143},
  keywords={Safety;Flowcharts;Error correction;Computer errors;Humans;Mathematics;Testing;Assertions;concufrent programming;correctness;multiprocessing;synchronization},
  doi={10.1109/TSE.1977.229904}} 

@INPROCEEDINGS{Ames_2019,
  author={Ames, Aaron D. and Coogan, Samuel and Egerstedt, Magnus and Notomista, Gennaro and Sreenath, Koushil and Tabuada, Paulo},
  booktitle={2019 18th European Control Conference (ECC)}, 
  title={Control Barrier Functions: Theory and Applications}, 
  year={2019},
  volume={},
  number={},
  pages={3420-3431},
  keywords={},}

@ARTICLE{Ames_2017,
  author={Ames, Aaron D. and Xu, Xiangru and Grizzle, Jessy W. and Tabuada, Paulo},
  journal={IEEE Transactions on Automatic Control}, 
  title={Control Barrier Function Based Quadratic Programs for Safety Critical Systems}, 
  year={2017},
  volume={62},
  number={8},
  pages={3861-3876},
  keywords={Safety;Lyapunov methods;Cruise control;Electronic mail;Automotive engineering;Electrical engineering;Barrier function;control Lyapunov function;nonlinear control;quadratic program;safety;set invariance},
  doi={10.1109/TAC.2016.2638961}}

@article{Hsu_2024,
   author = "Hsu, Kai-Chieh and Hu, Haimin and Fisac, Jaime F.",
   title = "The Safety Filter: A Unified View of Safety-Critical Control in Autonomous Systems", 
   journal= "Annual Review of Control, Robotics, and Autonomous Systems",
   year = "2024",
   volume = "7",
   number = "Volume 7, 2024",
   pages = "47-72",
   doi = "https://doi.org/10.1146/annurev-control-071723-102940",
   url = "https://www.annualreviews.org/content/journals/10.1146/annurev-control-071723-102940",
   publisher = "Annual Reviews",
   issn = "2573-5144",
   type = "Journal Article",
  }

@InProceedings{Koopman_2019,
author="Koopman, Philip
and Ferrell, Uma
and Fratrik, Frank
and Wagner, Michael",
editor="Romanovsky, Alexander
and Troubitsyna, Elena
and Gashi, Ilir
and Schoitsch, Erwin
and Bitsch, Friedemann",
title="A Safety Standard Approach for Fully Autonomous Vehicles",
booktitle="Computer Safety, Reliability, and Security",
year="2019",
publisher="Springer International Publishing",
address="Cham",
pages="326--332",
isbn="978-3-030-26250-1"
}

@misc{Li_2021,
      title={Comparison between safety methods control barrier function vs. reachability analysis}, 
      author={Zhichao Li},
      year={2021},
      eprint={2106.13176},
      archivePrefix={arXiv},
      primaryClass={eess.SY},
      url={https://arxiv.org/abs/2106.13176} 
}

@ARTICLE{Li_2023,
  author={Li, Boqian and Wen, Shiping and Yan, Zheng and Wen, Guanghui and Huang, Tingwen},
  journal={IEEE/CAA Journal of Automatica Sinica}, 
  title={A Survey on the Control Lyapunov Function and Control Barrier Function for Nonlinear-Affine Control Systems}, 
  year={2023},
  volume={10},
  number={3},
  pages={584-602},
  keywords={Uncertain systems;Uncertainty;Protocols;Optimal control;Nonlinear control systems;Stability analysis;Robustness;Control barrier function (CBF);control Lyapunov function (CLF);nonlinear-affine control systems},
  doi={10.1109/JAS.2023.123075}}

@ARTICLE{ Lopez_2021,
  author={Lopez, Brett T. and Slotine, Jean-Jacques E. and How, Jonathan P.},
  journal={IEEE Control Systems Letters}, 
  title={Robust Adaptive Control Barrier Functions: An Adaptive and Data-Driven Approach to Safety}, 
  year={2021},
  volume={5},
  number={3},
  pages={1031-1036},
  keywords={Safety;Adaptation models;Aerodynamics;Adaptive control;Uncertainty;Nonlinear dynamical systems;Constrained control;uncertain systems;adaptive control},
  doi={10.1109/LCSYS.2020.3005923}}

@ARTICLE{ Shi_2024,
  author={Shi, Kaige and Chang, Jindong and Feng, Shuo and Fan, Yali and Wei, Zilai and Hu, Guoqiang},
  journal={IEEE Robotics and Automation Letters}, 
  title={Safe Human Dual-Robot Interaction Based on Control Barrier Functions and Cooperation Functions}, 
  year={2024},
  volume={9},
  number={11},
  pages={9581-9588},
  keywords={Robots;Collision avoidance;Safety;Robot kinematics;Vectors;Jacobian matrices;Human-robot interaction;Control barrier function;cooperation function;decentralized control framework;human dual-robot interaction;human safety;robot cooperation},
  doi={10.1109/LRA.2024.3458597}}

@ARTICLE{Ding_2024,
  author={Ding, Xuda and Wang, Han and Ren, Yi and Zheng, Yu and Chen, Cailian and He, Jianping},
  journal={IEEE Transactions on Systems, Man, and Cybernetics: Systems}, 
  title={Online Control Barrier Function Construction for Safety-Critical Motion Control of Manipulators}, 
  year={2024},
  volume={54},
  number={8},
  pages={4761-4771},
  keywords={Safety;Manipulator dynamics;Optimization;System dynamics;Aerospace electronics;Optimal control;Collision avoidance;Control barrier function (CBF);robotic manipulators;safe-critical control;scenario optimization;sum-of-square (SOS) program},
  doi={10.1109/TSMC.2024.3387434}}

@misc{Lindemann_2024,
      title={Learning Robust Output Control Barrier Functions from Safe Expert Demonstrations}, 
      author={Lars Lindemann and Alexander Robey and Lejun Jiang and Satyajeet Das and Stephen Tu and Nikolai Matni},
      year={2024},
      eprint={2111.09971},
      archivePrefix={arXiv},
      primaryClass={eess.SY},
      url={https://arxiv.org/abs/2111.09971}, 
}

@inbook{Ankit_2024,
author = {Kumar Ankit and Shrivathsa M S and Shishir Kolathaya and Debasish Ghose},
title = {Reachability Analysis of UAVs through Cluttered Environments},
booktitle = {AIAA SCITECH 2024 Forum},
chapter = {},
pages = {},
doi = {10.2514/6.2024-2017},
URL = {https://arc.aiaa.org/doi/abs/10.2514/6.2024-2017},
eprint = {https://arc.aiaa.org/doi/pdf/10.2514/6.2024-2017},
}

@misc{Tayal_2024,
      title={Control Barrier Functions in Dynamic UAVs for Kinematic Obstacle Avoidance: A Collision Cone Approach}, 
      author={Manan Tayal and Rajpal Singh and Jishnu Keshavan and Shishir Kolathaya},
      year={2024},
      eprint={2303.15871},
      archivePrefix={arXiv},
      primaryClass={cs.RO},
      url={https://arxiv.org/abs/2303.15871}, 
} 

@misc{Panja_2023,
      title={Control Barrier Function Based UAV Safety Controller in Autonomous Airborne Tracking and Following Systems}, 
      author={Promit Panja and Jesse B. Hoagg and Sabur Baidya},
      year={2023},
      eprint={2312.17215},
      archivePrefix={arXiv},
      primaryClass={cs.RO},
      url={https://arxiv.org/abs/2312.17215}, 
}

@article{Korsarnovsky_2020,
title = {Geometric and constrained control for a string of tethered drones},
journal = {Robotics and Autonomous Systems},
volume = {133},
pages = {103609},
year = {2020},
issn = {0921-8890},
doi = {https://doi.org/10.1016/j.robot.2020.103609},
url = {https://www.sciencedirect.com/science/article/pii/S0921889020304498},
author = {Benny Kosarnovsky and Shai Arogeti},
}

@ARTICLE{ Singletary_2022,
  author={Singletary, Andrew and Swann, Aiden and Chen, Yuxiao and Ames, Aaron D.},
  journal={IEEE Robotics and Automation Letters}, 
  title={Onboard Safety Guarantees for Racing Drones: High-Speed Geofencing With Control Barrier Functions}, 
  year={2022},
  volume={7},
  number={2},
  pages={2897-2904},
  keywords={Safety;Drones;Trajectory;Hardware;Switches;Sensors;Real-time systems;Robot safety;aerial systems: mechanics and control},
  doi={10.1109/LRA.2022.3144777}}

@INPROCEEDINGS{Hermand_2018,
  author={Hermand, Elie and Nguyen, Tam W. and Hosseinzadeh, Mehdi and Garone, Emanuele},
  booktitle={2018 26th Mediterranean Conference on Control and Automation (MED)}, 
  title={Constrained Control of UAVs in Geofencing Applications}, 
  year={2018},
  volume={},
  number={},
  pages={217-222},
  keywords={Drones;Lyapunov methods;Gravity;Linear systems;Level set;Optimization},
  doi={10.1109/MED.2018.8443035}}

@inbook{Zhang_2017,
author = {Songyuan Zhang and Dong Wei and Minh Quan Huynh and Jian Xing Quek and Xiao Ma and Lihua Xie},
title = {Model Predictive Control Based Dynamic Geofence System for Unmanned Aerial Vehicles},
booktitle = {AIAA Information Systems-AIAA Infotech @ Aerospace},
chapter = {},
pages = {},
doi = {10.2514/6.2017-0675},
URL = {https://arc.aiaa.org/doi/abs/10.2514/6.2017-0675},
eprint = {https://arc.aiaa.org/doi/pdf/10.2514/6.2017-0675}
}

@INPROCEEDINGS{Wang_2018,
  author={Wang, Li and Theodorou, Evangelos A. and Egerstedt, Magnus},
  booktitle={2018 IEEE International Conference on Robotics and Automation (ICRA)}, 
  title={Safe Learning of Quadrotor Dynamics Using Barrier Certificates}, 
  year={2018},
  volume={},
  number={},
  pages={2460-2465},
  keywords={Safety;Control systems;Computational modeling;Gaussian processes;Adaptation models;Lyapunov methods;System dynamics},
  doi={10.1109/ICRA.2018.8460471}}

@ARTICLE{Wang_2023,
  author={Wang, Zhijun and Hu, Tengfei and Long, Lijun},
  journal={IEEE Transactions on Systems, Man, and Cybernetics: Systems}, 
  title={Multi-UAV Safe Collaborative Transportation Based on Adaptive Control Barrier Function}, 
  year={2023},
  volume={53},
  number={11},
  pages={6975-6983},
  keywords={Safety;Control systems;Switches;Transportation;Adaptation models;Nonlinear systems;Collaboration;Adaptive control barrier function (ACBF);adaptive control Lyapunov function (ACLF);adaptive safe stabilization;quadratic programming (QP);safety filter},
  doi={10.1109/TSMC.2023.3292810}}

@ARTICLE{Liu_2024,
  author={Liu, Bowen and Wang, Yingxun and Sepestanaki, Mohammadreza Askari and Pouzesh, Mohsen and Mobayen, Saleh and Rouhani, Seyed Hossein and Fekih, Afef},
  journal={IEEE Transactions on Aerospace and Electronic Systems}, 
  title={Event-Trigger-Based Adaptive Barrier Function Higher-Order Global Sliding Mode Control Technique for Quadrotor UAVs}, 
  year={2024},
  volume={60},
  number={5},
  pages={5674-5684},
  keywords={Quadrotors;Autonomous aerial vehicles;Mathematical models;Uncertainty;Aerospace and electronic systems;Convergence;Adaptive systems;Adaptive barrier function;event-triggered control;external disturbance;higher-order sliding mode;quadrotor unmanned aerial vehicle (UAV)},
  doi={10.1109/TAES.2024.3394461}}

@ARTICLE{Zheng_2023,
  author={Zheng, Zewei and Li, Jiazhe and Guan, Zhiyuan and Zuo, Zongyu},
  journal={IEEE/CAA Journal of Automatica Sinica}, 
  title={Constrained Moving Path Following Control for UAV With Robust Control Barrier Function}, 
  year={2023},
  volume={10},
  number={7},
  pages={1557-1570},
  keywords={Robust control;Autonomous aerial vehicles;Numerical simulation;Control systems;Disturbance observers;Safety;Noise measurement;Moving path following (MPF);robust control barrier function;safety margin;shipboard landing;unmanned aerial vehicle (UAV)},
  doi={10.1109/JAS.2023.123573}}

@ARTICLE{Wabersich_2023,
  author={Wabersich, Kim P. and Taylor, Andrew J. and Choi, Jason J. and Sreenath, Koushil and Tomlin, Claire J. and Ames, Aaron D. and Zeilinger, Melanie N.},
  journal={IEEE Control Systems Magazine}, 
  title={Data-Driven Safety Filters: Hamilton-Jacobi Reachability, Control Barrier Functions, and Predictive Methods for Uncertain Systems}, 
  year={2023},
  volume={43},
  number={5},
  pages={137-177},
  keywords={Uncertain systems;Control engineering;Uncertainty;Scalability;Stability criteria;Filtering theory;Safety;Data models;Predictive models;Renewable energy sources;Reliability engineering;Power grids},
  doi={10.1109/MCS.2023.3291885}}

@INPROCEEDINGS{Singh_2001,
  author={Singh, L. and Fuller, J.},
  booktitle={Proceedings of the 2001 American Control Conference. (Cat. No.01CH37148)}, 
  title={Trajectory generation for a UAV in urban terrain, using nonlinear MPC}, 
  year={2001},
  volume={3},
  number={},
  pages={2301-2308 vol.3},
  keywords={Unmanned aerial vehicles;Optimal control;Vehicle dynamics;Navigation;Trajectory;Aerospace control;Remotely operated vehicles;Actuators;Predictive models;Predictive control},
  doi={10.1109/ACC.2001.946095}}

@ARTICLE{Lindqvist_2020,
  author={Lindqvist, Björn and Mansouri, Sina Sharif and Agha-mohammadi, Ali-akbar and Nikolakopoulos, George},
  journal={IEEE Robotics and Automation Letters}, 
  title={Nonlinear MPC for Collision Avoidance and Control of UAVs With Dynamic Obstacles}, 
  year={2020},
  volume={5},
  number={4},
  pages={6001-6008},
  keywords={Collision avoidance;Trajectory;Vehicle dynamics;Predictive models;Navigation;Unmanned aerial vehicles;Cost function;Collision avoidance;aerial systems: applications;autonomous vehicle navigation},
  doi={10.1109/LRA.2020.3010730}}

@INPROCEEDINGS{Zhou_2015,
  author={Zhou, Yuchen and Baras, John S.},
  booktitle={2015 54th IEEE Conference on Decision and Control (CDC)}, 
  title={Reachable set approach to collision avoidance for UAVs}, 
  year={2015},
  volume={},
  number={},
  pages={5947-5952},
  keywords={Aircraft;Collision avoidance;Aerospace control;Electron tubes;Trajectory;Optimization;Heuristic algorithms},
  doi={10.1109/CDC.2015.7403154}}

@article{Ding_2012,
  title={Reachability calculations for vehicle safety during manned/unmanned vehicle interaction},
  author={Ding, Jerry and Sprinkle, Jonathan and Tomlin, Claire J and Sastry, S Shankar and Paunicka, James L},
  journal={Journal of Guidance, Control, and Dynamics},
  volume={35},
  number={1},
  pages={138--152},
  year={2012}
}

@INPROCEEDINGS{Bolognini_2022,
  author={Bolognini, Michele and Saccani, Danilo and Cirillo, Fabrizio and Fagiano, Lorenzo},
  booktitle={2022 IEEE 61st Conference on Decision and Control (CDC)}, 
  title={Autonomous navigation of interconnected tethered drones in a partially known environment with obstacles}, 
  year={2022},
  volume={},
  number={},
  pages={3315-3320},
  keywords={Navigation;Power supplies;Computational modeling;Prediction algorithms;Real-time systems;Safety;Reliability},
  doi={10.1109/CDC51059.2022.9992802}}

@Article{Valerio_2022,
AUTHOR = {Valerio, Carlos G. and Aguillón, Néstor and Espinoza, Eduardo S. and Lozano, Rogelio},
TITLE = {Reference Generator for a System of Multiple Tethered Unmanned Aerial Vehicles},
JOURNAL = {Drones},
VOLUME = {6},
YEAR = {2022},
NUMBER = {12},
ARTICLE-NUMBER = {390},
URL = {https://www.mdpi.com/2504-446X/6/12/390},
ISSN = {2504-446X},
ABSTRACT = {This paper deals with the references generation for a team of unmanned aerial vehicles tethered to a ground station for inspection applications. In order to deploy the team of vehicles in a suitable location to cover the largest area, each vehicle is commanded to securely navigate in an area of interest while it is tethered to another vehicle or to a ground station. To generate the corresponding reference for each vehicle, we used a model predictive controller, which optimizes the desired trajectory based on the mission-defined constraints. To validate the effectiveness of the proposed strategy, we conducted a simulation and experimental tests with a team of consumer unmanned aerial vehicles tethered to a ground station.},
DOI = {10.3390/drones6120390}
}

@article{li2023survey,
  title={A survey on the control lyapunov function and control barrier function for nonlinear-affine control systems},
  author={Li, Boqian and Wen, Shiping and Yan, Zheng and Wen, Guanghui and Huang, Tingwen},
  journal={IEEE/CAA Journal of Automatica Sinica},
  volume={10},
  number={3},
  pages={584--602},
  year={2023},
  publisher={IEEE}
}

@misc{folorunsho2024nonlinearcontrolstabilityanalysis,
      title={Nonlinear control and stability analysis of a unified Tethered UAV-winder system}, 
      author={Samuel Folorunsho and Maggie Ni and William Norris},
      year={2024},
      eprint={2412.09502},
      archivePrefix={arXiv},
      primaryClass={eess.SY},
      url={https://arxiv.org/abs/2412.09502}, 
}

@inproceedings{liu2021dynamic,
  title={Dynamic Modeling and Motion Stability Analysis of Tethered UAV},
  author={Liu, Chen and Ding, Li and Gu, JiaHui},
  booktitle={2021 5th International Conference on Robotics and Automation Sciences (ICRAS)},
  pages={106--110},
  year={2021},
  organization={IEEE}
}
@article{constantin2010nagumo,
  title={On Nagumo's theorem},
  author={Constantin, Adrian},
  year={2010}
}