@INPROCEEDINGS{10622193,
  author={Zhou, Yuan and Hu, Rose Qingyang and Qian, Yi},
  booktitle={ICC 2024 - IEEE International Conference on Communications}, 
  title={Backdoor Attacks and Defenses on Semantic-Symbol Reconstruction in Semantic Communications}, 
  year={2024},
  volume={},
  number={},
  pages={734-739},
  keywords={Training;Deep learning;Wireless communication;Simulation;Semantics;Reverse engineering;Symbols;Deep learning;semantic communication;back-door attacks},
  doi={10.1109/ICC51166.2024.10622193}}

@ARTICLE{10643310,
  author={Peng, Jincheng and Xing, Huanlai and Xu, Lexi and Luo, Shouxi and Dai, Penglin and Feng, Li and Song, Jing and Zhao, Bowen and Xiao, Zhiwen},
  journal={IEEE Transactions on Mobile Computing}, 
  title={Adversarial Reinforcement Learning Based Data Poisoning Attacks Defense for Task-Oriented Multi-User Semantic Communication}, 
  year={2024},
  volume={23},
  number={12},
  pages={14834-14851},
  keywords={Semantics;Data models;Task analysis;Training;Noise;Training data;Feature extraction;Adversarial training;data poisoning attacks;reinforcement learning;semantic communication},
  doi={10.1109/TMC.2024.3447087}}

@INPROCEEDINGS{10655192,
  author={Ishmam, Alvi Md and Thomas, Christopher},
  booktitle={2024 IEEE/CVF Conference on Computer Vision and Pattern Recognition (CVPR)}, 
  title={Semantic Shield: Defending Vision-Language Models Against Backdooring and Poisoning via Fine-Grained Knowledge Alignment}, 
  year={2024},
  volume={},
  number={},
  pages={24820-24830},
  keywords={Training;Visualization;Computer vision;Correlation;Computational modeling;Large language models;Semantics;Adversarial attack and defense;Vision languge model},
  doi={10.1109/CVPR52733.2024.02344}}

