@ARTICLE{10598360,
  author={Xu, Xiaodong and Chen, Yue and Wang, Bizhu and Bian, Zhiqiang and Han, Shujun and Dong, Chen and Sun, Chen and Zhang, Wenqi and Xu, Lexi and Zhang, Ping},
  journal={IEEE Transactions on Vehicular Technology}, 
  title={CSBA: Covert Semantic Backdoor Attack Against Intelligent Connected Vehicles}, 
  year={2024},
  volume={73},
  number={11},
  pages={17923-17928},
  keywords={Semantics;Image reconstruction;Decoding;Data models;Feature extraction;Wireless communication;Roads;Semantic communication;intelligent connected vehicles;target-semantic backdoor;covert attacks},
  doi={10.1109/TVT.2024.3427713}}

@INPROCEEDINGS{10089692,
  author={Sagduyu, Yalin E. and Erpek, Tugba and Ulukus, Sennur and Yener, Aylin},
  booktitle={2023 57th Annual Conference on Information Sciences and Systems (CISS)}, 
  title={Vulnerabilities of Deep Learning-Driven Semantic Communications to Backdoor (Trojan) Attacks}, 
  year={2023},
  volume={},
  number={},
  pages={1-6},
  keywords={Training;Transmitters;Design methodology;Semantics;Training data;Receivers;Trojan horses;Semantic communications;deep learning;ad-versarial machine learning;backdoor attacks;Trojan attacks},
  doi={10.1109/CISS56502.2023.10089692}}

@ARTICLE{9955312,
  author={Yang, Wanting and Du, Hongyang and Liew, Zi Qin and Lim, Wei Yang Bryan and Xiong, Zehui and Niyato, Dusit and Chi, Xuefen and Shen, Xuemin and Miao, Chunyan},
  journal={IEEE Communications Surveys \& Tutorials}, 
  title={Semantic Communications for Future Internet: Fundamentals, Applications, and Challenges}, 
  year={2023},
  volume={25},
  number={1},
  pages={213-250},
  keywords={6G mobile communication;Semantics;Measurement;Internet;Electronic mail;Channel coding;Metaverse;Semantic communication;sixth-generation Internet;goal-oriented communication;effectiveness coding;artificial intelligence},
  doi={10.1109/COMST.2022.3223224}}

@ARTICLE{9679803,
  author={Luo, Xuewen and Chen, Hsiao-Hwa and Guo, Qing},
  journal={IEEE Wireless Communications}, 
  title={Semantic Communications: Overview, Open Issues, and Future Research Directions}, 
  year={2022},
  volume={29},
  number={1},
  pages={210-219},
  keywords={Semantics;Encoding;Decoding;Communication systems;Receivers;Feature extraction;Wireless communication},
  doi={10.1109/MWC.101.2100269}}

@INPROCEEDINGS{10419809,
  author={Ren, Tianjing and Wu, Hao},
  booktitle={2023 IEEE 23rd International Conference on Communication Technology (ICCT)}, 
  title={Asymmetric Semantic Communication System Based on Diffusion Model in IoT}, 
  year={2023},
  volume={},
  number={},
  pages={1-6},
  keywords={Computational modeling;Semantic segmentation;Semantics;Robustness;Communication networks;Internet of Things;Load modeling;Asymmetric semantic communication network;diffusion model;image semantic information transmission and recovery},
  doi={10.1109/ICCT59356.2023.10419809}}

@ARTICLE{9802938,
  author={Li, Yiming and Jiang, Yong and Li, Zhifeng and Xia, Shu-Tao},
  journal={IEEE Transactions on Neural Networks and Learning Systems}, 
  title={Backdoor Learning: A Survey}, 
  year={2024},
  volume={35},
  number={1},
  pages={5-22},
  keywords={Training;Predictive models;Taxonomy;Task analysis;Schedules;Deep learning;Security;AI security;backdoor attack;backdoor defense;backdoor learning;deep learning},
  doi={10.1109/TNNLS.2022.3182979}}

@INPROCEEDINGS{10538757,
  author={Li, Shuai and Wen, Yu and Cheng, Xu},
  booktitle={2023 IEEE 22nd International Conference on Trust, Security and Privacy in Computing and Communications (TrustCom)}, 
  title={Towards Dynamic Backdoor Attacks against LiDAR Semantic Segmentation in Autonomous Driving}, 
  year={2023},
  volume={},
  number={},
  pages={89-98},
  keywords={Training;Point cloud compression;Privacy;Laser radar;Three-dimensional displays;Semantic segmentation;Security;backdoor attack;LiDAR semantic segmentation},
  doi={10.1109/TrustCom60117.2023.00034}}

@INPROCEEDINGS{10622193,
  author={Zhou, Yuan and Hu, Rose Qingyang and Qian, Yi},
  booktitle={ICC 2024 - IEEE International Conference on Communications}, 
  title={Backdoor Attacks and Defenses on Semantic-Symbol Reconstruction in Semantic Communications}, 
  year={2024},
  volume={},
  number={},
  pages={734-739},
  keywords={Training;Deep learning;Wireless communication;Simulation;Semantics;Reverse engineering;Symbols;Deep learning;semantic communication;back-door attacks},
  doi={10.1109/ICC51166.2024.10622193}}

@INPROCEEDINGS{9685667,
  author={Huang, Danlan and Tao, Xiaoming and Gao, Feifei and Lu, Jianhua},
  booktitle={2021 IEEE Global Communications Conference (GLOBECOM)}, 
  title={Deep Learning-Based Image Semantic Coding for Semantic Communications}, 
  year={2021},
  volume={},
  number={},
  pages={1-6},
  keywords={Measurement;Video coding;Image coding;Semantics;Bit rate;Transform coding;Distortion;Generative adversarial networks;image semantic coding;semantic communications;deep learning;perceptual metric},
  doi={10.1109/GLOBECOM46510.2021.9685667}}

@ARTICLE{10643310,
  author={Peng, Jincheng and Xing, Huanlai and Xu, Lexi and Luo, Shouxi and Dai, Penglin and Feng, Li and Song, Jing and Zhao, Bowen and Xiao, Zhiwen},
  journal={IEEE Transactions on Mobile Computing}, 
  title={Adversarial Reinforcement Learning Based Data Poisoning Attacks Defense for Task-Oriented Multi-User Semantic Communication}, 
  year={2024},
  volume={23},
  number={12},
  pages={14834-14851},
  keywords={Semantics;Data models;Task analysis;Training;Noise;Training data;Feature extraction;Adversarial training;data poisoning attacks;reinforcement learning;semantic communication},
  doi={10.1109/TMC.2024.3447087}}

@INPROCEEDINGS{10655192,
  author={Ishmam, Alvi Md and Thomas, Christopher},
  booktitle={2024 IEEE/CVF Conference on Computer Vision and Pattern Recognition (CVPR)}, 
  title={Semantic Shield: Defending Vision-Language Models Against Backdooring and Poisoning via Fine-Grained Knowledge Alignment}, 
  year={2024},
  volume={},
  number={},
  pages={24820-24830},
  keywords={Training;Visualization;Computer vision;Correlation;Computational modeling;Large language models;Semantics;Adversarial attack and defense;Vision languge model},
  doi={10.1109/CVPR52733.2024.02344}}

@INPROCEEDINGS{10233481,
  author={Chen, Mingkai and Liu, Minghao and Wang, Wenjun and Dou, Haie and Wang, Lei},
  booktitle={2023 IEEE/CIC International Conference on Communications in China (ICCC)}, 
  title={Cross-modal Semantic Communications in 6G}, 
  year={2023},
  volume={},
  number={},
  pages={1-6},
  keywords={Deep learning;6G mobile communication;Training;Simulation;Semantics;Encoding;Decoding;cross-modal signal processing;semantic communication;deep learning;similarity evaluation},
  doi={10.1109/ICCC57788.2023.10233481}}

@INPROCEEDINGS{9771768,
  author={Wu, Qianwen and Liu, Fangfang and Xia, Hailun and Zhang, Tingxuan},
  booktitle={2022 IEEE Wireless Communications and Networking Conference (WCNC)}, 
  title={Semantic Transfer Between Different Tasks in the Semantic Communication System}, 
  year={2022},
  volume={},
  number={},
  pages={566-571},
  keywords={Performance evaluation;Training;Lead acid batteries;Communication systems;Transmitters;Semantics;Transfer learning;Transfer Learning;Semantic Communication;Few-shot Detection;Internet of Things},
  doi={10.1109/WCNC51071.2022.9771768}}

@INPROCEEDINGS{7889500,
  author={Zhang, Shuai and Yen, I-Ling and Bastani, Farokh and Moeini, Hessam and Moore, Darnell},
  booktitle={2017 IEEE 11th International Conference on Semantic Computing (ICSC)}, 
  title={A Semantic Model for Information Sharing in Autonomous Vehicle Systems}, 
  year={2017},
  volume={},
  number={},
  pages={32-39},
  keywords={Semantics;Roads;Ontologies;Data models;Decision making;Autonomous vehicles;Trajectory;autonomous vehicle (AV);vehicular cloud;intelligent transportation;semantic ontology},
  doi={10.1109/ICSC.2017.93}}

@INPROCEEDINGS{10588546,
  author={Ribouh, Soheyb and Hadid, Abdenour},
  booktitle={2024 IEEE Intelligent Vehicles Symposium (IV)}, 
  title={SEECAD: Semantic End-to-End Communication for Autonomous Driving}, 
  year={2024},
  volume={},
  number={},
  pages={1808-1813},
  keywords={Wireless communication;Image segmentation;Accuracy;Quadrature amplitude modulation;Image communication;Semantics;Deep architecture;Semantic communication;6G;Deep learning;Autonomous driving;Image transmission;Semantic encoder/decoder},
  doi={10.1109/IV55156.2024.10588546}}



