@book{Hoffmann2005,
author = {Heiko Hoffmann},
title = {Unsupervised Learning of Visuomotor Associations},
series = {{MPI} Series in Biological Cybernetics},
volume = 11,
year = 2005,
publisher = {Logos Verlag Berlin}
}

@inproceedings{gilitschenski2019,
  title={Deep orientation uncertainty learning based on a bingham loss},
  author={Gilitschenski, Igor and Sahoo, Roshni and Schwarting, Wilko and Amini, Alexander and Karaman, Sertac and Rus, Daniela},
  booktitle={International conference on learning representations},
  year={2019}
}

@inproceedings{manhardt2019,
  title={Explaining the ambiguity of object detection and 6d pose from visual data},
  author={Manhardt, Fabian and Arroyo, Diego Martin and Rupprecht, Christian and Busam, Benjamin and Birdal, Tolga and Navab, Nassir and Tombari, Federico},
  booktitle={Proceedings of the IEEE/CVF International Conference on Computer Vision},
  pages={6841--6850},
  year={2019}
}

@article{murphy2021,
  title={Implicit-pdf: Non-parametric representation of probability distributions on the rotation manifold},
  author={Murphy, Kieran and Esteves, Carlos and Jampani, Varun and Ramalingam, Srikumar and Makadia, Ameesh},
  journal={arXiv preprint arXiv:2106.05965},
  year={2021}
}

