@article{BubeckC12,
  author       = {S{\'{e}}bastien Bubeck and
                  Nicol{\`{o}} Cesa{-}Bianchi},
  title        = {Regret Analysis of Stochastic and Nonstochastic Multi-armed Bandit
                  Problems},
  journal      = {Foundations and TrendsÂ® in Machine Learning},
  volume       = {5},
  number       = {1},
  pages        = {1--122},
  year         = {2012},
  url          = {https://doi.org/10.1561/2200000024},
  doi          = {10.1561/2200000024},
  timestamp    = {Thu, 18 Jun 2020 22:08:17 +0200},
  biburl       = {https://dblp.org/rec/journals/ftml/BubeckC12.bib},
  bibsource    = {dblp computer science bibliography, https://dblp.org}
}

@article{alphafold,
  title={Highly accurate protein structure prediction with AlphaFold},
  author={Jumper, John and Evans, Richard and Pritzel, Alexander and Green, Tim and Figurnov, Michael and Ronneberger, Olaf and Tunyasuvunakool, Kathryn and Bates, Russ and {\v{Z}}{\'\i}dek, Augustin and Potapenko, Anna and others},
  journal={Nature},
  volume={596},
  number={7873},
  pages={583--589},
  year={2021},
  publisher={Nature Publishing Group}
}

@article{audibert2009exploration,
  author       = {Jean{-}Yves Audibert and
                  R{\'{e}}mi Munos and
                  Csaba Szepesv{\'{a}}ri},
  title        = {Exploration-exploitation tradeoff using variance estimates in multi-armed
                  bandits},
  journal      = {Theoretical Computer Science},
  volume       = {410},
  number       = {19},
  pages        = {1876--1902},
  year         = {2009},
  url          = {https://doi.org/10.1016/j.tcs.2009.01.016},
  doi          = {10.1016/J.TCS.2009.01.016},
  timestamp    = {Wed, 17 Feb 2021 22:00:14 +0100},
  biburl       = {https://dblp.org/rec/journals/tcs/AudibertMS09.bib},
  bibsource    = {dblp computer science bibliography, https://dblp.org}
}

@article{auer2002finite,
  author       = {Peter Auer and
                  Nicol{\`{o}} Cesa{-}Bianchi and
                  Paul Fischer},
  title        = {Finite-time Analysis of the Multiarmed Bandit Problem},
  journal      = {Machine Learning},
  volume       = {47},
  number       = {2-3},
  pages        = {235--256},
  year         = {2002},
  url          = {https://doi.org/10.1023/A:1013689704352},
  doi          = {10.1023/A:1013689704352},
  timestamp    = {Mon, 02 Mar 2020 16:28:55 +0100},
  biburl       = {https://dblp.org/rec/journals/ml/AuerCF02.bib},
  bibsource    = {dblp computer science bibliography, https://dblp.org}
}

@article{cowling2012information,
  author       = {Peter I. Cowling and
                  Edward Jack Powley and
                  Daniel Whitehouse},
  title        = {Information Set Monte Carlo Tree Search},
  journal      = {{IEEE} Transactions on Computational Intelligence and {AI} in Games},
  volume       = {4},
  number       = {2},
  pages        = {120--143},
  year         = {2012},
  url          = {https://doi.org/10.1109/TCIAIG.2012.2200894},
  doi          = {10.1109/TCIAIG.2012.2200894},
  timestamp    = {Wed, 13 May 2020 17:18:30 +0200},
  biburl       = {https://dblp.org/rec/journals/tciaig/CowlingPW12.bib},
  bibsource    = {dblp computer science bibliography, https://dblp.org}
}

@inproceedings{dampower,
  year={2024},
  title={Power Mean Estimation in Stochastic Monte-Carlo Tree Search},
  author={Dam, Tuan Quang and Maillard, Odalric-Ambrym and Kaufmann, Emilie},
  booktitle={The 40th Conference on Uncertainty in Artificial Intelligence}
}

@article{ginsberg2001gib,
  author       = {Matthew L. Ginsberg},
  title        = {{GIB:} Imperfect Information in a Computationally Challenging Game},
  journal      = {Journal of Artificial Intelligence Research},
  volume       = {14},
  pages        = {303--358},
  year         = {2001},
  url          = {https://doi.org/10.1613/jair.820},
  doi          = {10.1613/JAIR.820},
  timestamp    = {Mon, 21 Jan 2019 15:01:17 +0100},
  biburl       = {https://dblp.org/rec/journals/jair/Ginsberg01.bib},
  bibsource    = {dblp computer science bibliography, https://dblp.org}
}

@inproceedings{kocsis2006bandit,
  author       = {Levente Kocsis and
                  Csaba Szepesv{\'{a}}ri},
  editor       = {Johannes F{\"{u}}rnkranz and
                  Tobias Scheffer and
                  Myra Spiliopoulou},
  title        = {Bandit Based Monte-Carlo Planning},
  booktitle    = {Machine Learning: {ECML} 2006, 17th European Conference on Machine
                  Learning, Berlin, Germany, September 18-22, 2006, Proceedings},
  series       = {Lecture Notes in Computer Science},
  volume       = {4212},
  pages        = {282--293},
  publisher    = {Springer},
  year         = {2006},
  url          = {https://doi.org/10.1007/11871842\_29},
  doi          = {10.1007/11871842\_29},
  timestamp    = {Tue, 14 May 2019 10:00:54 +0200},
  biburl       = {https://dblp.org/rec/conf/ecml/KocsisS06.bib},
  bibsource    = {dblp computer science bibliography, https://dblp.org}
}

@inproceedings{long2010understanding,
  author       = {Jeffrey Richard Long and
                  Nathan R. Sturtevant and
                  Michael Buro and
                  Timothy Furtak},
  editor       = {Maria Fox and
                  David Poole},
  title        = {Understanding the Success of Perfect Information Monte Carlo Sampling
                  in Game Tree Search},
  booktitle    = {Proceedings of the Twenty-Fourth {AAAI} Conference on Artificial Intelligence,
                  {AAAI} 2010, Atlanta, Georgia, USA, July 11-15, 2010},
  pages        = {134--140},
  publisher    = {{AAAI} Press},
  year         = {2010},
  url          = {https://doi.org/10.1609/aaai.v24i1.7562},
  doi          = {10.1609/AAAI.V24I1.7562},
  timestamp    = {Mon, 04 Sep 2023 16:50:26 +0200},
  biburl       = {https://dblp.org/rec/conf/aaai/LongSBF10.bib},
  bibsource    = {dblp computer science bibliography, https://dblp.org}
}

@article{shah2020non,
  author       = {Devavrat Shah and
                  Qiaomin Xie and
                  Zhi Xu},
  title        = {Nonasymptotic Analysis of Monte Carlo Tree Search},
  journal      = {Operations Research},
  volume       = {70},
  number       = {6},
  pages        = {3234--3260},
  year         = {2022},
  url          = {https://doi.org/10.1287/opre.2021.2239},
  doi          = {10.1287/OPRE.2021.2239},
  timestamp    = {Fri, 18 Aug 2023 08:46:06 +0200},
  biburl       = {https://dblp.org/rec/journals/ior/ShahXX22.bib},
  bibsource    = {dblp computer science bibliography, https://dblp.org}
}

@article{silver2017mastering,
  author       = {David Silver and
                  Julian Schrittwieser and
                  Karen Simonyan and
                  Ioannis Antonoglou and
                  Aja Huang and
                  Arthur Guez and
                  Thomas Hubert and
                  Lucas Baker and
                  Matthew Lai and
                  Adrian Bolton and
                  Yutian Chen and
                  Timothy P. Lillicrap and
                  Fan Hui and
                  Laurent Sifre and
                  George van den Driessche and
                  Thore Graepel and
                  Demis Hassabis},
  title        = {Mastering the game of Go without human knowledge},
  journal      = {Nature},
  volume       = {550},
  number       = {7676},
  pages        = {354--359},
  year         = {2017},
  url          = {https://doi.org/10.1038/nature24270},
  doi          = {10.1038/NATURE24270},
  timestamp    = {Mon, 22 Jul 2024 08:26:52 +0200},
  biburl       = {https://dblp.org/rec/journals/nature/SilverSSAHGHBLB17.bib},
  bibsource    = {dblp computer science bibliography, https://dblp.org}
}

@article{silver2018general,
  title={A general reinforcement learning algorithm that masters chess, shogi, and Go through self-play},
  author={Silver, David and Hubert, Thomas and Schrittwieser, Julian and Antonoglou, Ioannis and Lai, Matthew and Guez, Arthur and Lanctot, Marc and Sifre, Laurent and Kumaran, Dharshan and Graepel, Thore and others},
  journal={Science},
  volume={362},
  number={6419},
  pages={1140--1144},
  year={2018},
  publisher={American Association for the Advancement of Science}
}

