@inproceedings{groleau2023augraphy,
  title={Augraphy: A Data Augmentation Library for Document Images},
  author={Groleau, Alexander and Chee, Kok Wei and Larson, Stefan and Maini, Samay and Boarman, Jonathan},
  booktitle={International Conference on Document Analysis and Recognition},
  pages={384--401},
  year={2023}
}

@inproceedings{he2017mask,
  title={Mask r-cnn},
  author={He, Kaiming and Gkioxari, Georgia and Doll{\'a}r, Piotr and Girshick, Ross},
  booktitle={Proceedings of the IEEE international conference on computer vision},
  pages={2961--2969},
  year={2017}
}

@inproceedings{huang2022layoutlmv3,
  title={Layoutlmv3: Pre-training for document ai with unified text and image masking},
  author={Huang, Yupan and Lv, Tengchao and Cui, Lei and Lu, Yutong and Wei, Furu},
  booktitle={Proceedings of the 30th ACM International Conference on Multimedia},
  pages={4083--4091},
  year={2022}
}

@inproceedings{luo2022doc,
  title={Doc-GCN: Heterogeneous Graph Convolutional Networks for Document Layout Analysis},
  author={Luo, Siwen and Ding, Yihao and Long, Siqu and Poon, Josiah and Han, Soyeon Caren},
  booktitle={Proceedings of the 29th International Conference on Computational Linguistics},
  pages={2906--2916},
  year={2022}
}

@article{ren2015faster,
  title={Faster r-cnn: Towards real-time object detection with region proposal networks},
  author={Ren, Shaoqing and He, Kaiming and Girshick, Ross and Sun, Jian},
  journal={Advances in neural information processing systems},
  volume={28},
  year={2015}
}

@article{shorten2019survey,
  title={A survey on image data augmentation for deep learning},
  author={Shorten, Connor and Khoshgoftaar, Taghi M},
  journal={Journal of big data},
  volume={6},
  number={1},
  pages={1--48},
  year={2019},
  publisher={Springer}
}

