@article{BULANON200912,
	title = "Image fusion of visible and thermal images for fruit detection",
	journal = "Biosystems Engineering",
	volume = "103",
	number = "1",
	pages = "12 - 22",
	year = "2009",
	author = "D.M. Bulanon and T.F. Burks and V. Alchanatis",
}

@inproceedings{DBLP:conf/aaai/VinogradovaDM20,
  author    = {Kira Vinogradova and
               Alexandr Dibrov and
               Gene Myers},
  title     = {Towards Interpretable Semantic Segmentation via Gradient-Weighted
               Class Activation Mapping (Student Abstract)},
  booktitle = {Proceedings of the AAAI conference on artificial intelligence (AAAI)},
  pages     = {13943--13944},
  year      = {2020}
}

@inproceedings{DBLP:conf/aaai/Xu0LJG20,
  author    = {Han Xu and
               Jiayi Ma and
               Zhuliang Le and
               Junjun Jiang and
               Xiaojie Guo},
  title     = {FusionDN: {A} Unified Densely Connected Network for Image Fusion},
  booktitle = {Proceedings of the AAAI conference on artificial intelligence (AAAI)},
  pages     = {12484--12491},
  publisher = {Proceedings of the AAAI conference on artificial intelligence (AAAI) Press},
  year      = {2020}
}

@inproceedings{DBLP:conf/cvpr/GuD21,
  author    = {Jinjin Gu and
               Chao Dong},
  title     = {Interpreting Super-Resolution Networks With Local Attribution Maps},
  booktitle = {Proceedings of the IEEE/CVF Conference on Computer Vision and Pattern Recognition (CVPR)},
  pages     = {9199--9208},
  publisher = {{Computer Vision
Foundation / IEEE}},
  year      = {2021}
}

@inproceedings{DBLP:conf/cvpr/LiuFHWLZL22,
  author    = {Jinyuan Liu and
               Xin Fan and
               Zhanbo Huang and
               Guanyao Wu and
               Risheng Liu and
               Wei Zhong and
               Zhongxuan Luo},
  title     = {Target-aware Dual Adversarial Learning and a Multi-scenario Multi-Modality
               Benchmark to Fuse Infrared and Visible for Object Detection},
  booktitle = {Proceedings of the IEEE/CVF Conference on Computer Vision and Pattern Recognition (CVPR)},
  pages     = {5792--5801},
  publisher = {{Computer Vision
Foundation / IEEE}},
  year      = {2022}
}

@inproceedings{DBLP:conf/cvpr/ShenGTZ20,
  author    = {Yujun Shen and
               Jinjin Gu and
               Xiaoou Tang and
               Bolei Zhou},
  title     = {Interpreting the Latent Space of GANs for Semantic Face Editing},
  booktitle = {Proceedings of the IEEE/CVF Conference on Computer Vision and Pattern Recognition (CVPR)},
  pages     = {9240--9249},
  publisher = {{Computer Vision
Foundation / IEEE}},
  year      = {2020}
}

@inproceedings{DBLP:conf/cvpr/Xu0YLL22,
  author    = {Han Xu and
               Jiayi Ma and
               Jiteng Yuan and
               Zhuliang Le and
               Wei Liu},
  title     = {RFNet: Unsupervised Network for Mutually Reinforcing Multi-modal Image
               Registration and Fusion},
  booktitle = {Proceedings of the IEEE/CVF Conference on Computer Vision and Pattern Recognition (CVPR)},
  pages     = {19647--19656},
  publisher = {{Computer Vision
Foundation / IEEE}},
  year      = {2022}
}

@inproceedings{DBLP:conf/cvpr/Xu0ZSL021,
  author    = {Shuang Xu and
               Jiangshe Zhang and
               Zixiang Zhao and
               Kai Sun and
               Junmin Liu and
               Chunxia Zhang},
  title     = {Deep Gradient Projection Networks for Pan-sharpening},
  booktitle = {Proceedings of the IEEE/CVF Conference on Computer Vision and Pattern Recognition (CVPR)},
  pages     = {1366--1375},
  year      = {2021}
}

@inproceedings{DBLP:conf/cvpr/ZhangGT20,
  author       = {Kai Zhang and
                  Luc Van Gool and
                  Radu Timofte},
  title        = {Deep Unfolding Network for Image Super-Resolution},
  booktitle    = {Proceedings of the IEEE/CVF Conference on Computer Vision and Pattern Recognition (CVPR)},
  pages        = {3214--3223},
  year         = {2020}
}

@inproceedings{DBLP:conf/cvpr/ZhangZGZ17,
  author       = {Kai Zhang and
                  Wangmeng Zuo and
                  Shuhang Gu and
                  Lei Zhang},
  title        = {Learning Deep {CNN} Denoiser Prior for Image Restoration},
  booktitle    = {Proceedings of the IEEE/CVF Conference on Computer Vision and Pattern Recognition (CVPR)},
  pages        = {2808--2817},
  year         = {2017}
}

@inproceedings{DBLP:conf/cvpr/ZhaoZXLP22,
  author       = {Zixiang Zhao and
                  Jiangshe Zhang and
                  Shuang Xu and
                  Zudi Lin and
                  Hanspeter Pfister},
  title        = {Discrete Cosine Transform Network for Guided Depth Map Super-Resolution},
  booktitle    = {Proceedings of the IEEE/CVF Conference on Computer Vision and Pattern Recognition (CVPR)},
  pages        = {5687--5697},
  year         = {2022}
}

@inproceedings{DBLP:conf/cvpr/ZhouKLOT16,
  author    = {Bolei Zhou and
               Aditya Khosla and
               {\`{A}}gata Lapedriza and
               Aude Oliva and
               Antonio Torralba},
  title     = {Learning Deep Features for Discriminative Localization},
  booktitle = {Proceedings of the IEEE/CVF Conference on Computer Vision and Pattern Recognition (CVPR)},
  pages     = {2921--2929},
  publisher = {{Computer Vision
Foundation / IEEE}},
  year      = {2016}
}

@inproceedings{DBLP:conf/eccv/HuangLFLZL22,
  author    = {Zhanbo Huang and
               Jinyuan Liu and
               Xin Fan and
               Risheng Liu and
               Wei Zhong and
               Zhongxuan Luo},
  title     = {ReCoNet: Recurrent Correction Network for Fast and Efficient Multi-modality
               Image Fusion},
  booktitle = {Proceedings of the European Conference on Computer Vision (ECCV)},
  series    = {Lecture Notes in Computer Science},
  volume    = {13678},
  pages     = {539--555},
  publisher = {Springer},
  year      = {2022}
}

@inproceedings{DBLP:conf/eccv/LiangJLM22,
  author    = {Pengwei Liang and
               Junjun Jiang and
               Xianming Liu and
               Jiayi Ma},
  title     = {Fusion from Decomposition: {A} Self-Supervised Decomposition Approach
               for Image Fusion},
  booktitle = {Proceedings of the European Conference on Computer Vision (ECCV)},
  series    = {Lecture Notes in Computer Science},
  volume    = {13678},
  pages     = {719--735},
  publisher = {Springer},
  year      = {2022}
}

@inproceedings{DBLP:conf/eccv/ZeilerF14,
  author    = {Matthew D. Zeiler and
               Rob Fergus},
  title     = {Visualizing and Understanding Convolutional Networks},
  booktitle = {Proceedings of the European Conference on Computer Vision (ECCV)},
  series    = {Lecture Notes in Computer Science},
  volume    = {8689},
  pages     = {818--833},
  publisher = {Springer},
  year      = {2014}
}

@inproceedings{DBLP:conf/iccv/LiuPRS19,
  author       = {Yang Liu and
                  Jinshan Pan and
                  Jimmy S. J. Ren and
                  Zhixun Su},
  title        = {Learning Deep Priors for Image Dehazing},
  booktitle    = {{ICCV}},
  pages        = {2492--2500},
  publisher = {{IEEE} Computer Society},
  year         = {2019}
}

@inproceedings{DBLP:conf/iccv/SelvarajuCDVPB17,
  author    = {Ramprasaath R. Selvaraju and
               Michael Cogswell and
               Abhishek Das and
               Ramakrishna Vedantam and
               Devi Parikh and
               Dhruv Batra},
  title     = {Grad-CAM: Visual Explanations from Deep Networks via Gradient-Based
               Localization},
  booktitle = {Proceedings of the IEEE International Conference on Computer Vision (ICCV)},
  pages     = {618--626},
  publisher = {{IEEE} Computer Society},
  year      = {2017}
}

@inproceedings{DBLP:conf/icip/CvejicLBC06,
  author    = {Nedeljko Cvejic and
               John J. Lewis and
               David R. Bull and
               Cedric Nishan Canagarajah},
  title     = {Region-Based Multimodal Image Fusion using {ICA} Bases},
  booktitle = {IEEE International Conference on Image Processing (ICIP)},
  pages     = {1801--1804},
  publisher = {{IEEE}},
  year      = {2006}
}

@inproceedings{DBLP:conf/icip/ZhangWMW04,
  author    = {Junying Zhang and
               Le Wei and
               Qiguang Miao and
               Yue Joseph Wang},
  title     = {Image fusion based on non-negative matrix factorization},
  booktitle = {IEEE International Conference on Image Processing (ICIP)},
  pages     = {973--976},
  publisher = {{IEEE}},
  year      = {2004}
}

@inproceedings{DBLP:conf/iclr/BauZSZTFT19,
  author    = {David Bau and
               Jun{-}Yan Zhu and
               Hendrik Strobelt and
               Bolei Zhou and
               Joshua B. Tenenbaum and
               William T. Freeman and
               Antonio Torralba},
  title     = {{GAN} Dissection: Visualizing and Understanding Generative Adversarial
               Networks},
  booktitle = {Proceedings of theInternational Conference on Learning Representations (ICLR)},
  publisher = {OpenReview.net},
  year      = {2019}
}

@inproceedings{DBLP:conf/icml/GregorL10,
  author       = {Karol Gregor and
                  Yann LeCun},
  editor       = {Johannes F{\"{u}}rnkranz and
                  Thorsten Joachims},
  title        = {Learning Fast Approximations of Sparse Coding},
  booktitle    = {Proceedings of the International Conference on Machine Learning (ICML)},
  pages        = {399--406},
  publisher    = {Omnipress},
  year         = {2010},
  timestamp    = {Wed, 03 Apr 2019 17:43:36 +0200},
  biburl       = {https://dblp.org/rec/conf/icml/GregorL10.bib},
  bibsource    = {dblp computer science bibliography, https://dblp.org}
}

@inproceedings{DBLP:conf/icml/SundararajanTY17,
  author    = {Mukund Sundararajan and
               Ankur Taly and
               Qiqi Yan},
  title     = {Axiomatic Attribution for Deep Networks},
  booktitle = {{ICML}},
  series    = {Proceedings of the European Conference on Computer Vision (ECCV)},
  volume    = {70},
  pages     = {3319--3328},
  publisher = {{PMLR}},
  year      = {2017}
}

@inproceedings{DBLP:conf/ijcai/WangLFL22,
  author    = {Di Wang and
               Jinyuan Liu and
               Xin Fan and
               Risheng Liu},
  title     = {Unsupervised Misaligned Infrared and Visible Image Fusion via Cross-Modality
               Image Generation and Registration},
  booktitle = {Proceedings of the Thirtieth International Joint Conference on Artificial Intelligence (IJCAI)},
  pages     = {3508--3515},
  publisher = {ijcai.org},
  year      = {2022}
}

@inproceedings{DBLP:conf/ijcai/ZhaoXZLZL20,
  author    = {Zixiang Zhao and
               Shuang Xu and
               Chunxia Zhang and
               Junmin Liu and
               Jiangshe Zhang and
               Pengfei Li},
  title     = {DIDFuse: Deep Image Decomposition for Infrared and Visible Image Fusion},
  booktitle = {Proceedings of the Thirtieth International Joint Conference on Artificial Intelligence (IJCAI)},
  pages     = {970--976},
  publisher = {ijcai.org},
  year      = {2020}
}

@inproceedings{DBLP:journals/corr/SimonyanVZ13,
  author    = {Karen Simonyan and
               Andrea Vedaldi and
               Andrew Zisserman},
  title     = {Deep Inside Convolutional Networks: Visualising Image Classification
               Models and Saliency Maps},
  booktitle = {Proceedings of the International Conference on Learning Representations (ICLR) Workshop},
  year      = {2014}
}

@inproceedings{DBLP:journals/corr/SpringenbergDBR14,
  author    = {Jost Tobias Springenberg and
               Alexey Dosovitskiy and
               Thomas Brox and
               Martin A. Riedmiller},
  title     = {Striving for Simplicity: The All Convolutional Net},
  booktitle = {Proceedings of the International Conference on Learning Representations (ICLR) Workshop},
  year      = {2015}
}

@article{DBLP:journals/corr/abs-1805-11393,
  author    = {Sungmin Lee and
               Jangho Lee and
               Jungbeom Lee and
               Chul{-}Kee Park and
               Sungroh Yoon},
  title     = {Robust Tumor Localization with Pyramid Grad-CAM},
  journal   = {CoRR},
  volume    = {abs/1805.11393},
  year      = {2018}
}

@inproceedings{DBLP:journals/corr/abs-2005-08448,
  author       = {Zixiang Zhao and
                  Jiang{-}She Zhang and
                  Haowen Bai and
                  Yicheng Wang and
                  Yukun Cui and
                  Lilun Deng and
                  Kai Sun and
                  Chunxia Zhang and
                  Junmin Liu and
                  Shuang Xu},
  title        = {Deep Convolutional Sparse Coding Networks for Interpretable Image
                  Fusion},
  booktitle    = {Proceedings of the IEEE/CVF Conference on Computer Vision and Pattern Recognition (CVPR) Workshops},
  pages        = {2369--2377},
  publisher = {{Computer Vision
Foundation / IEEE}},
  year         = {2023}
}

@article{DBLP:journals/corr/abs-2211-12108,
  author    = {Armin Kirchknopf and
               Djordje Slijepcevic and
               Ilkay Wunderlich and
               Michael Breiter and
               Johannes Traxler and
               Matthias Zeppelzauer},
  title     = {Explaining {YOLO:} Leveraging Grad-CAM to Explain Object Detections},
  journal   = {CoRR},
  volume    = {abs/2211.12108},
  year      = {2022}
}

@InProceedings{DBLP:journals/corr/abs-2211-14461,
    author    = {Zhao, Zixiang and Bai, Haowen and Zhang, Jiangshe and Zhang, Yulun and Xu, Shuang and Lin, Zudi and Timofte, Radu and Van Gool, Luc},
    title     = {CDDFuse: Correlation-Driven Dual-Branch Feature Decomposition for Multi-Modality Image Fusion},
    booktitle = {Proceedings of the IEEE/CVF Conference on Computer Vision and Pattern Recognition (CVPR)},
    month     = {June},
    year      = {2023},
  publisher = {{Computer Vision Foundation / IEEE}},
    pages     = {5906-5916}
}

@article{DBLP:journals/ijcv/ZhangM21,
  author    = {Hao Zhang and
               Jiayi Ma},
  title     = {SDNet: {A} Versatile Squeeze-and-Decomposition Network for Real-Time
               Image Fusion},
  journal   = {International Journal of Computer Vision},
  volume    = {129},
  number    = {10},
  pages     = {2761--2785},
  year      = {2021}
}

@article{DBLP:journals/ijcv/ZhouYPRXC23,
  author    = {Man Zhou and
               Keyu Yan and
               Jinshan Pan and
               Wenqi Ren and
               Qi Xie and
               Xiangyong Cao},
  title     = {Memory-Augmented Deep Unfolding Network for Guided Image Super-resolution},
  journal   = {International Journal of Computer Vision},
  volume    = {131},
  number    = {1},
  pages     = {215--242},
  year      = {2023}
}

@article{DBLP:journals/ijon/LiuMD17,
  author    = {Xingbin Liu and
               Wenbo Mei and
               Huiqian Du},
  title     = {Structure tensor and nonsubsampled shearlet transform based algorithm
               for {CT} and {MRI} image fusion},
  journal   = {Neurocomputing},
  volume    = {235},
  pages     = {131--139},
  year      = {2017}
}

@article{DBLP:journals/inffus/HuL12,
  author    = {Jianwen Hu and
               Shutao Li},
  title     = {The multiscale directional bilateral filter and its application to
               multisensor image fusion},
  journal   = {Information Fusion},
  volume    = {13},
  number    = {3},
  pages     = {196--206},
  year      = {2012}
}

@article{DBLP:journals/inffus/LiWK21,
  author    = {Hui Li and
               Xiao{-}Jun Wu and
               Josef Kittler},
  title     = {RFN-Nest: An end-to-end residual fusion network for infrared and visible
               images},
  journal   = {Information Fusion},
  volume    = {73},
  pages     = {72--86},
  year      = {2021}
}

@article{DBLP:journals/inffus/MaLYCGWJ20,
  author    = {Jiayi Ma and
               Pengwei Liang and
               Wei Yu and
               Chen Chen and
               Xiaojie Guo and
               Jia Wu and
               Junjun Jiang},
  title     = {Infrared and visible image fusion via detail preserving adversarial
               learning},
  journal   = {Information Fusion},
  volume    = {54},
  pages     = {85--98},
  year      = {2020}
}

@article{DBLP:journals/inffus/MaYLLJ19,
  author    = {Jiayi Ma and
               Wei Yu and
               Pengwei Liang and
               Chang Li and
               Junjun Jiang},
  title     = {FusionGAN: {A} generative adversarial network for infrared and visible
               image fusion},
  journal   = {Information Fusion},
  volume    = {48},
  pages     = {11--26},
  year      = {2019}
}

@article{DBLP:journals/inffus/TangYM22,
  author    = {Linfeng Tang and
               Jiteng Yuan and
               Jiayi Ma},
  title     = {Image fusion in the loop of high-level vision tasks: {A} semantic-aware
               real-time infrared and visible image fusion network},
  journal   = {Information Fusion},
  volume    = {82},
  pages     = {28--42},
  year      = {2022}
}

@article{DBLP:journals/inffus/ZhangLSYZZ20,
  author    = {Yu Zhang and
               Yu Liu and
               Peng Sun and
               Han Yan and
               Xiaolin Zhao and
               Li Zhang},
  title     = {{IFCNN:} {A} general image fusion framework based on convolutional
               neural network},
  journal   = {Information Fusion},
  volume    = {54},
  pages     = {99--118},
  year      = {2020}
}

@article{DBLP:journals/isci/0019LLM020,
  author    = {Jun Chen and
               Xuejiao Li and
               Linbo Luo and
               Xiaoguang Mei and
               Jiayi Ma},
  title     = {Infrared and visible image fusion based on target-enhanced multiscale
               transform decomposition},
  journal   = {Information Sciences},
  volume    = {508},
  pages     = {64--78},
  year      = {2020}
}

@article{DBLP:journals/jmlr/BaehrensSHKHM10,
  author       = {David Baehrens and
                  Timon Schroeter and
                  Stefan Harmeling and
                  Motoaki Kawanabe and
                  Katja Hansen and
                  Klaus{-}Robert M{\"{u}}ller},
  title        = {How to Explain Individual Classification Decisions},
  journal      = {Journal of Machine Learning Research},
  volume       = {11},
  pages        = {1803--1831},
  year         = {2010}
}

@article{DBLP:journals/mta/EKR19,
  author    = {Vakaimalar E and
               Mala K and
               Suresh Babu R},
  title     = {Multifocus image fusion scheme based on discrete cosine transform
               and spatial frequency},
  journal   = {Multimedia Tools and Applications},
  volume    = {78},
  number    = {13},
  pages     = {17573--17587},
  year      = {2019}
}

@article{DBLP:journals/pami/0002D21,
  author    = {Xin Deng and
               Pier Luigi Dragotti},
  title     = {Deep Convolutional Neural Network for Multi-Modal Image Restoration
               and Fusion},
  journal   = {IEEE Transactions on Pattern Analysis and Machine Intelligence},
  volume    = {43},
  number    = {10},
  pages     = {3333--3348},
  year      = {2021}
}

@article{DBLP:journals/pami/DongWYSWL19,
  author       = {Weisheng Dong and
                  Peiyao Wang and
                  Wotao Yin and
                  Guangming Shi and
                  Fangfang Wu and
                  Xiaotong Lu},
  title        = {Denoising Prior Driven Deep Neural Network for Image Restoration},
  journal      = {IEEE Transactions on Pattern Analysis and Machine Intelligence},
  volume       = {41},
  number       = {10},
  pages        = {2305--2318},
  year         = {2019}
}

@article{DBLP:journals/pami/XuMJGL22,
  author    = {Han Xu and
               Jiayi Ma and
               Junjun Jiang and
               Xiaojie Guo and
               Haibin Ling},
  title     = {U2Fusion: {A} Unified Unsupervised Image Fusion Network},
  journal   = {IEEE Transactions on Pattern Analysis and Machine Intelligence},
  volume    = {44},
  number    = {1},
  pages     = {502--518},
  year      = {2022}
}

@article{DBLP:journals/sigpro/LiuJWSD14,
  author    = {Yipeng Liu and
               Jing Jin and
               Qiang Wang and
               Yi Shen and
               Xiaoqiu Dong},
  title     = {Region level based multi-focus image fusion using quaternion wavelet
               and normalized cut},
  journal   = {Signal Processing},
  volume    = {97},
  pages     = {9--30},
  year      = {2014}
}

@article{DBLP:journals/spl/LiuCWW16,
  author    = {Yu Liu and
               Xun Chen and
               Rabab K. Ward and
               Z. Jane Wang},
  title     = {Image Fusion With Convolutional Sparse Representation},
  journal   = {IEEE Signal Processing Letters},
  volume    = {23},
  number    = {12},
  pages     = {1882--1886},
  year      = {2016}
}

@article{DBLP:journals/tci/LiTGME20,
  author       = {Yuelong Li and
                  Mohammad Tofighi and
                  Junyi Geng and
                  Vishal Monga and
                  Yonina C. Eldar},
  title        = {Efficient and Interpretable Deep Blind Image Deblurring Via Algorithm
                  Unrolling},
  journal      = {IEEE Transactions on Image Processing},
  volume       = {6},
  pages        = {666--681},
  year         = {2020},
  doi          = {10.1109/TCI.2020.2964202},
  timestamp    = {Tue, 16 Jun 2020 17:13:54 +0200},
  biburl       = {https://dblp.org/rec/journals/tci/LiTGME20.bib},
  bibsource    = {dblp computer science bibliography, https://dblp.org}
}

@article{DBLP:journals/tcsv/ZhaoXZLZL22,
  author    = {Zixiang Zhao and
               Shuang Xu and
               Jiangshe Zhang and
               Chengyang Liang and
               Chunxia Zhang and
               Junmin Liu},
  title     = {Efficient and Model-Based Infrared and Visible Image Fusion via Algorithm
               Unrolling},
  journal   = {IEEE Transactions on Circuits and Systems for Video Technology},
  volume    = {32},
  number    = {3},
  pages     = {1186--1196},
  year      = {2022}
}

@article{DBLP:journals/tim/LiWD20,
  author    = {Hui Li and
               Xiao{-}Jun Wu and
               Tariq S. Durrani},
  title     = {NestFuse: An Infrared and Visible Image Fusion Architecture Based
               on Nest Connection and Spatial/Channel Attention Models},
  journal   = {IEEE Transactions on Instrumentation and Measurement},
  volume    = {69},
  number    = {12},
  pages     = {9645--9656},
  year      = {2020}
}

@article{DBLP:journals/tip/LiW19,
  author    = {Hui Li and
               Xiao{-}Jun Wu},
  title     = {DenseFuse: {A} Fusion Approach to Infrared and Visible Images},
  journal   = {IEEE Transactions on Image Processing},
  volume    = {28},
  number    = {5},
  pages     = {2614--2623},
  year      = {2019}
}

@article{DBLP:journals/tip/LiWK20,
  author    = {Hui Li and
               Xiao{-}Jun Wu and
               Josef Kittler},
  title     = {MDLatLRR: {A} Novel Decomposition Method for Infrared and Visible
               Image Fusion},
  journal   = {IEEE Transactions on Image Processing},
  volume    = {29},
  pages     = {4733--4746},
  year      = {2020}
}

@article{DBLP:journals/tip/MaXJMZ20,
  author    = {Jiayi Ma and
               Han Xu and
               Junjun Jiang and
               Xiaoguang Mei and
               Xiao{-}Ping (Steven) Zhang},
  title     = {DDcGAN: {A} Dual-Discriminator Conditional Generative Adversarial
               Network for Multi-Resolution Image Fusion},
  journal   = {IEEE Transactions on Image Processing},
  volume    = {29},
  pages     = {4980--4995},
  year      = {2020}
}

@article{DBLP:journals/tip/MarivaniTCD20,
  author       = {Iman Marivani and
                  Evaggelia Tsiligianni and
                  Bruno Cornelis and
                  Nikos Deligiannis},
  title        = {Multimodal Deep Unfolding for Guided Image Super-Resolution},
  journal      = {IEEE Transactions on Image Processing},
  volume       = {29},
  pages        = {8443--8456},
  year         = {2020}
}

@article{DBLP:journals/tmm/ZhouWZML23,
  author    = {Huabing Zhou and
               Wei Wu and
               Yanduo Zhang and
               Jiayi Ma and
               Haibin Ling},
  title     = {Semantic-Supervised Infrared and Visible Image Fusion Via a Dual-Discriminator
               Generative Adversarial Network},
  journal   = {IEEE Transactions on Multimedia},
  volume    = {25},
  pages     = {635--648},
  year      = {2023}
}

@article{JIN20181,
	title = "Infrared and visual image fusion method based on discrete cosine transform and local spatial frequency in discrete stationary wavelet transform domain",
	journal = "Infrared Physics \& Technology",
	volume = "88",
	pages = "1 - 12",
	year = "2018",
	author = "Xin Jin and Qian Jiang and Shaowen Yao and Dongming Zhou and Rencan Nie and Shin-Jye Lee and Kangjian He",
}

@article{XIANG201553,
	title = "A fusion algorithm for infrared and visible images based on adaptive dual-channel unit-linking PCNN in NSCT domain",
	journal = "Infrared Physics \& Technology",
	volume = "69",
	pages = "53 - 61",
	year = "2015",
	author = "Tianzhu Xiang and Li Yan and Rongrong Gao",
}

@article{deng2019deep,
  title={Deep coupled ISTA network for multi-modal image super-resolution},
  author={Deng, Xin and Dragotti, Pier Luigi},
  journal={IEEE Transactions on Image Processing},
  volume={29},
  pages={1683--1698},
  year={2019},
  publisher={IEEE}
}

@article{li2023lrrnet,
  title={LRRNet: A Novel Representation Learning Guided Fusion Network for Infrared and Visible Images},
  author={Li, Hui and Xu, Tianyang and Wu, Xiao-Jun and Lu, Jiwen and Kittler, Josef},
  journal={IEEE transactions on pattern analysis and machine intelligence},
  year={2023},
  publisher={IEEE}
}

@inproceedings{yang2022memory,
  title={Memory-augmented deep conditional unfolding network for pan-sharpening},
  author={Yang, Gang and Zhou, Man and Yan, Keyu and Liu, Aiping and Fu, Xueyang and Wang, Fan},
  booktitle={Proceedings of the IEEE/CVF Conference on Computer Vision and Pattern Recognition},
  pages={1788--1797},
  year={2022}
}

@inproceedings{zhao2023metafusion,
  title={MetaFusion: Infrared and Visible Image Fusion via Meta-Feature Embedding From Object Detection},
  author={Zhao, Wenda and Xie, Shigeng and Zhao, Fan and He, You and Lu, Huchuan},
  booktitle={Proceedings of the IEEE/CVF Conference on Computer Vision and Pattern Recognition},
  pages={13955--13965},
  year={2023}
}

