@inproceedings{Bansal2019,
  author = {K. Bansal and S. Loos and M. Rabe and C. Szegedy and S. Wilcox},
  title = {HOList: An Environment for Machine Learning of Higher-Order Theorem Proving},
  booktitle = {International Conference on Machine Learning (ICML)},
  year = {2019}
}

@incollection{Harrison2012,
  author = {J. Harrison},
  title = {HOL Light: An Overview},
  booktitle = {Theorem Proving in Higher Order Logics, TPHOLs 2009},
  editor = {S. Berghofer and T. Nipkow and C. Urban and M. Wenzel},
  series = {Lecture Notes in Computer Science},
  volume = {5674},
  pages = {60--66},
  publisher = {Springer},
  address = {Berlin, Heidelberg},
  year = {2009}
}

@inproceedings{Johnson2020,
  author = {A. Johnson and D. Baxley and A. Cheung and J. Halbrook and M. L. Giger},
  title = {Mathematics Understanding through Semantic Theory and Reasoning Development (MUSTARD)},
  booktitle = {Proceedings of the AAAI Conference on Artificial Intelligence},
  volume = {34},
  number = {09},
  pages = {13671--13672},
  year = {2020}
}

@inproceedings{Lample2022,
  author = {G. Lample and F. Charton},
  title = {Deep Learning for Symbolic Mathematics},
  booktitle = {Proceedings of the International Conference on Learning Representations (ICLR)},
  year = {2022}
}

@incollection{Moura2015,
  author = {L. de Moura and S. Kong and J. Avigad and F. van Doorn and J. von Raumer},
  title = {The Lean Theorem Prover (System Description)},
  booktitle = {Automated Deduction â€“ CADE-25},
  editor = {A. Felty and A. Middeldorp},
  series = {Lecture Notes in Computer Science},
  volume = {9195},
  pages = {378--388},
  publisher = {Springer},
  address = {Cham},
  year = {2015}
}

@article{Polu2020,
  author = {S. Polu and I. Sutskever},
  title = {Generative Language Modeling for Automated Theorem Proving},
  journal = {arXiv preprint arXiv:2009.03393},
  year = {2020}
}

@misc{yang2023leandojotheoremprovingretrievalaugmented,
      title={LeanDojo: Theorem Proving with Retrieval-Augmented Language Models}, 
      author={Kaiyu Yang and Aidan M. Swope and Alex Gu and Rahul Chalamala and Peiyang Song and Shixing Yu and Saad Godil and Ryan Prenger and Anima Anandkumar},
      year={2023},
      eprint={2306.15626},
      archivePrefix={arXiv},
      primaryClass={cs.LG},
      url={https://arxiv.org/abs/2306.15626}, 
}

