@article{bachman2019learning,
  title={Learning representations by maximizing mutual information across views},
  author={Bachman, Philip and Hjelm, R Devon and Buchwalter, William},
  journal={Advances in neural information processing systems},
  volume={32},
  year={2019}
}

@inproceedings{barbano2022unbiased,
    author = {Carlo Alberto Barbano and Benoit Dufumier and Enzo Tartaglione and Marco Grangetto and Pietro Gori},
    booktitle = {The Eleventh International Conference on Learning Representations },
    title = {Unbiased Supervised Contrastive Learning},
    url = {https://openreview.net/forum?id=Ph5cJSfD2XN},
    year = {2023}
}

@inproceedings{chen2020simple,
  title={A simple framework for contrastive learning of visual representations},
  author={Chen, Ting and Kornblith, Simon and Norouzi, Mohammad and Hinton, Geoffrey},
  booktitle={International conference on machine learning},
  pages={1597--1607},
  year={2020},
  organization={PMLR}
}

@inproceedings{chen2022perfectly,
  title={Perfectly balanced: Improving transfer and robustness of supervised contrastive learning},
  author={Chen, Mayee and Fu, Daniel Y and Narayan, Avanika and Zhang, Michael and Song, Zhao and Fatahalian, Kayvon and R{\'e}, Christopher},
  booktitle={International Conference on Machine Learning},
  pages={3090--3122},
  year={2022},
  organization={PMLR}
}

@article{chuang2020debiased,
  title={Debiased contrastive learning},
  author={Chuang, Ching-Yao and Robinson, Joshua and Lin, Yen-Chen and Torralba, Antonio and Jegelka, Stefanie},
  journal={Advances in neural information processing systems},
  volume={33},
  pages={8765--8775},
  year={2020}
}

@article{ciortan2021framework,
  title={A framework using contrastive learning for classification with noisy labels},
  author={Ciortan, Madalina and Dupuis, Romain and Peel, Thomas},
  journal={Data},
  volume={6},
  number={6},
  pages={61},
  year={2021},
  publisher={MDPI}
}

@article{dao2021contrast,
  title={Contrast learning visual attention for multi label classification},
  author={Dao, Son D and Ethan, Zhao and Dinh, Phung and Jianfei, Cai},
  journal={arXiv preprint arXiv:2107.11626},
  year={2021}
}

@article{dao2021multi,
  title={Multi-label image classification with contrastive learning},
  author={Dao, Son D and Zhao, Ethan and Phung, Dinh and Cai, Jianfei},
  journal={arXiv preprint arXiv:2107.11626},
  year={2021}
}

@inproceedings{ghosh2021contrastive,
  title={Contrastive learning improves model robustness under label noise},
  author={Ghosh, Aritra and Lan, Andrew},
  booktitle={Proceedings of the IEEE/CVF Conference on Computer Vision and Pattern Recognition},
  pages={2703--2708},
  year={2021}
}

@article{grill2020bootstrap,
  title={Bootstrap your own latent-a new approach to self-supervised learning},
  author={Grill, Jean-Bastien and Strub, Florian and Altch{\'e}, Florent and Tallec, Corentin and Richemond, Pierre and Buchatskaya, Elena and Doersch, Carl and Avila Pires, Bernardo and Guo, Zhaohan and Gheshlaghi Azar, Mohammad and others},
  journal={Advances in neural information processing systems},
  volume={33},
  pages={21271--21284},
  year={2020}
}

@inproceedings{he2020momentum,
  title={Momentum contrast for unsupervised visual representation learning},
  author={He, Kaiming and Fan, Haoqi and Wu, Yuxin and Xie, Saining and Girshick, Ross},
  booktitle={Proceedings of the IEEE/CVF conference on computer vision and pattern recognition},
  pages={9729--9738},
  year={2020}
}

@inproceedings{henaff2020data,
  title={Data-efficient image recognition with contrastive predictive coding},
  author={Henaff, Olivier},
  booktitle={International conference on machine learning},
  pages={4182--4192},
  year={2020},
  organization={PMLR}
}

@article{kalantidis2020hard,
  title={Hard negative mixing for contrastive learning},
  author={Kalantidis, Yannis and Sariyildiz, Mert Bulent and Pion, Noe and Weinzaepfel, Philippe and Larlus, Diane},
  journal={Advances in Neural Information Processing Systems},
  volume={33},
  pages={21798--21809},
  year={2020}
}

@article{khosla2020supervised,
  title={Supervised contrastive learning},
  author={Khosla, Prannay and Teterwak, Piotr and Wang, Chen and Sarna, Aaron and Tian, Yonglong and Isola, Phillip and Maschinot, Aaron and Liu, Ce and Krishnan, Dilip},
  journal={Advances in neural information processing systems},
  volume={33},
  pages={18661--18673},
  year={2020}
}

@inproceedings{landrieu2021leveraging,
  title={Leveraging class hierarchies with metric-guided prototype learning},
  author={Landrieu, Loic and Garnot, Vivien Sainte Fare},
  booktitle={British Machine Vision Conference (BMVC)},
  year={2021}
}

@article{li2020mopro,
	title={MoPro: Webly Supervised Learning with Momentum Prototypes},
	author={Junnan Li and Caiming Xiong and Steven C.H. Hoi},
	journal={Proceedings of the International Conference on Learning Representations},
	year={2021}
}

@inproceedings{li2021learning,
  title={Learning from noisy data with robust representation learning},
  author={Li, Junnan and Xiong, Caiming and Hoi, Steven CH},
  booktitle={Proceedings of the IEEE/CVF International Conference on Computer Vision},
  pages={9485--9494},
  year={2021}
}

@inproceedings{li2022targeted,
  title={Targeted supervised contrastive learning for long-tailed recognition},
  author={Li, Tianhong and Cao, Peng and Yuan, Yuan and Fan, Lijie and Yang, Yuzhe and Feris, Rogerio S and Indyk, Piotr and Katabi, Dina},
  booktitle={Proceedings of the IEEE/CVF Conference on Computer Vision and Pattern Recognition},
  pages={6918--6928},
  year={2022}
}

@article{malkinski2022multi,
  title={Multi-label contrastive learning for abstract visual reasoning},
  author={Ma{\l}ki{\'n}ski, Miko{\l}aj and Ma{\'n}dziuk, Jacek},
  journal={IEEE Transactions on Neural Networks and Learning Systems},
  year={2022},
  publisher={IEEE}
}

@article{mocov2,
  title={Improved baselines with momentum contrastive learning},
  author={Chen, Xinlei and Fan, Haoqi and Girshick, Ross and He, Kaiming},
  journal={arXiv preprint arXiv:2003.04297},
  year={2020}
}

@article{sajedi2023end,
  title={End-to-end supervised multilabel contrastive learning},
  author={Sajedi, Ahmad and Khaki, Samir and Plataniotis, Konstantinos N and Hosseini, Mahdi S},
  journal={arXiv preprint arXiv:2307.03967},
  year={2023}
}

@article{wang2023adaptive,
  title={Adaptive multi-head contrastive learning},
  author={Wang, Lei and Koniusz, Piotr and Gedeon, Tom and Zheng, Liang},
  journal={arXiv preprint arXiv:2310.05615},
  year={2023}
}

@inproceedings{wu2018unsupervised,
  title={Unsupervised feature learning via non-parametric instance discrimination},
  author={Wu, Zhirong and Xiong, Yuanjun and Yu, Stella X and Lin, Dahua},
  booktitle={Proceedings of the IEEE conference on computer vision and pattern recognition},
  pages={3733--3742},
  year={2018}
}

@inproceedings{xue2022investigating,
  title={Investigating why contrastive learning benefits robustness against label noise},
  author={Xue, Yihao and Whitecross, Kyle and Mirzasoleiman, Baharan},
  booktitle={International Conference on Machine Learning},
  pages={24851--24871},
  year={2022},
  organization={PMLR}
}

@inproceedings{yi2022learning,
  title={On learning contrastive representations for learning with noisy labels},
  author={Yi, Li and Liu, Sheng and She, Qi and McLeod, A Ian and Wang, Boyu},
  booktitle={Proceedings of the IEEE/CVF conference on computer vision and pattern recognition},
  pages={16682--16691},
  year={2022}
}

@article{zaigrajewcontrastive,
  title={Contrastive Learning for Multi-Label Classification},
  author={Zaigrajew, Vladimir and Zieba, Maciej},
year={2022},
journal={NeurIPS 2022 Workshop: Self-Supervised Learning - Theory and Practice}
}

@inproceedings{zhang2022use,
  title={Use all the labels: A hierarchical multi-label contrastive learning framework},
  author={Zhang, Shu and Xu, Ran and Xiong, Caiming and Ramaiah, Chetan},
  booktitle={Proceedings of the IEEE/CVF Conference on Computer Vision and Pattern Recognition},
  pages={16660--16669},
  year={2022}
}

@inproceedings{zhang2024multi,
  title={Multi-Label Supervised Contrastive Learning},
  author={Zhang, Pingyue and Wu, Mengyue},
  booktitle={Proceedings of the AAAI Conference on Artificial Intelligence},
  volume={38},
  pages={16786--16793},
  year={2024}
}

