
@inproceedings{cubuk2019autoaugment,
  title={Autoaugment: Learning augmentation strategies from data},
  author={Cubuk, Ekin D and Zoph, Barret and Mane, Dandelion and Vasudevan, Vijay and Le, Quoc V},
  booktitle={Proceedings of the IEEE/CVF conference on computer vision and pattern recognition},
  pages={113--123},
  year={2019}
}
@article{cubuk2019randaugment,
  title={Randaugment: Practical data augmentation with no separate search},
  author={Cubuk, Ekin D and Zoph, Barret and Shlens, Jonathon and Le, Quoc V},
  journal={arXiv preprint arXiv:1909.13719},
  volume={2},
  number={4},
  pages={7},
  year={2019}
}
@inproceedings{xie2020self,
  title={Self-training with noisy student improves imagenet classification},
  author={Xie, Qizhe and Luong, Minh-Thang and Hovy, Eduard and Le, Quoc V},
  booktitle={Proceedings of the IEEE/CVF conference on computer vision and pattern recognition},
  pages={10687--10698},
  year={2020}
}
@article{kolesnikov2019large,
  title={Large scale learning of general visual representations for transfer},
  author={Kolesnikov, Alexander and Beyer, Lucas and Zhai, Xiaohua and Puigcerver, Joan and Yung, Jessica and Gelly, Sylvain and Houlsby, Neil},
  journal={arXiv preprint arXiv:1912.11370},
  volume={2},
  number={8},
  year={2019},
  publisher={arXiv}
}
@article{zhang2018generalized,
  title={Generalized cross entropy loss for training deep neural networks with noisy labels},
  author={Zhang, Zhilu and Sabuncu, Mert},
  journal={Advances in neural information processing systems},
  volume={31},
  year={2018}
}

@inproceedings{sukhbaatar2014training,
  title={Training convolutional networks with noisy labels},
  author={Sukhbaatar, Sainbayar and Bruna, Joan and Paluri, Manohar and Bourdev, Lubomir and Fergus, Rob},
  booktitle={3rd International Conference on Learning Representations, ICLR 2015},
  year={2015}
}

@article{elsayed2018large,
  title={Large margin deep networks for classification},
  author={Elsayed, Gamaleldin and Krishnan, Dilip and Mobahi, Hossein and Regan, Kevin and Bengio, Samy},
  journal={Advances in neural information processing systems},
  volume={31},
  year={2018}
}

@inproceedings{liu2016large,
  title={Large-margin softmax loss for convolutional neural networks},
  author={Liu, Weiyang and Wen, Yandong and Yu, Zhiding and Yang, Meng},
  booktitle={Proceedings of the 33rd International Conference on International Conference on Machine Learning-Volume 48},
  pages={507--516},
  year={2016}
}

@article{radford2019language,
  title={Language models are unsupervised multitask learners},
  author={Radford, Alec and Wu, Jeffrey and Child, Rewon and Luan, David and Amodei, Dario and Sutskever, Ilya and others},
  journal={OpenAI blog},
  volume={1},
  number={8},
  pages={9},
  year={2019}
}
@article{howard2018universal,
  title={Universal language model fine-tuning for text classification},
  author={Howard, Jeremy and Ruder, Sebastian},
  journal={arXiv preprint arXiv:1801.06146},
  year={2018}
}
@inproceedings{chen2020simple,
  title={A simple framework for contrastive learning of visual representations},
  author={Chen, Ting and Kornblith, Simon and Norouzi, Mohammad and Hinton, Geoffrey},
  booktitle={International conference on machine learning},
  pages={1597--1607},
  year={2020},
  organization={PMLR}
}
@article{khosla2020supervised,
  title={Supervised contrastive learning},
  author={Khosla, Prannay and Teterwak, Piotr and Wang, Chen and Sarna, Aaron and Tian, Yonglong and Isola, Phillip and Maschinot, Aaron and Liu, Ce and Krishnan, Dilip},
  journal={Advances in neural information processing systems},
  volume={33},
  pages={18661--18673},
  year={2020}
}
@inproceedings{wu2018unsupervised,
  title={Unsupervised feature learning via non-parametric instance discrimination},
  author={Wu, Zhirong and Xiong, Yuanjun and Yu, Stella X and Lin, Dahua},
  booktitle={Proceedings of the IEEE conference on computer vision and pattern recognition},
  pages={3733--3742},
  year={2018}
}
@inproceedings{henaff2020data,
  title={Data-efficient image recognition with contrastive predictive coding},
  author={Henaff, Olivier},
  booktitle={International conference on machine learning},
  pages={4182--4192},
  year={2020},
  organization={PMLR}
}
@article{oord2018representation,
  title={Representation learning with contrastive predictive coding},
  author={Oord, Aaron van den and Li, Yazhe and Vinyals, Oriol},
  journal={arXiv preprint arXiv:1807.03748},
  year={2018}
}

@article{dao2021contrast,
  title={Contrast learning visual attention for multi label classification},
  author={Dao, Son D and Ethan, Zhao and Dinh, Phung and Jianfei, Cai},
  journal={arXiv preprint arXiv:2107.11626},
  year={2021}
}
@inproceedings{zhang2022use,
  title={Use all the labels: A hierarchical multi-label contrastive learning framework},
  author={Zhang, Shu and Xu, Ran and Xiong, Caiming and Ramaiah, Chetan},
  booktitle={Proceedings of the IEEE/CVF Conference on Computer Vision and Pattern Recognition},
  pages={16660--16669},
  year={2022}
}
@article{malkinski2022multi,
  title={Multi-label contrastive learning for abstract visual reasoning},
  author={Ma{\l}ki{\'n}ski, Miko{\l}aj and Ma{\'n}dziuk, Jacek},
  journal={IEEE Transactions on Neural Networks and Learning Systems},
  year={2022},
  publisher={IEEE}
}
@article{sajedi2024probmcl,
  title={ProbMCL: Simple Probabilistic Contrastive Learning for Multi-label Visual Classification},
  author={Sajedi, Ahmad and Khaki, Samir and Lawryshyn, Yuri A and Plataniotis, Konstantinos N},
  journal={arXiv preprint arXiv:2401.01448},
  year={2024}
}
@article{zaigrajewcontrastive,
  title={Contrastive Learning for Multi-Label Classification},
  author={Zaigrajew, Vladimir and Zieba, Maciej},
year={2022},
journal={NeurIPS 2022 Workshop: Self-Supervised Learning - Theory and Practice}
}
@article{chen2020big,
  title={Big self-supervised models are strong semi-supervised learners},
  author={Chen, Ting and Kornblith, Simon and Swersky, Kevin and Norouzi, Mohammad and Hinton, Geoffrey E},
  journal={Advances in neural information processing systems},
  volume={33},
  pages={22243--22255},
  year={2020}
}
@article{cheng2019modified,
  title={A modified contrastive loss method for face recognition},
  author={Cheng, Yixian and Wang, Haiyang},
  journal={Pattern Recognition Letters},
  volume={125},
  pages={785--790},
  year={2019},
  publisher={Elsevier}
}
@inproceedings{he2020momentum,
  title={Momentum contrast for unsupervised visual representation learning},
  author={He, Kaiming and Fan, Haoqi and Wu, Yuxin and Xie, Saining and Girshick, Ross},
  booktitle={Proceedings of the IEEE/CVF conference on computer vision and pattern recognition},
  pages={9729--9738},
  year={2020}
}
@article{jaiswal2020survey,
  title={A survey on contrastive self-supervised learning},
  author={Jaiswal, Ashish and Babu, Ashwin Ramesh and Zadeh, Mohammad Zaki and Banerjee, Debapriya and Makedon, Fillia},
  journal={Technologies},
  volume={9},
  number={1},
  pages={2},
  year={2020},
  publisher={MDPI}
}
@article{oord2018representation,
  title={Representation learning with contrastive predictive coding},
  author={Oord, Aaron van den and Li, Yazhe and Vinyals, Oriol},
  journal={arXiv preprint arXiv:1807.03748},
  year={2018}
}
@article{chen2021intriguing,
  title={Intriguing properties of contrastive losses},
  author={Chen, Ting and Luo, Calvin and Li, Lala},
  journal={Advances in Neural Information Processing Systems},
  volume={34},
  pages={11834--11845},
  year={2021}
}
@article{dao2021multi,
  title={Multi-label image classification with contrastive learning},
  author={Dao, Son D and Zhao, Ethan and Phung, Dinh and Cai, Jianfei},
  journal={arXiv preprint arXiv:2107.11626},
  year={2021}
}


@inproceedings{jiang2023hierarchical,
  title={Hierarchical discriminative learning improves visual representations of biomedical microscopy},
  author={Jiang, Cheng and Hou, Xinhai and Kondepudi, Akhil and Chowdury, Asadur and Freudiger, Christian W and Orringer, Daniel A and Lee, Honglak and Hollon, Todd C},
  booktitle={Proceedings of the IEEE/CVF Conference on Computer Vision and Pattern Recognition},
  pages={19798--19808},
  year={2023}
}
@article{bachman2019learning,
  title={Learning representations by maximizing mutual information across views},
  author={Bachman, Philip and Hjelm, R Devon and Buchwalter, William},
  journal={Advances in neural information processing systems},
  volume={32},
  year={2019}
}

@article{chuang2020debiased,
  title={Debiased contrastive learning},
  author={Chuang, Ching-Yao and Robinson, Joshua and Lin, Yen-Chen and Torralba, Antonio and Jegelka, Stefanie},
  journal={Advances in neural information processing systems},
  volume={33},
  pages={8765--8775},
  year={2020}
}
@article{grill2020bootstrap,
  title={Bootstrap your own latent-a new approach to self-supervised learning},
  author={Grill, Jean-Bastien and Strub, Florian and Altch{\'e}, Florent and Tallec, Corentin and Richemond, Pierre and Buchatskaya, Elena and Doersch, Carl and Avila Pires, Bernardo and Guo, Zhaohan and Gheshlaghi Azar, Mohammad and others},
  journal={Advances in neural information processing systems},
  volume={33},
  pages={21271--21284},
  year={2020}
}
@article{kalantidis2020hard,
  title={Hard negative mixing for contrastive learning},
  author={Kalantidis, Yannis and Sariyildiz, Mert Bulent and Pion, Noe and Weinzaepfel, Philippe and Larlus, Diane},
  journal={Advances in Neural Information Processing Systems},
  volume={33},
  pages={21798--21809},
  year={2020}
}
@article{ciortan2021framework,
  title={A framework using contrastive learning for classification with noisy labels},
  author={Ciortan, Madalina and Dupuis, Romain and Peel, Thomas},
  journal={Data},
  volume={6},
  number={6},
  pages={61},
  year={2021},
  publisher={MDPI}
}
@inproceedings{ghosh2021contrastive,
  title={Contrastive learning improves model robustness under label noise},
  author={Ghosh, Aritra and Lan, Andrew},
  booktitle={Proceedings of the IEEE/CVF Conference on Computer Vision and Pattern Recognition},
  pages={2703--2708},
  year={2021}
}
@inproceedings{li2021learning,
  title={Learning from noisy data with robust representation learning},
  author={Li, Junnan and Xiong, Caiming and Hoi, Steven CH},
  booktitle={Proceedings of the IEEE/CVF International Conference on Computer Vision},
  pages={9485--9494},
  year={2021}
}

@article{li2020mopro,
	title={MoPro: Webly Supervised Learning with Momentum Prototypes},
	author={Junnan Li and Caiming Xiong and Steven C.H. Hoi},
	journal={Proceedings of the International Conference on Learning Representations},
	year={2021}
}

@inproceedings{xue2022investigating,
  title={Investigating why contrastive learning benefits robustness against label noise},
  author={Xue, Yihao and Whitecross, Kyle and Mirzasoleiman, Baharan},
  booktitle={International Conference on Machine Learning},
  pages={24851--24871},
  year={2022},
  organization={PMLR}
}
@inproceedings{yi2022learning,
  title={On learning contrastive representations for learning with noisy labels},
  author={Yi, Li and Liu, Sheng and She, Qi and McLeod, A Ian and Wang, Boyu},
  booktitle={Proceedings of the IEEE/CVF conference on computer vision and pattern recognition},
  pages={16682--16691},
  year={2022}
}

@inproceedings{barbano2022unbiased,
    author = {Carlo Alberto Barbano and Benoit Dufumier and Enzo Tartaglione and Marco Grangetto and Pietro Gori},
    booktitle = {The Eleventh International Conference on Learning Representations },
    title = {Unbiased Supervised Contrastive Learning},
    url = {https://openreview.net/forum?id=Ph5cJSfD2XN},
    year = {2023}
}
@inproceedings{chen2022perfectly,
  title={Perfectly balanced: Improving transfer and robustness of supervised contrastive learning},
  author={Chen, Mayee and Fu, Daniel Y and Narayan, Avanika and Zhang, Michael and Song, Zhao and Fatahalian, Kayvon and R{\'e}, Christopher},
  booktitle={International Conference on Machine Learning},
  pages={3090--3122},
  year={2022},
  organization={PMLR}
}
@article{sajedi2023end,
  title={End-to-end supervised multilabel contrastive learning},
  author={Sajedi, Ahmad and Khaki, Samir and Plataniotis, Konstantinos N and Hosseini, Mahdi S},
  journal={arXiv preprint arXiv:2307.03967},
  year={2023}
}
@inproceedings{li2022targeted,
  title={Targeted supervised contrastive learning for long-tailed recognition},
  author={Li, Tianhong and Cao, Peng and Yuan, Yuan and Fan, Lijie and Yang, Yuzhe and Feris, Rogerio S and Indyk, Piotr and Katabi, Dina},
  booktitle={Proceedings of the IEEE/CVF Conference on Computer Vision and Pattern Recognition},
  pages={6918--6928},
  year={2022}
}

@inproceedings{gunel2020supervised,
  title={Supervised Contrastive Learning for Pre-trained Language Model Fine-tuning},
  author={Gunel, Beliz and Du, Jingfei and Conneau, Alexis and Stoyanov, Veselin},
  booktitle={International Conference on Learning Representations},
  year={2020}
}

@article{devlin2018bert,
  title={Bert: Pre-training of deep bidirectional transformers for language understanding},
  author={Devlin, Jacob and Chang, Ming-Wei and Lee, Kenton and Toutanova, Kristina},
  journal={arXiv preprint arXiv:1810.04805},
  year={2018}
}

@article{brown2020language,
  title={Language models are few-shot learners},
  author={Brown, Tom and Mann, Benjamin and Ryder, Nick and Subbiah, Melanie and Kaplan, Jared D and Dhariwal, Prafulla and Neelakantan, Arvind and Shyam, Pranav and Sastry, Girish and Askell, Amanda and others},
  journal={Advances in neural information processing systems},
  volume={33},
  pages={1877--1901},
  year={2020}
}

@article{mocov2,
  title={Improved baselines with momentum contrastive learning},
  author={Chen, Xinlei and Fan, Haoqi and Girshick, Ross and He, Kaiming},
  journal={arXiv preprint arXiv:2003.04297},
  year={2020}
}

@inproceedings{he2016deep,
  title={Deep residual learning for image recognition},
  author={He, Kaiming and Zhang, Xiangyu and Ren, Shaoqing and Sun, Jian},
  booktitle={Proceedings of the IEEE conference on computer vision and pattern recognition},
  pages={770--778},
  year={2016}
}

@article{cifar100,
 title={Learning multiple layers of features from tiny images},
  author={Krizhevsky, Alex},
  year={2009},
journal={Technical Report}
}


@inproceedings{deng2009imagenet,
  title={Imagenet: A large-scale hierarchical image database},
  author={Deng, Jia and Dong, Wei and Socher, Richard and Li, Li-Jia and Li, Kai and Fei-Fei, Li},
  booktitle={2009 IEEE conference on computer vision and pattern recognition},
  pages={248--255},
  year={2009},
  organization={Ieee}
}

@article{mosbach2020stability,
  title={On the stability of fine-tuning bert: Misconceptions, explanations, and strong baselines},
  author={Mosbach, Marius and Andriushchenko, Maksym and Klakow, Dietrich},
  journal={arXiv preprint arXiv:2006.04884},
  year={2020}
}

@article{ruder2016overview,
  title={An overview of gradient descent optimization algorithms},
  author={Ruder, Sebastian},
  journal={arXiv preprint arXiv:1609.04747},
  year={2016}
}

@inproceedings{wang2010latent,
  title={Latent aspect rating analysis on review text data: a rating regression approach},
  author={Wang, Hongning and Lu, Yue and Zhai, Chengxiang},
  booktitle={Proceedings of the 16th ACM SIGKDD international conference on Knowledge discovery and data mining},
  pages={783--792},
  year={2010}
}

@inproceedings{mcauley2012learning,
  title={Learning attitudes and attributes from multi-aspect reviews},
  author={McAuley, Julian and Leskovec, Jure and Jurafsky, Dan},
  booktitle={2012 IEEE 12th International Conference on Data Mining},
  pages={1020--1025},
  year={2012},
  organization={IEEE}
}

@article{kingma2014adam,
  title={Adam: A method for stochastic optimization},
  author={Kingma, Diederik P and Ba, Jimmy},
  journal={arXiv preprint arXiv:1412.6980},
  year={2014}
}

@inproceedings{wang2021understanding,
  title={Understanding the behaviour of contrastive loss},
  author={Wang, Feng and Liu, Huaping},
  booktitle={Proceedings of the IEEE/CVF conference on computer vision and pattern recognition},
  pages={2495--2504},
  year={2021}
}
@article{wang2023adaptive,
  title={Adaptive multi-head contrastive learning},
  author={Wang, Lei and Koniusz, Piotr and Gedeon, Tom and Zheng, Liang},
  journal={arXiv preprint arXiv:2310.05615},
  year={2023}
}
@inproceedings{liuLQWTcvpr16DeepFashion,
 author = {Liu, Ziwei and Luo, Ping and Qiu, Shi and Wang, Xiaogang and Tang, Xiaoou},
 title = {DeepFashion: Powering Robust Clothes Recognition and Retrieval with Rich Annotations},
 booktitle = {Proceedings of IEEE Conference on Computer Vision and Pattern Recognition (CVPR)},
 month = {June},
 year = {2016}
 }
@inproceedings{landrieu2021leveraging,
  title={Leveraging class hierarchies with metric-guided prototype learning},
  author={Landrieu, Loic and Garnot, Vivien Sainte Fare},
  booktitle={British Machine Vision Conference (BMVC)},
  year={2021}
}
@inproceedings{zhang2024multi,
  title={Multi-Label Supervised Contrastive Learning},
  author={Zhang, Pingyue and Wu, Mengyue},
  booktitle={Proceedings of the AAAI Conference on Artificial Intelligence},
  volume={38},
  pages={16786--16793},
  year={2024}
}

@article{van2008visualizing,
  title={Visualizing data using t-SNE.},
  author={Van der Maaten, Laurens and Hinton, Geoffrey},
  journal={Journal of machine learning research},
  volume={9},
  number={11},
  year={2008}
}