@inproceedings{CURL,
  author    = {Jian{-}Hao Luo and
               Jianxin Wu},
  title     = {Neural Network Pruning With Residual-Connections and Limited-Data},
  booktitle = {2020 {IEEE/CVF} Conference on Computer Vision and Pattern Recognition,
               {CVPR} 2020, Seattle, WA, USA, June 13-19, 2020},
  pages     = {1455--1464},
  publisher = {{IEEE}},
  year      = {2020},
}

@inproceedings{CoreSet_ICLR,
  author    = {Ben Mussay and
               Margarita Osadchy and
               Vladimir Braverman and
               Samson Zhou and
               Dan Feldman},
  title     = {Data-Independent Neural Pruning via Coresets},
  booktitle = {8th International Conference on Learning Representations, {ICLR} 2020,
               Addis Ababa, Ethiopia, April 26-30, 2020},
  publisher = {OpenReview.net},
  year      = {2020}
}

@inproceedings{DAFL019,
  author    = {Hanting Chen and
               Yunhe Wang and
               Chang Xu and
               Zhaohui Yang and
               Chuanjian Liu and
               Boxin Shi and
               Chunjing Xu and
               Chao Xu and
               Qi Tian},
  title     = {Data-Free Learning of Student Networks},
  booktitle = {2019 {IEEE/CVF} International Conference on Computer Vision, {ICCV}
               2019, Seoul, Korea (South), October 27 - November 2, 2019},
  pages     = {3513--3521},
  publisher = {{IEEE}},
  year      = {2019}
}

@article{DFAD,
  author    = {Gongfan Fang and
               Jie Song and
               Chengchao Shen and
               Xinchao Wang and
               Da Chen and
               Mingli Song},
  title     = {Data-Free Adversarial Distillation},
  journal   = {CoRR},
  volume    = {abs/1912.11006},
  year      = {2019}
}

@inproceedings{DFAD_BEFORE,
  author    = {Paul Micaelli and
               Amos J. Storkey},
  editor    = {Hanna M. Wallach and
               Hugo Larochelle and
               Alina Beygelzimer and
               Florence d'Alch{\'{e}}{-}Buc and
               Emily B. Fox and
               Roman Garnett},
  title     = {Zero-shot Knowledge Transfer via Adversarial Belief Matching},
  booktitle = {Advances in Neural Information Processing Systems 32: Annual Conference
               on Neural Information Processing Systems 2019, NeurIPS 2019, December
               8-14, 2019, Vancouver, BC, Canada},
  pages     = {9547--9557},
  year      = {2019}
}

@INPROCEEDINGS{Data-Free-NetworkPruning,
  author={Tang, Jialiang and Liu, Mingjin and Jiang, Ning and Cai, Huan and Yu, Wenxin and Zhou, Jinjia},
  booktitle={2021 IEEE International Symposium on Circuits and Systems (ISCAS)}, 
  title={Data-Free Network Pruning for Model Compression}, 
  year={2021}}

@inproceedings{Data-free,
  author    = {Suraj Srinivas and
               R. Venkatesh Babu},
  editor    = {Xianghua Xie and
               Mark W. Jones and
               Gary K. L. Tam},
  title     = {Data-free Parameter Pruning for Deep Neural Networks},
  booktitle = {Proceedings of the British Machine Vision Conference 2015, {BMVC}
               2015, Swansea, UK, September 7-10, 2015},
  pages     = {31.1--31.12},
  publisher = {{BMVA} Press},
  year      = {2015},
}

@inproceedings{DeepInversion,
  author    = {Hongxu Yin and
               Pavlo Molchanov and
               Jose M. Alvarez and
               Zhizhong Li and
               Arun Mallya and
               Derek Hoiem and
               Niraj K. Jha and
               Jan Kautz},
  title     = {Dreaming to Distill: Data-Free Knowledge Transfer via DeepInversion},
  booktitle = {2020 {IEEE/CVF} Conference on Computer Vision and Pattern Recognition,
               {CVPR} 2020, Seattle, WA, USA, June 13-19, 2020},
  pages     = {8712--8721},
  publisher = {Computer Vision Foundation / {IEEE}},
  year      = {2020}
}

@inproceedings{Dynamic,
  author    = {Shaohui Lin and
               Rongrong Ji and
               Yuchao Li and
               Yongjian Wu and
               Feiyue Huang and
               Baochang Zhang},
  editor    = {J{\'{e}}r{\^{o}}me Lang},
  title     = {Accelerating Convolutional Networks via Global {\&} Dynamic Filter
               Pruning},
  booktitle = {Proceedings of the Twenty-Seventh International Joint Conference on
               Artificial Intelligence, {IJCAI} 2018, July 13-19, 2018, Stockholm,
               Sweden},
  pages     = {2425--2432},
  publisher = {ijcai.org},
  year      = {2018},
}

@inproceedings{FPGM,
  author    = {Yang He and
               Ping Liu and
               Ziwei Wang and
               Zhilan Hu and
               Yi Yang},
  title     = {Filter Pruning via Geometric Median for Deep Convolutional Neural
               Networks Acceleration},
  booktitle = {{IEEE} Conference on Computer Vision and Pattern Recognition, {CVPR}
               2019, Long Beach, CA, USA, June 16-20, 2019},
  pages     = {4340--4349},
  publisher = {Computer Vision Foundation / {IEEE}},
  year      = {2019},
}

@inproceedings{GlobalRanking,
  author    = {Ting{-}Wu Chin and
               Ruizhou Ding and
               Cha Zhang and
               Diana Marculescu},
  title     = {Towards Efficient Model Compression via Learned Global Ranking},
  booktitle = {2020 {IEEE/CVF} Conference on Computer Vision and Pattern Recognition,
               {CVPR} 2020, Seattle, WA, USA, June 13-19, 2020},
  pages     = {1515--1525},
  publisher = {{IEEE}},
  year      = {2020},
}

@inproceedings{Importance,
  author    = {Pavlo Molchanov and
               Arun Mallya and
               Stephen Tyree and
               Iuri Frosio and
               Jan Kautz},
  title     = {Importance Estimation for Neural Network Pruning},
  booktitle = {{IEEE} Conference on Computer Vision and Pattern Recognition, {CVPR}
               2019, Long Beach, CA, USA, June 16-20, 2019},
  pages     = {11264--11272},
  publisher = {Computer Vision Foundation / {IEEE}},
  year      = {2019},
}

@inproceedings{KEGNET,
  author    = {Jaemin Yoo and
               Minyong Cho and
               Taebum Kim and
               U Kang},
  editor    = {Hanna M. Wallach and
               Hugo Larochelle and
               Alina Beygelzimer and
               Florence d'Alch{\'{e}}{-}Buc and
               Emily B. Fox and
               Roman Garnett},
  title     = {Knowledge Extraction with No Observable Data},
  booktitle = {Advances in Neural Information Processing Systems 32: Annual Conference
               on Neural Information Processing Systems 2019, NeurIPS 2019, December
               8-14, 2019, Vancouver, BC, Canada},
  pages     = {2701--2710},
  year      = {2019}
}

@article{Knowledge_Distilation,
  author    = {Geoffrey E. Hinton and
               Oriol Vinyals and
               Jeffrey Dean},
  title     = {Distilling the Knowledge in a Neural Network},
  journal   = {CoRR},
  volume    = {abs/1503.02531},
  year      = {2015},
}

@inproceedings{Lasso,
  author    = {Yihui He and
               Xiangyu Zhang and
               Jian Sun},
  title     = {Channel Pruning for Accelerating Very Deep Neural Networks},
  booktitle = {{IEEE} International Conference on Computer Vision, {ICCV} 2017, Venice,
               Italy, October 22-29, 2017},
  pages     = {1398--1406},
  publisher = {{IEEE} Computer Society},
  year      = {2017},
  doi       = {10.1109/ICCV.2017.155},
  timestamp = {Wed, 16 Oct 2019 14:14:51 +0200},
  biburl    = {https://dblp.org/rec/conf/iccv/HeZS17.bib},
  bibsource = {dblp computer science bibliography, https://dblp.org}
}

@article{LeeS24,
  author       = {Seunghyun Lee and
                  Byung Cheol Song},
  title        = {Fast Filter Pruning via Coarse-to-Fine Neural Architecture Search
                  and Contrastive Knowledge Transfer},
  journal      = {{IEEE} Trans. Neural Networks Learn. Syst.},
  volume       = {35},
  number       = {7},
  pages        = {9674--9685},
  year         = {2024},
}

@inproceedings{NISP,
  author    = {Ruichi Yu and
               Ang Li and
               Chun{-}Fu Chen and
               Jui{-}Hsin Lai and
               Vlad I. Morariu and
               Xintong Han and
               Mingfei Gao and
               Ching{-}Yung Lin and
               Larry S. Davis},
  title     = {{NISP:} Pruning Networks Using Neuron Importance Score Propagation},
  booktitle = {2018 {IEEE} Conference on Computer Vision and Pattern Recognition,
               {CVPR} 2018, Salt Lake City, UT, USA, June 18-22, 2018},
  pages     = {9194--9203},
  publisher = {{IEEE} Computer Society},
  year      = {2018},
}

@inproceedings{NM,
  author    = {Woojeong Kim and
               Suhyun Kim and
               Mincheol Park and
               Geunseok Jeon},
  editor    = {Hugo Larochelle and
               Marc'Aurelio Ranzato and
               Raia Hadsell and
               Maria{-}Florina Balcan and
               Hsuan{-}Tien Lin},
  title     = {Neuron Merging: Compensating for Pruned Neurons},
  booktitle = {Advances in Neural Information Processing Systems 33: Annual Conference
               on Neural Information Processing Systems 2020, NeurIPS 2020, December
               6-12, 2020, virtual},
  year      = {2020},
}

@inproceedings{Reborn,
  author    = {Yehui Tang and
               Shan You and
               Chang Xu and
               Jin Han and
               Chen Qian and
               Boxin Shi and
               Chao Xu and
               Changshui Zhang},
  title     = {Reborn Filters: Pruning Convolutional Neural Networks with Limited
               Data},
  booktitle = {The Thirty-Fourth {AAAI} Conference on Artificial Intelligence, {AAAI}
               2020, The Thirty-Second Innovative Applications of Artificial Intelligence
               Conference, {IAAI} 2020, The Tenth {AAAI} Symposium on Educational
               Advances in Artificial Intelligence, {EAAI} 2020, New York, NY, USA,
               February 7-12, 2020},
  pages     = {5972--5980},
  publisher = {{AAAI} Press},
  year      = {2020},
}

@article{RedPlus,
  author       = {Edouard Yvinec and
                  Arnaud Dapogny and
                  Matthieu Cord and
                  Kevin Bailly},
  title        = {{RED++} : Data-Free Pruning of Deep Neural Networks via Input Splitting
                  and Output Merging},
  journal      = {{IEEE} Trans. Pattern Anal. Mach. Intell.},
  volume       = {45},
  number       = {3},
  pages        = {3664--3676},
  year         = {2023},
}

@inproceedings{Soft,
  author    = {Yang He and
               Guoliang Kang and
               Xuanyi Dong and
               Yanwei Fu and
               Yi Yang},
  editor    = {J{\'{e}}r{\^{o}}me Lang},
  title     = {Soft Filter Pruning for Accelerating Deep Convolutional Neural Networks},
  booktitle = {Proceedings of the Twenty-Seventh International Joint Conference on
               Artificial Intelligence, {IJCAI} 2018, July 13-19, 2018, Stockholm,
               Sweden},
  pages     = {2234--2240},
  publisher = {ijcai.org},
  year      = {2018},
}

@inproceedings{Thinet,
  author    = {Jian{-}Hao Luo and
               Jianxin Wu and
               Weiyao Lin},
  title     = {ThiNet: {A} Filter Level Pruning Method for Deep Neural Network Compression},
  booktitle = {{IEEE} International Conference on Computer Vision, {ICCV} 2017, Venice,
               Italy, October 22-29, 2017},
  pages     = {5068--5076},
  publisher = {{IEEE} Computer Society},
  year      = {2017},
}

@article{URC,
  author       = {Yaguan Qian and
                  Zhiqiang He and
                  Yuqi Wang and
                  Bin Wang and
                  Xiang Ling and
                  Zhaoquan Gu and
                  Haijiang Wang and
                  Shaoning Zeng and
                  Wassim Swaileh},
  title        = {Hierarchical Threshold Pruning Based on Uniform Response Criterion},
  journal      = {{IEEE} Trans. Neural Networks Learn. Syst.},
  volume       = {35},
  number       = {8},
  pages        = {10869--10881},
  year         = {2024},
}

@article{ZhangF24,
  author       = {Yuyao Zhang and
                  Nikolaos M. Freris},
  title        = {Adaptive Filter Pruning via Sensitivity Feedback},
  journal      = {{IEEE} Trans. Neural Networks Learn. Syst.},
  volume       = {35},
  number       = {8},
  pages        = {10996--11008},
  year         = {2024},
}

@article{catro,
  author       = {Wenzheng Hu and
                  Zhengping Che and
                  Ning Liu and
                  Mingyang Li and
                  Jian Tang and
                  Changshui Zhang and
                  Jianqiang Wang},
  title        = {{CATRO:} Channel Pruning via Class-Aware Trace Ratio Optimization},
  journal      = {{IEEE} Trans. Neural Networks Learn. Syst.},
  volume       = {35},
  number       = {8},
  pages        = {11595--11607},
  year         = {2024},

}

