

@inproceedings{NM,
  author    = {Woojeong Kim and
               Suhyun Kim and
               Mincheol Park and
               Geunseok Jeon},
  editor    = {Hugo Larochelle and
               Marc'Aurelio Ranzato and
               Raia Hadsell and
               Maria{-}Florina Balcan and
               Hsuan{-}Tien Lin},
  title     = {Neuron Merging: Compensating for Pruned Neurons},
  booktitle = {Advances in Neural Information Processing Systems 33: Annual Conference
               on Neural Information Processing Systems 2020, NeurIPS 2020, December
               6-12, 2020, virtual},
  year      = {2020},
}

@inproceedings{Coreset,
  author    = {Abhimanyu Dubey and
               Moitreya Chatterjee and
               Narendra Ahuja},
  editor    = {Vittorio Ferrari and
               Martial Hebert and
               Cristian Sminchisescu and
               Yair Weiss},
  title     = {Coreset-Based Neural Network Compression},
  booktitle = {Computer Vision - {ECCV} 2018 - 15th European Conference, Munich,
               Germany, September 8-14, 2018, Proceedings, Part {VII}},
  series    = {Lecture Notes in Computer Science},
  volume    = {11211},
  pages     = {469--486},
  publisher = {Springer},
  year      = {2018},
}


@inproceedings{FPGM,
  author    = {Yang He and
               Ping Liu and
               Ziwei Wang and
               Zhilan Hu and
               Yi Yang},
  title     = {Filter Pruning via Geometric Median for Deep Convolutional Neural
               Networks Acceleration},
  booktitle = {{IEEE} Conference on Computer Vision and Pattern Recognition, {CVPR}
               2019, Long Beach, CA, USA, June 16-20, 2019},
  pages     = {4340--4349},
  publisher = {Computer Vision Foundation / {IEEE}},
  year      = {2019},
}


@inproceedings{AMC,
  author    = {Yihui He and
               Ji Lin and
               Zhijian Liu and
               Hanrui Wang and
               Li{-}Jia Li and
               Song Han},
  editor    = {Vittorio Ferrari and
               Martial Hebert and
               Cristian Sminchisescu and
               Yair Weiss},
  title     = {{AMC:} AutoML for Model Compression and Acceleration on Mobile Devices},
  booktitle = {Computer Vision - {ECCV} 2018 - 15th European Conference, Munich,
               Germany, September 8-14, 2018, Proceedings, Part {VII}},
  series    = {Lecture Notes in Computer Science},
  volume    = {11211},
  pages     = {815--832},
  publisher = {Springer},
  year      = {2018},
}

@inproceedings{Songhan,
 author = {Han, Song and Pool, Jeff and Tran, John and Dally, William},
 booktitle = {Advances in Neural Information Processing Systems},
 editor = {C. Cortes and N. Lawrence and D. Lee and M. Sugiyama and R. Garnett},
 pages = {},
 publisher = {Curran Associates, Inc.},
 title = {Learning both Weights and Connections for Efficient Neural Network},
 volume = {28},
 year = {2015}
}


@inproceedings{EagleEye,
  author    = {Bailin Li and
               Bowen Wu and
               Jiang Su and
               Guangrun Wang},
  editor    = {Andrea Vedaldi and
               Horst Bischof and
               Thomas Brox and
               Jan{-}Michael Frahm},
  title     = {EagleEye: Fast Sub-net Evaluation for Efficient Neural Network Pruning},
  booktitle = {Computer Vision - {ECCV} 2020 - 16th European Conference, Glasgow,
               UK, August 23-28, 2020, Proceedings, Part {II}},
  series    = {Lecture Notes in Computer Science},
  volume    = {12347},
  pages     = {639--654},
  publisher = {Springer},
  year      = {2020},
}

@inproceedings{Rethinking,
  author    = {Zhuang Liu and
               Mingjie Sun and
               Tinghui Zhou and
               Gao Huang and
               Trevor Darrell},
  title     = {Rethinking the Value of Network Pruning},
  booktitle = {7th International Conference on Learning Representations, {ICLR} 2019,
               New Orleans, LA, USA, May 6-9, 2019},
  publisher = {OpenReview.net},
  year      = {2019},
}

@inproceedings{Thinet,
  author    = {Jian{-}Hao Luo and
               Jianxin Wu and
               Weiyao Lin},
  title     = {ThiNet: {A} Filter Level Pruning Method for Deep Neural Network Compression},
  booktitle = {{IEEE} International Conference on Computer Vision, {ICCV} 2017, Venice,
               Italy, October 22-29, 2017},
  pages     = {5068--5076},
  publisher = {{IEEE} Computer Society},
  year      = {2017},
}


@inproceedings{DCP,
  author    = {Zhuangwei Zhuang and
               Mingkui Tan and
               Bohan Zhuang and
               Jing Liu and
               Yong Guo and
               Qingyao Wu and
               Junzhou Huang and
               Jin{-}Hui Zhu},
  editor    = {Samy Bengio and
               Hanna M. Wallach and
               Hugo Larochelle and
               Kristen Grauman and
               Nicol{\`{o}} Cesa{-}Bianchi and
               Roman Garnett},
  title     = {Discrimination-aware Channel Pruning for Deep Neural Networks},
  booktitle = {Advances in Neural Information Processing Systems 31: Annual Conference
               on Neural Information Processing Systems 2018, NeurIPS 2018, December
               3-8, 2018, Montr{\'{e}}al, Canada},
  pages     = {883--894},
  year      = {2018},
}

@inproceedings{DBLP:conf/eccv/MahajanGRHPLBM18,
  author    = {Dhruv Mahajan and
               Ross B. Girshick and
               Vignesh Ramanathan and
               Kaiming He and
               Manohar Paluri and
               Yixuan Li and
               Ashwin Bharambe and
               Laurens van der Maaten},
  editor    = {Vittorio Ferrari and
               Martial Hebert and
               Cristian Sminchisescu and
               Yair Weiss},
  title     = {Exploring the Limits of Weakly Supervised Pretraining},
  booktitle = {Computer Vision - {ECCV} 2018 - 15th European Conference, Munich,
               Germany, September 8-14, 2018, Proceedings, Part {II}},
  series    = {Lecture Notes in Computer Science},
  volume    = {11206},
  pages     = {185--201},
  publisher = {Springer},
  year      = {2018},
} % profits


@inproceedings{CURL,
  author    = {Jian{-}Hao Luo and
               Jianxin Wu},
  title     = {Neural Network Pruning With Residual-Connections and Limited-Data},
  booktitle = {2020 {IEEE/CVF} Conference on Computer Vision and Pattern Recognition,
               {CVPR} 2020, Seattle, WA, USA, June 13-19, 2020},
  pages     = {1455--1464},
  publisher = {{IEEE}},
  year      = {2020},
}

@inproceedings{Reborn,
  author    = {Yehui Tang and
               Shan You and
               Chang Xu and
               Jin Han and
               Chen Qian and
               Boxin Shi and
               Chao Xu and
               Changshui Zhang},
  title     = {Reborn Filters: Pruning Convolutional Neural Networks with Limited
               Data},
  booktitle = {The Thirty-Fourth {AAAI} Conference on Artificial Intelligence, {AAAI}
               2020, The Thirty-Second Innovative Applications of Artificial Intelligence
               Conference, {IAAI} 2020, The Tenth {AAAI} Symposium on Educational
               Advances in Artificial Intelligence, {EAAI} 2020, New York, NY, USA,
               February 7-12, 2020},
  pages     = {5972--5980},
  publisher = {{AAAI} Press},
  year      = {2020},
}

@inproceedings{Lottery,
  author    = {Jonathan Frankle and
               Michael Carbin},
  title     = {The Lottery Ticket Hypothesis: Finding Sparse, Trainable Neural Networks},
  booktitle = {7th International Conference on Learning Representations, {ICLR} 2019,
               New Orleans, LA, USA, May 6-9, 2019},
  publisher = {OpenReview.net},
  year      = {2019},
  timestamp = {Thu, 25 Jul 2019 13:03:15 +0200},
  biburl    = {https://dblp.org/rec/conf/iclr/FrankleC19.bib},
  bibsource = {dblp computer science bibliography, https://dblp.org}
}


@inproceedings{Data-free,
  author    = {Suraj Srinivas and
               R. Venkatesh Babu},
  editor    = {Xianghua Xie and
               Mark W. Jones and
               Gary K. L. Tam},
  title     = {Data-free Parameter Pruning for Deep Neural Networks},
  booktitle = {Proceedings of the British Machine Vision Conference 2015, {BMVC}
               2015, Swansea, UK, September 7-10, 2015},
  pages     = {31.1--31.12},
  publisher = {{BMVA} Press},
  year      = {2015},
}


@article{krizhevsky2009learning,
  title={Learning multiple layers of features from tiny images},
  author={Krizhevsky, Alex and Hinton, Geoffrey and others},
  year={2009},
  publisher={Citeseer}
}

@inproceedings{deng2009imagenet,
  title={Imagenet: A large-scale hierarchical image database},
  author={Deng, Jia and Dong, Wei and Socher, Richard and Li, Li-Jia and Li, Kai and Fei-Fei, Li},
  booktitle={2009 IEEE conference on computer vision and pattern recognition},
  pages={248--255},
  year={2009},
}


@inproceedings{Synaptic,
  author    = {Hidenori Tanaka and
               Daniel Kunin and
               Daniel L. Yamins and
               Surya Ganguli},
  editor    = {Hugo Larochelle and
               Marc'Aurelio Ranzato and
               Raia Hadsell and
               Maria{-}Florina Balcan and
               Hsuan{-}Tien Lin},
  title     = {Pruning neural networks without any data by iteratively conserving
               synaptic flow},
  booktitle = {Advances in Neural Information Processing Systems 33: Annual Conference
               on Neural Information Processing Systems 2020, NeurIPS 2020, December
               6-12, 2020, virtual},
  year      = {2020},
}
@inproceedings{SNIP,
  author    = {Namhoon Lee and
               Thalaiyasingam Ajanthan and
               Philip H. S. Torr},
  title     = {Snip: single-Shot Network Pruning based on Connection sensitivity},
  booktitle = {7th International Conference on Learning Representations, {ICLR} 2019,
               New Orleans, LA, USA, May 6-9, 2019},
  publisher = {OpenReview.net},
  year      = {2019},
}

@inproceedings{ResNet,
  author    = {Kaiming He and
               Xiangyu Zhang and
               Shaoqing Ren and
               Jian Sun},
  title     = {Deep Residual Learning for Image Recognition},
  booktitle = {2016 {IEEE} Conference on Computer Vision and Pattern Recognition,
               {CVPR} 2016, Las Vegas, NV, USA, June 27-30, 2016},
  pages     = {770--778},
  publisher = {{IEEE} Computer Society},
  year      = {2016},
  doi       = {10.1109/CVPR.2016.90},
  timestamp = {Wed, 16 Oct 2019 14:14:50 +0200},
  biburl    = {https://dblp.org/rec/conf/cvpr/HeZRS16.bib},
  bibsource = {dblp computer science bibliography, https://dblp.org}
}

@inproceedings{VGG,
  author    = {Karen Simonyan and
               Andrew Zisserman},
  editor    = {Yoshua Bengio and
               Yann LeCun},
  title     = {Very Deep Convolutional Networks for Large-Scale Image Recognition},
  booktitle = {3rd International Conference on Learning Representations, {ICLR} 2015,
               San Diego, CA, USA, May 7-9, 2015, Conference Track Proceedings},
  year      = {2015},
}



@inproceedings{PFEC,
  author    = {Hao Li and
               Asim Kadav and
               Igor Durdanovic and
               Hanan Samet and
               Hans Peter Graf},
  title     = {Pruning Filters for Efficient ConvNets},
  booktitle = {5th International Conference on Learning Representations, {ICLR} 2017,
               Toulon, France, April 24-26, 2017, Conference Track Proceedings},
  publisher = {OpenReview.net},
  year      = {2017},
}

% DBLP:conf/icpr/ZhongYZ18



@inproceedings{Lasso,
  author    = {Yihui He and
               Xiangyu Zhang and
               Jian Sun},
  title     = {Channel Pruning for Accelerating Very Deep Neural Networks},
  booktitle = {{IEEE} International Conference on Computer Vision, {ICCV} 2017, Venice,
               Italy, October 22-29, 2017},
  pages     = {1398--1406},
  publisher = {{IEEE} Computer Society},
  year      = {2017},
  doi       = {10.1109/ICCV.2017.155},
  timestamp = {Wed, 16 Oct 2019 14:14:51 +0200},
  biburl    = {https://dblp.org/rec/conf/iccv/HeZS17.bib},
  bibsource = {dblp computer science bibliography, https://dblp.org}
}

@article{Knowledge_Distilation,
  author    = {Geoffrey E. Hinton and
               Oriol Vinyals and
               Jeffrey Dean},
  title     = {Distilling the Knowledge in a Neural Network},
  journal   = {CoRR},
  volume    = {abs/1503.02531},
  year      = {2015},
}

@inproceedings{EIE,
  author    = {Song Han and
               Xingyu Liu and
               Huizi Mao and
               Jing Pu and
               Ardavan Pedram and
               Mark A. Horowitz and
               William J. Dally},
  title     = {{EIE:} Efficient Inference Engine on Compressed Deep Neural Network},
  booktitle = {43rd {ACM/IEEE} Annual International Symposium on Computer Architecture,
               {ISCA} 2016, Seoul, South Korea, June 18-22, 2016},
  pages     = {243--254},
  publisher = {{IEEE} Computer Society},
  year      = {2016},
}


@inproceedings{Soft,
  author    = {Yang He and
               Guoliang Kang and
               Xuanyi Dong and
               Yanwei Fu and
               Yi Yang},
  editor    = {J{\'{e}}r{\^{o}}me Lang},
  title     = {Soft Filter Pruning for Accelerating Deep Convolutional Neural Networks},
  booktitle = {Proceedings of the Twenty-Seventh International Joint Conference on
               Artificial Intelligence, {IJCAI} 2018, July 13-19, 2018, Stockholm,
               Sweden},
  pages     = {2234--2240},
  publisher = {ijcai.org},
  year      = {2018},
}


@inproceedings{Dynamic,
  author    = {Shaohui Lin and
               Rongrong Ji and
               Yuchao Li and
               Yongjian Wu and
               Feiyue Huang and
               Baochang Zhang},
  editor    = {J{\'{e}}r{\^{o}}me Lang},
  title     = {Accelerating Convolutional Networks via Global {\&} Dynamic Filter
               Pruning},
  booktitle = {Proceedings of the Twenty-Seventh International Joint Conference on
               Artificial Intelligence, {IJCAI} 2018, July 13-19, 2018, Stockholm,
               Sweden},
  pages     = {2425--2432},
  publisher = {ijcai.org},
  year      = {2018},
}



@inproceedings{Importance,
  author    = {Pavlo Molchanov and
               Arun Mallya and
               Stephen Tyree and
               Iuri Frosio and
               Jan Kautz},
  title     = {Importance Estimation for Neural Network Pruning},
  booktitle = {{IEEE} Conference on Computer Vision and Pattern Recognition, {CVPR}
               2019, Long Beach, CA, USA, June 16-20, 2019},
  pages     = {11264--11272},
  publisher = {Computer Vision Foundation / {IEEE}},
  year      = {2019},
}

@inproceedings{NISP,
  author    = {Ruichi Yu and
               Ang Li and
               Chun{-}Fu Chen and
               Jui{-}Hsin Lai and
               Vlad I. Morariu and
               Xintong Han and
               Mingfei Gao and
               Ching{-}Yung Lin and
               Larry S. Davis},
  title     = {{NISP:} Pruning Networks Using Neuron Importance Score Propagation},
  booktitle = {2018 {IEEE} Conference on Computer Vision and Pattern Recognition,
               {CVPR} 2018, Salt Lake City, UT, USA, June 18-22, 2018},
  pages     = {9194--9203},
  publisher = {{IEEE} Computer Society},
  year      = {2018},
}

@inproceedings{CoreSet_ICLR,
  author    = {Ben Mussay and
               Margarita Osadchy and
               Vladimir Braverman and
               Samson Zhou and
               Dan Feldman},
  title     = {Data-Independent Neural Pruning via Coresets},
  booktitle = {8th International Conference on Learning Representations, {ICLR} 2020,
               Addis Ababa, Ethiopia, April 26-30, 2020},
  publisher = {OpenReview.net},
  year      = {2020}
}

@INPROCEEDINGS{Data-Free-NetworkPruning,
  author={Tang, Jialiang and Liu, Mingjin and Jiang, Ning and Cai, Huan and Yu, Wenxin and Zhou, Jinjia},
  booktitle={2021 IEEE International Symposium on Circuits and Systems (ISCAS)}, 
  title={Data-Free Network Pruning for Model Compression}, 
  year={2021}}
  
@inproceedings{GlobalRanking,
  author    = {Ting{-}Wu Chin and
               Ruizhou Ding and
               Cha Zhang and
               Diana Marculescu},
  title     = {Towards Efficient Model Compression via Learned Global Ranking},
  booktitle = {2020 {IEEE/CVF} Conference on Computer Vision and Pattern Recognition,
               {CVPR} 2020, Seattle, WA, USA, June 13-19, 2020},
  pages     = {1515--1525},
  publisher = {{IEEE}},
  year      = {2020},
}

@article{RedPlus,
  author       = {Edouard Yvinec and
                  Arnaud Dapogny and
                  Matthieu Cord and
                  Kevin Bailly},
  title        = {{RED++} : Data-Free Pruning of Deep Neural Networks via Input Splitting
                  and Output Merging},
  journal      = {{IEEE} Trans. Pattern Anal. Mach. Intell.},
  volume       = {45},
  number       = {3},
  pages        = {3664--3676},
  year         = {2023},
}

@inproceedings{DeepInversion,
  author    = {Hongxu Yin and
               Pavlo Molchanov and
               Jose M. Alvarez and
               Zhizhong Li and
               Arun Mallya and
               Derek Hoiem and
               Niraj K. Jha and
               Jan Kautz},
  title     = {Dreaming to Distill: Data-Free Knowledge Transfer via DeepInversion},
  booktitle = {2020 {IEEE/CVF} Conference on Computer Vision and Pattern Recognition,
               {CVPR} 2020, Seattle, WA, USA, June 13-19, 2020},
  pages     = {8712--8721},
  publisher = {Computer Vision Foundation / {IEEE}},
  year      = {2020}
}

@inproceedings{OptimalPruning,
  author    = {Xin Dong and
               Shangyu Chen and
               Sinno Jialin Pan},
  editor    = {Isabelle Guyon and
               Ulrike von Luxburg and
               Samy Bengio and
               Hanna M. Wallach and
               Rob Fergus and
               S. V. N. Vishwanathan and
               Roman Garnett},
  title     = {Learning to Prune Deep Neural Networks via Layer-wise Optimal Brain
               Surgeon},
  booktitle = {Advances in Neural Information Processing Systems 30: Annual Conference
               on Neural Information Processing Systems 2017, December 4-9, 2017,
               Long Beach, CA, {USA}},
  pages     = {4857--4867},
  year      = {2017}
}


@incollection{PyTorch,
title = {PyTorch: An Imperative Style, High-Performance Deep Learning Library},
author = {Paszke, Adam and Gross, Sam and Massa, Francisco and Lerer, Adam and Bradbury, James and Chanan, Gregory and Killeen, Trevor and Lin, Zeming and Gimelshein, Natalia and Antiga, Luca and Desmaison, Alban and Kopf, Andreas and Yang, Edward and DeVito, Zachary and Raison, Martin and Tejani, Alykhan and Chilamkurthy, Sasank and Steiner, Benoit and Fang, Lu and Bai, Junjie and Chintala, Soumith},
booktitle = {Advances in Neural Information Processing Systems 32},
editor = {H. Wallach and H. Larochelle and A. Beygelzimer and F. d\textquotesingle Alch\'{e}-Buc and E. Fox and R. Garnett},
pages = {8024--8035},
year = {2019},
}

@article{LeNet,
  title={Gradient-based learning applied to document recognition},
  author={LeCun, Yann and Bottou, L{\'e}on and Bengio, Yoshua and Haffner, Patrick},
  journal={Proceedings of the IEEE},
  volume={86},
  number={11},
  pages={2278--2324},
  year={1998},
  publisher={Ieee}
}



@article{DBLP:journals/siamrev/KoldaB09,
  author    = {Tamara G. Kolda and
               Brett W. Bader},
  title     = {Tensor Decompositions and Applications},
  journal   = {{SIAM} Rev.},
  volume    = {51},
  number    = {3},
  pages     = {455--500},
  year      = {2009},
}

@article{pearl2001,
  title={Parameter Identification: A New Perspective (Second Draft)},
  author={Pearl, Judea},
  year={2001},
}


@inproceedings{BigGAN,
  author       = {Andrew Brock and
                  Jeff Donahue and
                  Karen Simonyan},
  title        = {Large Scale {GAN} Training for High Fidelity Natural Image Synthesis},
  booktitle    = {7th International Conference on Learning Representations, {ICLR} 2019,
                  New Orleans, LA, USA, May 6-9, 2019},
  publisher    = {OpenReview.net},
  year         = {2019},
}

@inproceedings{KEGNET,
  author    = {Jaemin Yoo and
               Minyong Cho and
               Taebum Kim and
               U Kang},
  editor    = {Hanna M. Wallach and
               Hugo Larochelle and
               Alina Beygelzimer and
               Florence d'Alch{\'{e}}{-}Buc and
               Emily B. Fox and
               Roman Garnett},
  title     = {Knowledge Extraction with No Observable Data},
  booktitle = {Advances in Neural Information Processing Systems 32: Annual Conference
               on Neural Information Processing Systems 2019, NeurIPS 2019, December
               8-14, 2019, Vancouver, BC, Canada},
  pages     = {2701--2710},
  year      = {2019}
}


@inproceedings{DAFL019,
  author    = {Hanting Chen and
               Yunhe Wang and
               Chang Xu and
               Zhaohui Yang and
               Chuanjian Liu and
               Boxin Shi and
               Chunjing Xu and
               Chao Xu and
               Qi Tian},
  title     = {Data-Free Learning of Student Networks},
  booktitle = {2019 {IEEE/CVF} International Conference on Computer Vision, {ICCV}
               2019, Seoul, Korea (South), October 27 - November 2, 2019},
  pages     = {3513--3521},
  publisher = {{IEEE}},
  year      = {2019}
}

@article{DFAD,
  author    = {Gongfan Fang and
               Jie Song and
               Chengchao Shen and
               Xinchao Wang and
               Da Chen and
               Mingli Song},
  title     = {Data-Free Adversarial Distillation},
  journal   = {CoRR},
  volume    = {abs/1912.11006},
  year      = {2019}
}

@inproceedings{DFAD_BEFORE,
  author    = {Paul Micaelli and
               Amos J. Storkey},
  editor    = {Hanna M. Wallach and
               Hugo Larochelle and
               Alina Beygelzimer and
               Florence d'Alch{\'{e}}{-}Buc and
               Emily B. Fox and
               Roman Garnett},
  title     = {Zero-shot Knowledge Transfer via Adversarial Belief Matching},
  booktitle = {Advances in Neural Information Processing Systems 32: Annual Conference
               on Neural Information Processing Systems 2019, NeurIPS 2019, December
               8-14, 2019, Vancouver, BC, Canada},
  pages     = {9547--9557},
  year      = {2019}
}




@inproceedings{cocodataset,
  author       = {Tsung{-}Yi Lin and
                  Michael Maire and
                  Serge J. Belongie and
                  James Hays and
                  Pietro Perona and
                  Deva Ramanan and
                  Piotr Doll{\'{a}}r and
                  C. Lawrence Zitnick},
  editor       = {David J. Fleet and
                  Tom{\'{a}}s Pajdla and
                  Bernt Schiele and
                  Tinne Tuytelaars},
  title        = {Microsoft {COCO:} Common Objects in Context},
  booktitle    = {Computer Vision - {ECCV} 2014 - 13th European Conference, Zurich,
                  Switzerland, September 6-12, 2014, Proceedings, Part {V}},
  series       = {Lecture Notes in Computer Science},
  volume       = {8693},
  pages        = {740--755},
  publisher    = {Springer},
  year         = {2014},
}
@inproceedings{ssd,
  author       = {Wei Liu and
                  Dragomir Anguelov and
                  Dumitru Erhan and
                  Christian Szegedy and
                  Scott E. Reed and
                  Cheng{-}Yang Fu and
                  Alexander C. Berg},
  editor       = {Bastian Leibe and
                  Jiri Matas and
                  Nicu Sebe and
                  Max Welling},
  title        = {{SSD:} Single Shot MultiBox Detector},
  booktitle    = {Computer Vision - {ECCV} 2016 - 14th European Conference, Amsterdam,
                  The Netherlands, October 11-14, 2016, Proceedings, Part {I}},
  series       = {Lecture Notes in Computer Science},
  volume       = {9905},
  pages        = {21--37},
  publisher    = {Springer},
  year         = {2016},
}


@article{URC,
  author       = {Yaguan Qian and
                  Zhiqiang He and
                  Yuqi Wang and
                  Bin Wang and
                  Xiang Ling and
                  Zhaoquan Gu and
                  Haijiang Wang and
                  Shaoning Zeng and
                  Wassim Swaileh},
  title        = {Hierarchical Threshold Pruning Based on Uniform Response Criterion},
  journal      = {{IEEE} Trans. Neural Networks Learn. Syst.},
  volume       = {35},
  number       = {8},
  pages        = {10869--10881},
  year         = {2024},
}

@article{catro,
  author       = {Wenzheng Hu and
                  Zhengping Che and
                  Ning Liu and
                  Mingyang Li and
                  Jian Tang and
                  Changshui Zhang and
                  Jianqiang Wang},
  title        = {{CATRO:} Channel Pruning via Class-Aware Trace Ratio Optimization},
  journal      = {{IEEE} Trans. Neural Networks Learn. Syst.},
  volume       = {35},
  number       = {8},
  pages        = {11595--11607},
  year         = {2024},

}

@article{SparseNet,
  author       = {Peisong Wang and
                  Fanrong Li and
                  Gang Li and
                  Jian Cheng},
  title        = {Extremely Sparse Networks via Binary Augmented Pruning for Fast Image
                  Classification},
  journal      = {{IEEE} Trans. Neural Networks Learn. Syst.},
  volume       = {34},
  number       = {8},
  pages        = {4167--4180},
  year         = {2023},
  url          = {https://doi.org/10.1109/TNNLS.2021.3120409},
  doi          = {10.1109/TNNLS.2021.3120409},
}

@article{LeeS24,
  author       = {Seunghyun Lee and
                  Byung Cheol Song},
  title        = {Fast Filter Pruning via Coarse-to-Fine Neural Architecture Search
                  and Contrastive Knowledge Transfer},
  journal      = {{IEEE} Trans. Neural Networks Learn. Syst.},
  volume       = {35},
  number       = {7},
  pages        = {9674--9685},
  year         = {2024},
}

@article{ZhangF24,
  author       = {Yuyao Zhang and
                  Nikolaos M. Freris},
  title        = {Adaptive Filter Pruning via Sensitivity Feedback},
  journal      = {{IEEE} Trans. Neural Networks Learn. Syst.},
  volume       = {35},
  number       = {8},
  pages        = {10996--11008},
  year         = {2024},
}