@article{19ff28b9-64f9-3656-ba40-08326a05748e,
 ISSN = {00063444, 14643510},
 URL = {http://www.jstor.org/stable/2334029},
 author = {Ralph Allan Bradley and Milton E. Terry},
 journal = {Biometrika},
 number = {3/4},
 pages = {324--345},
 publisher = {[Oxford University Press, Biometrika Trust]},
 title = {Rank Analysis of Incomplete Block Designs: I. The Method of Paired Comparisons},
 urldate = {2024-08-30},
 volume = {39},
 year = {1952}
}
@article{zhong2024provable,
  title={Provable multi-party reinforcement learning with diverse human feedback},
  author={Zhong, Huiying and Deng, Zhun and Su, Weijie J and Wu, Zhiwei Steven and Zhang, Linjun},
  journal={arXiv preprint arXiv:2403.05006},
  year={2024}
}

@misc{rafailov2024directpreferenceoptimizationlanguage,
      title={Direct Preference Optimization: Your Language Model is Secretly a Reward Model}, 
      author={Rafael Rafailov and Archit Sharma and Eric Mitchell and Stefano Ermon and Christopher D. Manning and Chelsea Finn},
      year={2024},
      eprint={2305.18290},
      archivePrefix={arXiv},
      primaryClass={cs.LG},
      url={https://arxiv.org/abs/2305.18290}, 
}




@inproceedings{
chakraborty2024maxminrlhfequitablealignmentlarge,
title={MaxMin-{RLHF}: Alignment with Diverse Human Preferences},
author={Souradip Chakraborty and Jiahao Qiu and Hui Yuan and Alec Koppel and Dinesh Manocha and Furong Huang and Amrit Bedi and Mengdi Wang},
booktitle={Forty-first International Conference on Machine Learning},
year={2024},
url={https://openreview.net/forum?id=8tzjEMF0Vq}
}


@misc{christiano2023deepreinforcementlearninghuman,
      title={Deep reinforcement learning from human preferences}, 
      author={Paul Christiano and Jan Leike and Tom B. Brown and Miljan Martic and Shane Legg and Dario Amodei},
      year={2023},
      eprint={1706.03741},
      archivePrefix={arXiv},
      primaryClass={stat.ML},
      url={https://arxiv.org/abs/1706.03741}, 
}

@misc{ziegler2020finetuninglanguagemodelshuman,
      title={Fine-Tuning Language Models from Human Preferences}, 
      author={Daniel M. Ziegler and Nisan Stiennon and Jeffrey Wu and Tom B. Brown and Alec Radford and Dario Amodei and Paul Christiano and Geoffrey Irving},
      year={2020},
      eprint={1909.08593},
      archivePrefix={arXiv},
      primaryClass={cs.CL},
      url={https://arxiv.org/abs/1909.08593}, 
}

@inproceedings{NEURIPS2020_1f89885d,
 author = {Stiennon, Nisan and Ouyang, Long and Wu, Jeffrey and Ziegler, Daniel and Lowe, Ryan and Voss, Chelsea and Radford, Alec and Amodei, Dario and Christiano, Paul F},
 booktitle = {Advances in Neural Information Processing Systems},
 editor = {H. Larochelle and M. Ranzato and R. Hadsell and M.F. Balcan and H. Lin},
 pages = {3008--3021},
 publisher = {Curran Associates, Inc.},
 title = {Learning to summarize with human feedback},
 url = {https://proceedings.neurips.cc/paper_files/paper/2020/file/1f89885d556929e98d3ef9b86448f951-Paper.pdf},
 volume = {33},
 year = {2020}
}

@misc{ouyang2022traininglanguagemodelsfollow,
      title={Training language models to follow instructions with human feedback}, 
      author={Long Ouyang and Jeff Wu and Xu Jiang and Diogo Almeida and Carroll L. Wainwright and Pamela Mishkin and Chong Zhang and Sandhini Agarwal and Katarina Slama and Alex Ray and John Schulman and Jacob Hilton and Fraser Kelton and Luke Miller and Maddie Simens and Amanda Askell and Peter Welinder and Paul Christiano and Jan Leike and Ryan Lowe},
      year={2022},
      eprint={2203.02155},
      archivePrefix={arXiv},
      primaryClass={cs.CL},
      url={https://arxiv.org/abs/2203.02155}, 
}

@misc{schulman2017proximalpolicyoptimizationalgorithms,
      title={Proximal Policy Optimization Algorithms}, 
      author={John Schulman and Filip Wolski and Prafulla Dhariwal and Alec Radford and Oleg Klimov},
      year={2017},
      eprint={1707.06347},
      archivePrefix={arXiv},
      primaryClass={cs.LG},
      url={https://arxiv.org/abs/1707.06347}, 
}

@misc{bai2022traininghelpfulharmlessassistant,
      title={Training a Helpful and Harmless Assistant with Reinforcement Learning from Human Feedback}, 
      author={Yuntao Bai and Andy Jones and Kamal Ndousse and Amanda Askell and Anna Chen and Nova DasSarma and Dawn Drain and Stanislav Fort and Deep Ganguli and Tom Henighan and Nicholas Joseph and Saurav Kadavath and Jackson Kernion and Tom Conerly and Sheer El-Showk and Nelson Elhage and Zac Hatfield-Dodds and Danny Hernandez and Tristan Hume and Scott Johnston and Shauna Kravec and Liane Lovitt and Neel Nanda and Catherine Olsson and Dario Amodei and Tom Brown and Jack Clark and Sam McCandlish and Chris Olah and Ben Mann and Jared Kaplan},
      year={2022},
      eprint={2204.05862},
      archivePrefix={arXiv},
      primaryClass={cs.CL},
      url={https://arxiv.org/abs/2204.05862}, 
}

@misc{stiennon2022learningsummarizehumanfeedback,
      title={Learning to summarize from human feedback}, 
      author={Nisan Stiennon and Long Ouyang and Jeff Wu and Daniel M. Ziegler and Ryan Lowe and Chelsea Voss and Alec Radford and Dario Amodei and Paul Christiano},
      year={2022},
      eprint={2009.01325},
      archivePrefix={arXiv},
      primaryClass={cs.CL},
      url={https://arxiv.org/abs/2009.01325}, 
}

@misc{kreutzer2018reliabilitylearnabilityhumanbandit,
      title={Reliability and Learnability of Human Bandit Feedback for Sequence-to-Sequence Reinforcement Learning}, 
      author={Julia Kreutzer and Joshua Uyheng and Stefan Riezler},
      year={2018},
      eprint={1805.10627},
      archivePrefix={arXiv},
      primaryClass={cs.CL},
      url={https://arxiv.org/abs/1805.10627}, 
}

@misc{wu2023humanpreferencescorebetter,
      title={Human Preference Score: Better Aligning Text-to-Image Models with Human Preference}, 
      author={Xiaoshi Wu and Keqiang Sun and Feng Zhu and Rui Zhao and Hongsheng Li},
      year={2023},
      eprint={2303.14420},
      archivePrefix={arXiv},
      primaryClass={cs.CV},
      url={https://arxiv.org/abs/2303.14420}, 
}

@misc{lee2023aligningtexttoimagemodelsusing,
      title={Aligning Text-to-Image Models using Human Feedback}, 
      author={Kimin Lee and Hao Liu and Moonkyung Ryu and Olivia Watkins and Yuqing Du and Craig Boutilier and Pieter Abbeel and Mohammad Ghavamzadeh and Shixiang Shane Gu},
      year={2023},
      eprint={2302.12192},
      archivePrefix={arXiv},
      primaryClass={cs.LG},
      url={https://arxiv.org/abs/2302.12192}, 
}

@misc{casper2023openproblemsfundamentallimitations,
      title={Open Problems and Fundamental Limitations of Reinforcement Learning from Human Feedback}, 
      author={Stephen Casper and Xander Davies and Claudia Shi and Thomas Krendl Gilbert and Jérémy Scheurer and Javier Rando and Rachel Freedman and Tomasz Korbak and David Lindner and Pedro Freire and Tony Wang and Samuel Marks and Charbel-Raphaël Segerie and Micah Carroll and Andi Peng and Phillip Christoffersen and Mehul Damani and Stewart Slocum and Usman Anwar and Anand Siththaranjan and Max Nadeau and Eric J. Michaud and Jacob Pfau and Dmitrii Krasheninnikov and Xin Chen and Lauro Langosco and Peter Hase and Erdem Bıyık and Anca Dragan and David Krueger and Dorsa Sadigh and Dylan Hadfield-Menell},
      year={2023},
      eprint={2307.15217},
      archivePrefix={arXiv},
      primaryClass={cs.AI},
      url={https://arxiv.org/abs/2307.15217}, 
}

@misc{ramé2023rewardedsoupsparetooptimalalignment,
      title={Rewarded soups: towards Pareto-optimal alignment by interpolating weights fine-tuned on diverse rewards}, 
      author={Alexandre Ramé and Guillaume Couairon and Mustafa Shukor and Corentin Dancette and Jean-Baptiste Gaya and Laure Soulier and Matthieu Cord},
      year={2023},
      eprint={2306.04488},
      archivePrefix={arXiv},
      primaryClass={cs.LG},
      url={https://arxiv.org/abs/2306.04488}, 
}

@misc{wang2024arithmeticcontrolllmsdiverse,
      title={Arithmetic Control of LLMs for Diverse User Preferences: Directional Preference Alignment with Multi-Objective Rewards}, 
      author={Haoxiang Wang and Yong Lin and Wei Xiong and Rui Yang and Shizhe Diao and Shuang Qiu and Han Zhao and Tong Zhang},
      year={2024},
      eprint={2402.18571},
      archivePrefix={arXiv},
      primaryClass={cs.LG},
      url={https://arxiv.org/abs/2402.18571}, 
}



@misc{zhou2024onepreferencefitsallalignmentmultiobjectivedirect,
      title={Beyond One-Preference-Fits-All Alignment: Multi-Objective Direct Preference Optimization}, 
      author={Zhanhui Zhou and Jie Liu and Jing Shao and Xiangyu Yue and Chao Yang and Wanli Ouyang and Yu Qiao},
      year={2024},
      eprint={2310.03708},
      archivePrefix={arXiv},
      primaryClass={cs.LG},
      url={https://arxiv.org/abs/2310.03708}, 
}


@misc{park2024rlhfheterogeneousfeedbackpersonalization,
      title={RLHF from Heterogeneous Feedback via Personalization and Preference Aggregation}, 
      author={Chanwoo Park and Mingyang Liu and Dingwen Kong and Kaiqing Zhang and Asuman Ozdaglar},
      year={2024},
      eprint={2405.00254},
      archivePrefix={arXiv},
      primaryClass={cs.AI},
      url={https://arxiv.org/abs/2405.00254}, 
}


@misc{bakker2022finetuninglanguagemodelsagreement,
      title={Fine-tuning language models to find agreement among humans with diverse preferences}, 
      author={Michiel A. Bakker and Martin J. Chadwick and Hannah R. Sheahan and Michael Henry Tessler and Lucy Campbell-Gillingham and Jan Balaguer and Nat McAleese and Amelia Glaese and John Aslanides and Matthew M. Botvinick and Christopher Summerfield},
      year={2022},
      eprint={2211.15006},
      archivePrefix={arXiv},
      primaryClass={cs.LG},
      url={https://arxiv.org/abs/2211.15006}, 
}

@misc{jang2023personalizedsoupspersonalizedlarge,
      title={Personalized Soups: Personalized Large Language Model Alignment via Post-hoc Parameter Merging}, 
      author={Joel Jang and Seungone Kim and Bill Yuchen Lin and Yizhong Wang and Jack Hessel and Luke Zettlemoyer and Hannaneh Hajishirzi and Yejin Choi and Prithviraj Ammanabrolu},
      year={2023},
      eprint={2310.11564},
      archivePrefix={arXiv},
      primaryClass={cs.CL},
      url={https://arxiv.org/abs/2310.11564}, 
}

@misc{chidambaram2024directpreferenceoptimizationunobserved,
      title={Direct Preference Optimization With Unobserved Preference Heterogeneity}, 
      author={Keertana Chidambaram and Karthik Vinay Seetharaman and Vasilis Syrgkanis},
      year={2024},
      eprint={2405.15065},
      archivePrefix={arXiv},
      primaryClass={cs.LG},
      url={https://arxiv.org/abs/2405.15065}, 
}


@misc{zhong2024provablemultipartyreinforcementlearning,
      title={Provable Multi-Party Reinforcement Learning with Diverse Human Feedback}, 
      author={Huiying Zhong and Zhun Deng and Weijie J. Su and Zhiwei Steven Wu and Linjun Zhang},
      year={2024},
      eprint={2403.05006},
      archivePrefix={arXiv},
      primaryClass={cs.LG},
      url={https://arxiv.org/abs/2403.05006}, 
}

@article{Li_2021,
   title={Deep Reinforcement Learning for Multiobjective Optimization},
   volume={51},
   ISSN={2168-2275},
   url={http://dx.doi.org/10.1109/TCYB.2020.2977661},
   DOI={10.1109/tcyb.2020.2977661},
   number={6},
   journal={IEEE Transactions on Cybernetics},
   publisher={Institute of Electrical and Electronics Engineers (IEEE)},
   author={Li, Kaiwen and Zhang, Tao and Wang, Rui},
   year={2021},
   month=jun, pages={3103–3114} }


@book{Sen2017-SENCCA-2,
	author = {Amartya Sen},
	editor = {},
	publisher = {Harvard University Press},
	title = {Collective Choice and Social Welfare: An Expanded Edition},
	year = {2017}
}

@article{pjm/1103040253,
author = {Maurice Sion},
title = {{On general minimax theorems.}},
volume = {8},
journal = {Pacific Journal of Mathematics},
number = {1},
publisher = {Pacific Journal of Mathematics, A Non-profit Corporation},
pages = {171 -- 176},
year = {1958},
}


@misc{wu2023finegrainedhumanfeedbackgives,
      title={Fine-Grained Human Feedback Gives Better Rewards for Language Model Training}, 
      author={Zeqiu Wu and Yushi Hu and Weijia Shi and Nouha Dziri and Alane Suhr and Prithviraj Ammanabrolu and Noah A. Smith and Mari Ostendorf and Hannaneh Hajishirzi},
      year={2023},
      eprint={2306.01693},
      archivePrefix={arXiv},
      primaryClass={cs.CL},
      url={https://arxiv.org/abs/2306.01693}, 
}

@misc{pan2022effectsrewardmisspecificationmapping,
      title={The Effects of Reward Misspecification: Mapping and Mitigating Misaligned Models}, 
      author={Alexander Pan and Kush Bhatia and Jacob Steinhardt},
      year={2022},
      eprint={2201.03544},
      archivePrefix={arXiv},
      primaryClass={cs.LG},
      url={https://arxiv.org/abs/2201.03544}, 
}

@misc{michaud2020understandinglearnedrewardfunctions,
      title={Understanding Learned Reward Functions}, 
      author={Eric J. Michaud and Adam Gleave and Stuart Russell},
      year={2020},
      eprint={2012.05862},
      archivePrefix={arXiv},
      primaryClass={cs.LG},
      url={https://arxiv.org/abs/2012.05862}, 
}

@article{christiano2017deep,
  title={Deep reinforcement learning from human preferences},
  author={Christiano, Paul F and Leike, Jan and Brown, Tom and Martic, Miljan and Legg, Shane and Amodei, Dario},
  journal={Advances in neural information processing systems},
  volume={30},
  year={2017}
}


@misc{ji2023beavertailsimprovedsafetyalignment,
      title={BeaverTails: Towards Improved Safety Alignment of LLM via a Human-Preference Dataset}, 
      author={Jiaming Ji and Mickel Liu and Juntao Dai and Xuehai Pan and Chi Zhang and Ce Bian and Chi Zhang and Ruiyang Sun and Yizhou Wang and Yaodong Yang},
      year={2023},
      eprint={2307.04657},
      archivePrefix={arXiv},
      primaryClass={cs.CL},
      url={https://arxiv.org/abs/2307.04657}, 
}


@misc{loureiro2022timelmsdiachroniclanguagemodels,
      title={TimeLMs: Diachronic Language Models from Twitter}, 
      author={Daniel Loureiro and Francesco Barbieri and Leonardo Neves and Luis Espinosa Anke and Jose Camacho-Collados},
      year={2022},
      eprint={2202.03829},
      archivePrefix={arXiv},
      primaryClass={cs.CL},
      url={https://arxiv.org/abs/2202.03829}, 
}


@article{dubey2024llama,
  title={The llama 3 herd of models},
  author={Dubey, Abhimanyu and Jauhri, Abhinav and Pandey, Abhinav and Kadian, Abhishek and Al-Dahle, Ahmad and Letman, Aiesha and Mathur, Akhil and Schelten, Alan and Yang, Amy and Fan, Angela and others},
  journal={arXiv preprint arXiv:2407.21783},
  year={2024}
}


@misc{brown2020languagemodelsfewshotlearners,
      title={Language Models are Few-Shot Learners}, 
      author={Tom B. Brown and Benjamin Mann and Nick Ryder and Melanie Subbiah and Jared Kaplan and Prafulla Dhariwal and Arvind Neelakantan and Pranav Shyam and Girish Sastry and Amanda Askell and Sandhini Agarwal and Ariel Herbert-Voss and Gretchen Krueger and Tom Henighan and Rewon Child and Aditya Ramesh and Daniel M. Ziegler and Jeffrey Wu and Clemens Winter and Christopher Hesse and Mark Chen and Eric Sigler and Mateusz Litwin and Scott Gray and Benjamin Chess and Jack Clark and Christopher Berner and Sam McCandlish and Alec Radford and Ilya Sutskever and Dario Amodei},
      year={2020},
      eprint={2005.14165},
      archivePrefix={arXiv},
      primaryClass={cs.CL},
      url={https://arxiv.org/abs/2005.14165}, 
}


@misc{wei2023chainofthoughtpromptingelicitsreasoning,
      title={Chain-of-Thought Prompting Elicits Reasoning in Large Language Models}, 
      author={Jason Wei and Xuezhi Wang and Dale Schuurmans and Maarten Bosma and Brian Ichter and Fei Xia and Ed Chi and Quoc Le and Denny Zhou},
      year={2023},
      eprint={2201.11903},
      archivePrefix={arXiv},
      primaryClass={cs.CL},
      url={https://arxiv.org/abs/2201.11903}, 
}

@misc{qwen2.5,
    title = {Qwen2.5: A Party of Foundation Models},
    url = {https://qwenlm.github.io/blog/qwen2.5/},
    author = {{Qwen Team}},
    month = {September},
    year = {2024}
}

@misc{yang2024rewardsincontextmultiobjectivealignmentfoundation,
      title={Rewards-in-Context: Multi-objective Alignment of Foundation Models with Dynamic Preference Adjustment}, 
      author={Rui Yang and Xiaoman Pan and Feng Luo and Shuang Qiu and Han Zhong and Dong Yu and Jianshu Chen},
      year={2024},
      eprint={2402.10207},
      archivePrefix={arXiv},
      primaryClass={cs.LG},
      url={https://arxiv.org/abs/2402.10207}, 
}

@inproceedings{maas-etal-2011-learning,
    title = "Learning Word Vectors for Sentiment Analysis",
    author = "Maas, Andrew L.  and
      Daly, Raymond E.  and
      Pham, Peter T.  and
      Huang, Dan  and
      Ng, Andrew Y.  and
      Potts, Christopher",
    editor = "Lin, Dekang  and
      Matsumoto, Yuji  and
      Mihalcea, Rada",
    booktitle = "Proceedings of the 49th Annual Meeting of the Association for Computational Linguistics: Human Language Technologies",
    month = jun,
    year = "2011",
    address = "Portland, Oregon, USA",
    publisher = "Association for Computational Linguistics",
    url = "https://aclanthology.org/P11-1015",
    pages = "142--150",
}


@misc{hu2021loralowrankadaptationlarge,
      title={LoRA: Low-Rank Adaptation of Large Language Models}, 
      author={Edward J. Hu and Yelong Shen and Phillip Wallis and Zeyuan Allen-Zhu and Yuanzhi Li and Shean Wang and Lu Wang and Weizhu Chen},
      year={2021},
      eprint={2106.09685},
      archivePrefix={arXiv},
      primaryClass={cs.CL},
      url={https://arxiv.org/abs/2106.09685}, 
}


@misc{chen2024selfplayfinetuningconvertsweak,
      title={Self-Play Fine-Tuning Converts Weak Language Models to Strong Language Models}, 
      author={Zixiang Chen and Yihe Deng and Huizhuo Yuan and Kaixuan Ji and Quanquan Gu},
      year={2024},
      eprint={2401.01335},
      archivePrefix={arXiv},
      primaryClass={cs.LG},
      url={https://arxiv.org/abs/2401.01335}, 
}

@misc{liu2024statisticalrejectionsamplingimproves,
      title={Statistical Rejection Sampling Improves Preference Optimization}, 
      author={Tianqi Liu and Yao Zhao and Rishabh Joshi and Misha Khalman and Mohammad Saleh and Peter J. Liu and Jialu Liu},
      year={2024},
      eprint={2309.06657},
      archivePrefix={arXiv},
      primaryClass={cs.CL},
      url={https://arxiv.org/abs/2309.06657}, 
}


@inproceedings{wolf2020transformers,
  title={Transformers: State-of-the-art natural language processing},
  author={Wolf, Thomas and Debut, Lysandre and Sanh, Victor and Chaumond, Julien and Delangue, Clement and Moi, Anthony and Cistac, Pierric and Rault, Tim and Louf, R{\'e}mi and Funtowicz, Morgan and others},
  booktitle={Proceedings of the 2020 conference on empirical methods in natural language processing: system demonstrations},
  pages={38--45},
  year={2020}
}

@misc{vonwerra2022trl,
  author = {Leandro von Werra and Younes Belkada and Lewis Tunstall and Edward Beeching and Tristan Thrush and Nathan Lambert and Shengyi Huang and Kashif Rasul and Quentin Gallouédec},
  title = {TRL: Transformer Reinforcement Learning},
  year = {2020},
  publisher = {GitHub},
  journal = {GitHub repository},
  howpublished = {\url{https://github.com/huggingface/trl}}
}

@misc{unsloth,
  author = {Daniel Han, Michael Han and Unsloth team},
  title = {Unsloth},
  url = {http://github.com/unslothai/unsloth},
  year = {2023}
}

@article{nemirovski2009robust,
  title={Robust stochastic approximation approach to stochastic programming},
  author={Nemirovski, Arkadi and Juditsky, Anatoli and Lan, Guanghui and Shapiro, Alexander},
  journal={SIAM Journal on optimization},
  volume={19},
  number={4},
  pages={1574--1609},
  year={2009},
  publisher={SIAM}
}

@article{hu2024multi,
  title={Multi-level monte-carlo gradient methods for stochastic optimization with biased oracles},
  author={Hu, Yifan and Wang, Jie and Chen, Xin and He, Niao},
  journal={arXiv preprint arXiv:2408.11084},
  year={2024}
}

@article{chen2024landscape,
  title={Landscape of Policy Optimization for Finite Horizon MDPs with General State and Action},
  author={Chen, Xin and Hu, Yifan and Zhao, Minda},
  journal={arXiv preprint arXiv:2409.17138},
  year={2024}
}

@article{hu2024biasedstochasticfirstordermethods,
      title={Biased Stochastic First-Order Methods for Conditional Stochastic Optimization and Applications in Meta Learning}, 
      author={Yifan Hu and Siqi Zhang and Xin Chen and Niao He},
      year={2020},
      journal={Advances in Neural Information Processing Systems},
  volume={33},
  pages={2759--2770},
      url={https://proceedings.neurips.cc/paper/2020/hash/1cdf14d1e3699d61d237cf76ce1c2dca-Abstract.html}, 
}

@article{doi:10.1137/070704277,
author = {Nemirovski, A. and Juditsky, A. and Lan, G. and Shapiro, A.},
title = {Robust Stochastic Approximation Approach to Stochastic Programming},
journal = {SIAM Journal on Optimization},
volume = {19},
number = {4},
pages = {1574-1609},
year = {2009},
doi = {10.1137/070704277},

URL = { 
    
        https://doi.org/10.1137/070704277
    
    

},
eprint = { 
    
        https://doi.org/10.1137/070704277
   

}

}


@article{Hu_2020,
   title={Sample Complexity of Sample Average Approximation for Conditional Stochastic Optimization},
   volume={30},
   ISSN={1095-7189},
   url={http://dx.doi.org/10.1137/19M1284865},
   DOI={10.1137/19m1284865},
   number={3},
   journal={SIAM Journal on Optimization},
   publisher={Society for Industrial & Applied Mathematics (SIAM)},
   author={Hu, Yifan and Chen, Xin and He, Niao},
   year={2020},
   month=jan, pages={2103–2133} }


@misc{feng2024analyzingunderstandinglimitationsdpo,
      title={Towards Analyzing and Understanding the Limitations of DPO: A Theoretical Perspective}, 
      author={Duanyu Feng and Bowen Qin and Chen Huang and Zheng Zhang and Wenqiang Lei},
      year={2024},
      eprint={2404.04626},
      archivePrefix={arXiv},
      primaryClass={cs.CL},
      url={https://arxiv.org/abs/2404.04626}, 
}

@misc{xu2024dposuperiorppollm,
      title={Is DPO Superior to PPO for LLM Alignment? A Comprehensive Study}, 
      author={Shusheng Xu and Wei Fu and Jiaxuan Gao and Wenjie Ye and Weilin Liu and Zhiyu Mei and Guangju Wang and Chao Yu and Yi Wu},
      year={2024},
      eprint={2404.10719},
      archivePrefix={arXiv},
      primaryClass={cs.CL},
      url={https://arxiv.org/abs/2404.10719}, 
}

@misc{karimi2020linearconvergencegradientproximalgradient,
      title={Linear Convergence of Gradient and Proximal-Gradient Methods Under the Polyak-\L{}ojasiewicz Condition}, 
      author={Hamed Karimi and Julie Nutini and Mark Schmidt},
      year={2020},
      eprint={1608.04636},
      archivePrefix={arXiv},
      primaryClass={cs.LG},
      url={https://arxiv.org/abs/1608.04636}, 
}

@misc{zhang2020variationalpolicygradientmethod,
      title={Variational Policy Gradient Method for Reinforcement Learning with General Utilities}, 
      author={Junyu Zhang and Alec Koppel and Amrit Singh Bedi and Csaba Szepesvari and Mengdi Wang},
      year={2020},
      eprint={2007.02151},
      archivePrefix={arXiv},
      primaryClass={cs.LG},
      url={https://arxiv.org/abs/2007.02151}, 
}


@inproceedings{sun2021learning,
  title={Learning optimal controllers by policy gradient: Global optimality via convex parameterization},
  author={Sun, Yue and Fazel, Maryam},
  booktitle={2021 60th IEEE Conference on Decision and Control (CDC)},
  pages={4576--4581},
  year={2021},
  organization={IEEE}
}

@article{POLYAK1963864,
title = {Gradient methods for the minimisation of functionals},
journal = {USSR Computational Mathematics and Mathematical Physics},
volume = {3},
number = {4},
pages = {864-878},
year = {1963},
issn = {0041-5553},
doi = {https://doi.org/10.1016/0041-5553(63)90382-3},
url = {https://www.sciencedirect.com/science/article/pii/0041555363903823},
author = {B.T. Polyak},
abstract = {Let tf(t) be a functional defined in the (real) Hubert space H. The problem consists in finding its minimum value tff∗ = inf tf(x) and some minimum point x∗ (if such exists).}
}

@misc{liu2021losslandscapesoptimizationoverparameterized,
      title={Loss landscapes and optimization in over-parameterized non-linear systems and neural networks}, 
      author={Chaoyue Liu and Libin Zhu and Mikhail Belkin},
      year={2021},
      eprint={2003.00307},
      archivePrefix={arXiv},
      primaryClass={cs.LG},
      url={https://arxiv.org/abs/2003.00307}, 
}


@article{https://doi.org/10.1111/poms.13960,
author = {Chen, Yiwei and Shi, Cong},
title = {Network revenue management with online inverse batch gradient descent method},
journal = {Production and Operations Management},
volume = {32},
number = {7},
pages = {2123-2137},
keywords = {asymptotic optimality, dynamic pricing, network, nonparametric, online learning, revenue management, stochastic gradient descent},
doi = {https://doi.org/10.1111/poms.13960},
url = {https://onlinelibrary.wiley.com/doi/abs/10.1111/poms.13960},
eprint = {https://onlinelibrary.wiley.com/doi/pdf/10.1111/poms.13960},
year = {2023}
}