@inproceedings{ali2024estimating,
  title={Estimating Direct and Indirect Causal Effects of Spatiotemporal Interventions in Presence of Spatial Interference},
  author={Ali, Sahara and Faruque, Omar and Wang, Jianwu},
  booktitle={Joint European Conference on Machine Learning and Knowledge Discovery in Databases},
  pages={213--230},
  year={2024},
  organization={Springer}
}

@book{anselin2013spatial,
  title={Spatial econometrics: methods and models},
  author={Anselin, Luc},
  volume={4},
  year={2013},
  publisher={Springer Science \& Business Media}
}

@article{bang2005doubly,
  title={Doubly robust estimation in missing data and causal inference models},
  author={Bang, Heejung and Robins, James M},
  journal={Biometrics},
  volume={61},
  number={4},
  pages={962--973},
  year={2005},
  publisher={Oxford University Press}
}

@article{ben2022synthetic,
  title={Synthetic controls with staggered adoption},
  author={Ben-Michael, Eli and Feller, Avi and Rothstein, Jesse},
  journal={Journal of the Royal Statistical Society Series B: Statistical Methodology},
  volume={84},
  number={2},
  pages={351--381},
  year={2022},
  publisher={Oxford University Press}
}

@article{bica2020estimating,
  title={Estimating counterfactual treatment outcomes over time through adversarially balanced representations},
  author={Bica, Ioana and Alaa, Ahmed M and Jordon, James and van der Schaar, Mihaela},
  journal={arXiv preprint arXiv:2002.04083},
  year={2020}
}

@article{christiansen2022toward,
  title={Toward causal inference for spatio-temporal data: Conflict and forest loss in Colombia},
  author={Christiansen, Rune and Baumann, Matthias and Kuemmerle, Tobias and Mahecha, Miguel D and Peters, Jonas},
  journal={Journal of the American Statistical Association},
  volume={117},
  number={538},
  pages={591--601},
  year={2022},
  publisher={Taylor \& Francis}
}

@article{hess2024g,
  title={G-Transformer for Conditional Average Potential Outcome Estimation over Time},
  author={Hess, Konstantin and Frauen, Dennis and Melnychuk, Valentyn and Feuerriegel, Stefan},
  journal={arXiv preprint arXiv:2405.21012},
  year={2024}
}

@article{keele2015geographic,
  title={Geographic boundaries as regression discontinuities},
  author={Keele, Luke J and Titiunik, Rocio},
  journal={Political Analysis},
  volume={23},
  number={1},
  pages={127--155},
  year={2015},
  publisher={Cambridge University Press}
}

@article{li2017diffusion,
  title={Diffusion convolutional recurrent neural network: Data-driven traffic forecasting},
  author={Li, Yaguang and Yu, Rose and Shahabi, Cyrus and Liu, Yan},
  journal={arXiv preprint arXiv:1707.01926},
  year={2017}
}

@inproceedings{li2021g,
  title={G-net: a recurrent network approach to g-computation for counterfactual prediction under a dynamic treatment regime},
  author={Li, Rui and Hu, Stephanie and Lu, Mingyu and Utsumi, Yuria and Chakraborty, Prithwish and Sow, Daby M and Madan, Piyush and Li, Jun and Ghalwash, Mohamed and Shahn, Zach and others},
  booktitle={Machine Learning for Health},
  pages={282--299},
  year={2021},
  organization={PMLR}
}

@article{lim2018forecasting,
  title={Forecasting treatment responses over time using recurrent marginal structural networks},
  author={Lim, Bryan},
  journal={Advances in neural information processing systems},
  volume={31},
  year={2018}
}

@inproceedings{melnychuk2022causal,
  title={Causal transformer for estimating counterfactual outcomes},
  author={Melnychuk, Valentyn and Frauen, Dennis and Feuerriegel, Stefan},
  booktitle={International Conference on Machine Learning},
  pages={15293--15329},
  year={2022},
  organization={PMLR}
}

@article{papadogeorgou2022causal,
  title={Causal inference with spatio-temporal data: estimating the effects of airstrikes on insurgent violence in Iraq},
  author={Papadogeorgou, Georgia and Imai, Kosuke and Lyall, Jason and Li, Fan},
  journal={Journal of the Royal Statistical Society Series B: Statistical Methodology},
  volume={84},
  number={5},
  pages={1969--1999},
  year={2022},
  publisher={Oxford University Press}
}

@misc{robins2000marginal,
  title={Marginal structural models and causal inference in epidemiology},
  author={Robins, James M and Hernan, Miguel Angel and Brumback, Babette},
  journal={Epidemiology},
  volume={11},
  number={5},
  pages={550--560},
  year={2000},
  publisher={Lww}
}

@article{robins2008estimation,
  title={Estimation of the causal effects of time-varying exposures},
  author={Robins, James and Hernan, Miguel},
  journal={Chapman \& Hall/CRC Handbooks of Modern Statistical Methods},
  pages={553--599},
  year={2008},
  publisher={Chapman and Hall/CRC}
}

@article{seedat2022continuous,
  title={Continuous-time modeling of counterfactual outcomes using neural controlled differential equations},
  author={Seedat, Nabeel and Imrie, Fergus and Bellot, Alexis and Qian, Zhaozhi and van der Schaar, Mihaela},
  journal={arXiv preprint arXiv:2206.08311},
  year={2022}
}

@article{shi2015convolutional,
  title={Convolutional LSTM network: A machine learning approach for precipitation nowcasting},
  author={Shi, Xingjian and Chen, Zhourong and Wang, Hao and Yeung, Dit-Yan and Wong, Wai-Kin and Woo, Wang-chun},
  journal={Advances in neural information processing systems},
  volume={28},
  year={2015}
}

@inproceedings{tec2023weather2vec,
  title={Weather2vec: Representation learning for causal inference with non-local confounding in air pollution and climate studies},
  author={Tec, Mauricio and Scott, James G and Zigler, Corwin M},
  booktitle={Proceedings of the AAAI Conference on Artificial Intelligence},
  volume={37},
  number={12},
  pages={14504--14513},
  year={2023}
}

@article{wang2021causal,
  title={Causal inference under temporal and spatial interference},
  author={Wang, Ye},
  journal={arXiv e-prints},
  pages={arXiv--2106},
  year={2021}
}

@article{wu2019graph,
  title={Graph wavenet for deep spatial-temporal graph modeling},
  author={Wu, Zonghan and Pan, Shirui and Long, Guodong and Jiang, Jing and Zhang, Chengqi},
  journal={arXiv preprint arXiv:1906.00121},
  year={2019}
}

@inproceedings{zhang2017deep,
  title={Deep spatio-temporal residual networks for citywide crowd flows prediction},
  author={Zhang, Junbo and Zheng, Yu and Qi, Dekang},
  booktitle={Proceedings of the AAAI conference on artificial intelligence},
  volume={31},
  number={1},
  year={2017}
}

@article{zhang2023spatiotemporal,
  title={Spatiotemporal heterogeneities in the causal effects of mobility intervention policies during the COVID-19 outbreak: A spatially interrupted time-series (SITS) analysis},
  author={Zhang, Wenjia and Ning, Kexin},
  journal={Annals of the American Association of Geographers},
  volume={113},
  number={5},
  pages={1112--1134},
  year={2023},
  publisher={Taylor \& Francis}
}

@article{zhou2024estimating,
  title={Estimating Heterogeneous Treatment Effects for Spatio-Temporal Causal Inference: How Economic Assistance Moderates the Effects of Airstrikes on Insurgent Violence},
  author={Zhou, Lingxiao and Imai, Kosuke and Lyall, Jason and Papadogeorgou, Georgia},
  journal={arXiv preprint arXiv:2412.15128},
  year={2024}
}

