@article{rubin1978bayesian,
  title={Bayesian inference for causal effects: The role of randomization},
  author={Rubin, Donald B},
  journal={The Annals of statistics},
  pages={34--58},
  year={1978},
  publisher={JSTOR}
}

@article{robins2008estimation,
  title={Estimation of the causal effects of time-varying exposures},
  author={Robins, James and Hernan, Miguel},
  journal={Chapman \& Hall/CRC Handbooks of Modern Statistical Methods},
  pages={553--599},
  year={2008},
  publisher={Chapman and Hall/CRC}
}

@misc{robins2000marginal,
  title={Marginal structural models and causal inference in epidemiology},
  author={Robins, James M and Hernan, Miguel Angel and Brumback, Babette},
  journal={Epidemiology},
  volume={11},
  number={5},
  pages={550--560},
  year={2000},
  publisher={Lww}
}

@inproceedings{li2021g,
  title={G-net: a recurrent network approach to g-computation for counterfactual prediction under a dynamic treatment regime},
  author={Li, Rui and Hu, Stephanie and Lu, Mingyu and Utsumi, Yuria and Chakraborty, Prithwish and Sow, Daby M and Madan, Piyush and Li, Jun and Ghalwash, Mohamed and Shahn, Zach and others},
  booktitle={Machine Learning for Health},
  pages={282--299},
  year={2021},
  organization={PMLR}
}

@inproceedings{melnychuk2022causal,
  title={Causal transformer for estimating counterfactual outcomes},
  author={Melnychuk, Valentyn and Frauen, Dennis and Feuerriegel, Stefan},
  booktitle={International Conference on Machine Learning},
  pages={15293--15329},
  year={2022},
  organization={PMLR}
}

@article{hess2024g,
  title={G-Transformer for Conditional Average Potential Outcome Estimation over Time},
  author={Hess, Konstantin and Frauen, Dennis and Melnychuk, Valentyn and Feuerriegel, Stefan},
  journal={arXiv preprint arXiv:2405.21012},
  year={2024}
}

@article{lim2018forecasting,
  title={Forecasting treatment responses over time using recurrent marginal structural networks},
  author={Lim, Bryan},
  journal={Advances in neural information processing systems},
  volume={31},
  year={2018}
}

@article{bojinov2019time,
  title={Time series experiments and causal estimands: exact randomization tests and trading},
  author={Bojinov, Iavor and Shephard, Neil},
  journal={Journal of the American Statistical Association},
  year={2019},
  publisher={Taylor \& Francis}
}

@article{zhou2024estimating,
  title={Estimating Heterogeneous Treatment Effects for Spatio-Temporal Causal Inference: How Economic Assistance Moderates the Effects of Airstrikes on Insurgent Violence},
  author={Zhou, Lingxiao and Imai, Kosuke and Lyall, Jason and Papadogeorgou, Georgia},
  journal={arXiv preprint arXiv:2412.15128},
  year={2024}
}

@article{papadogeorgou2022causal,
  title={Causal inference with spatio-temporal data: estimating the effects of airstrikes on insurgent violence in Iraq},
  author={Papadogeorgou, Georgia and Imai, Kosuke and Lyall, Jason and Li, Fan},
  journal={Journal of the Royal Statistical Society Series B: Statistical Methodology},
  volume={84},
  number={5},
  pages={1969--1999},
  year={2022},
  publisher={Oxford University Press}
}

@article{bica2020estimating,
  title={Estimating counterfactual treatment outcomes over time through adversarially balanced representations},
  author={Bica, Ioana and Alaa, Ahmed M and Jordon, James and van der Schaar, Mihaela},
  journal={arXiv preprint arXiv:2002.04083},
  year={2020}
}

@article{frauen2024model,
  title={Model-agnostic meta-learners for estimating heterogeneous treatment effects over time},
  author={Frauen, Dennis and Hess, Konstantin and Feuerriegel, Stefan},
  journal={arXiv preprint arXiv:2407.05287},
  year={2024}
}

@article{coston2020counterfactual,
  title={Counterfactual predictions under runtime confounding},
  author={Coston, Amanda and Kennedy, Edward and Chouldechova, Alexandra},
  journal={Advances in neural information processing systems},
  volume={33},
  pages={4150--4162},
  year={2020}
}

@article{bang2005doubly,
  title={Doubly robust estimation in missing data and causal inference models},
  author={Bang, Heejung and Robins, James M},
  journal={Biometrics},
  volume={61},
  number={4},
  pages={962--973},
  year={2005},
  publisher={Oxford University Press}
}

@book{laan2003unified,
  title={Unified methods for censored longitudinal data and causality},
  author={Laan, Mark J and Robins, James M},
  year={2003},
  publisher={Springer}
}

@inproceedings{ronneberger2015u,
  title={U-net: Convolutional networks for biomedical image segmentation},
  author={Ronneberger, Olaf and Fischer, Philipp and Brox, Thomas},
  booktitle={Medical image computing and computer-assisted intervention--MICCAI 2015: 18th international conference, Munich, Germany, October 5-9, 2015, proceedings, part III 18},
  pages={234--241},
  year={2015},
  organization={Springer}
}

@article{shi2015convolutional,
  title={Convolutional LSTM network: A machine learning approach for precipitation nowcasting},
  author={Shi, Xingjian and Chen, Zhourong and Wang, Hao and Yeung, Dit-Yan and Wong, Wai-Kin and Woo, Wang-chun},
  journal={Advances in neural information processing systems},
  volume={28},
  year={2015}
}

@article{oktay2018attention,
  title={Attention u-net: Learning where to look for the pancreas},
  author={Oktay, Ozan and Schlemper, Jo and Folgoc, Loic Le and Lee, Matthew and Heinrich, Mattias and Misawa, Kazunari and Mori, Kensaku and McDonagh, Steven and Hammerla, Nils Y and Kainz, Bernhard and others},
  journal={arXiv preprint arXiv:1804.03999},
  year={2018}
}

@article{bahdanau2014neural,
  title={Neural machine translation by jointly learning to align and translate},
  author={Bahdanau, Dzmitry},
  journal={arXiv preprint arXiv:1409.0473},
  year={2014}
}

@article{caruana1997multitask,
  title={Multitask learning},
  author={Caruana, Rich},
  journal={Machine learning},
  volume={28},
  pages={41--75},
  year={1997},
  publisher={Springer}
}

@inproceedings{evgeniou2004regularized,
  title={Regularized multi--task learning},
  author={Evgeniou, Theodoros and Pontil, Massimiliano},
  booktitle={Proceedings of the tenth ACM SIGKDD international conference on Knowledge discovery and data mining},
  pages={109--117},
  year={2004}
}

@inproceedings{bengio2009curriculum,
  title={Curriculum learning},
  author={Bengio, Yoshua and Louradour, J{\'e}r{\^o}me and Collobert, Ronan and Weston, Jason},
  booktitle={Proceedings of the 26th annual international conference on machine learning},
  pages={41--48},
  year={2009}
}

@inproceedings{ali2024estimating,
  title={Estimating Direct and Indirect Causal Effects of Spatiotemporal Interventions in Presence of Spatial Interference},
  author={Ali, Sahara and Faruque, Omar and Wang, Jianwu},
  booktitle={Joint European Conference on Machine Learning and Knowledge Discovery in Databases},
  pages={213--230},
  year={2024},
  organization={Springer}
}

@article{letellier2025applying,
  title={Applying a two-stage generalized synthetic control approach to quantify the heterogeneous health effects of extreme weather events: A 2018 large wildfire in California event as a case study},
  author={Letellier, Noemie and Hale, Maren and Salim, Kasem U and Ma, Yiqun and Rerolle, Francois and Schwarz, Lara and Benmarhnia, Tarik},
  journal={Environmental Epidemiology},
  volume={9},
  number={1},
  pages={e362},
  year={2025},
  publisher={LWW}
}

@article{reid2016differential,
  title={Differential respiratory health effects from the 2008 northern California wildfires: A spatiotemporal approach},
  author={Reid, Colleen E and Jerrett, Michael and Tager, Ira B and Petersen, Maya L and Mann, Jennifer K and Balmes, John R},
  journal={Environmental research},
  volume={150},
  pages={227--235},
  year={2016},
  publisher={Elsevier}
}

@article{reid2016critical,
  title={Critical review of health impacts of wildfire smoke exposure},
  author={Reid, Colleen E and Brauer, Michael and Johnston, Fay H and Jerrett, Michael and Balmes, John R and Elliott, Catherine T},
  journal={Environmental health perspectives},
  volume={124},
  number={9},
  pages={1334--1343},
  year={2016},
  publisher={National Institute of Environmental Health Sciences}
}

@article{cleland2021estimating,
  title={Estimating the acute health impacts of fire-originated PM2. 5 exposure during the 2017 California Wildfires: Sensitivity to choices of inputs},
  author={Cleland, Stephanie E and Serre, Marc L and Rappold, Ana G and West, J Jason},
  journal={Geohealth},
  volume={5},
  number={7},
  pages={e2021GH000414},
  year={2021},
  publisher={Wiley Online Library}
}

@article{cascio2018wildland,
  title={Wildland fire smoke and human health},
  author={Cascio, Wayne E},
  journal={Science of the total environment},
  volume={624},
  pages={586--595},
  year={2018},
  publisher={Elsevier}
}

@article{deflorio2019cardiopulmonary,
  title={Cardiopulmonary effects of fine particulate matter exposure among older adults, during wildfire and non-wildfire periods, in the United States 2008--2010},
  author={DeFlorio-Barker, Stephanie and Crooks, James and Reyes, Jeanette and Rappold, Ana G},
  journal={Environmental health perspectives},
  volume={127},
  number={3},
  pages={037006},
  year={2019}
}

@misc{wiki2018,
   author = "Wikipedia",
   title = "{Camp Fire (2018)} --- {W}ikipedia{,} The Free Encyclopedia",
   year = "2025",
   howpublished = {\url{http://en.wikipedia.org/w/index.php?title=Camp\%20Fire\%20(2018)&oldid=1271689743}},
   note = "[Online; accessed 29-January-2025]"
 }

@inproceedings{glorot2010understanding,
  title={Understanding the difficulty of training deep feedforward neural networks},
  author={Glorot, Xavier and Bengio, Yoshua},
  booktitle={Proceedings of the 13th International Conference on Artificial Intelligence and Statistics (AISTATS)},
  pages={249--256},
  year={2010},
  organization={JMLR Workshop and Conference Proceedings}
}

@article{kingma2014adam,
  title={Adam: A method for stochastic optimization},
  author={Kingma, Diederik P},
  journal={arXiv preprint arXiv:1412.6980},
  year={2014}
}

@misc{pytorch,
  title={PyTorch: An Imperative Style, High-Performance Deep Learning Library},
  author={Paszke, Adam and Gross, Sam and Massa, Francisco and Lerer, Adam and Bradbury, James and Chanan, Gregory and Killeen, Trevor and Lin, Zeming and Gimelshein, Natalia and Antiga, Luca and Desmaison, Alban and Kopf, Andreas and Yang, Edward and DeVito, Zachary and Raison, Martin and Tejani, Alykhan and Chilamkurthy, Sasank and Steiner, Benoit and Fang, Lu and Bai, Junjie and Chintala, Soumith},
  howpublished={NeurIPS},
  year={2019}
}

@software{kelsey_jordahl_2020_3946761,
  author       = {Kelsey Jordahl and
                  Joris Van den Bossche and
                  Martin Fleischmann and
                  Jacob Wasserman and
                  James McBride and
                  Jeffrey Gerard and
                  Jeff Tratner and
                  Matthew Perry and
                  Adrian Garcia Badaracco and
                  Carson Farmer and
                  Geir Arne Hjelle and
                  Alan D. Snow and
                  Micah Cochran and
                  Sean Gillies and
                  Lucas Culbertson and
                  Matt Bartos and
                  Nick Eubank and
                  maxalbert and
                  Aleksey Bilogur and
                  Sergio Rey and
                  Christopher Ren and
                  Dani Arribas-Bel and
                  Leah Wasser and
                  Levi John Wolf and
                  Martin Journois and
                  Joshua Wilson and
                  Adam Greenhall and
                  Chris Holdgraf and
                  Filipe and
                  François Leblanc},
  title        = {geopandas/geopandas: v0.8.1},
  month        = jul,
  year         = 2020,
  publisher    = {Zenodo},
  version      = {v0.8.1},
  doi          = {10.5281/zenodo.3946761},
  url          = {https://doi.org/10.5281/zenodo.3946761}
}

@article{papadogeorgou2019causal,
  title={Causal inference with interfering units for cluster and population level treatment allocation programs},
  author={Papadogeorgou, Georgia and Mealli, Fabrizia and Zigler, Corwin M},
  journal={Biometrics},
  volume={75},
  number={3},
  pages={778--787},
  year={2019},
  publisher={Wiley Online Library}
}

@article{song2020spatial,
  title={Spatial and temporal impacts of socioeconomic and environmental factors on healthcare resources: a county-level bayesian local spatiotemporal regression modeling study of hospital beds in Southwest China},
  author={Song, Chao and Wang, Yaode and Yang, Xiu and Yang, Yili and Tang, Zhangying and Wang, Xiuli and Pan, Jay},
  journal={International Journal of Environmental Research and Public Health},
  volume={17},
  number={16},
  pages={5890},
  year={2020},
  publisher={MDPI}
}

@book{anselin2013spatial,
  title={Spatial econometrics: methods and models},
  author={Anselin, Luc},
  volume={4},
  year={2013},
  publisher={Springer Science \& Business Media}
}

@article{keele2015geographic,
  title={Geographic boundaries as regression discontinuities},
  author={Keele, Luke J and Titiunik, Rocio},
  journal={Political Analysis},
  volume={23},
  number={1},
  pages={127--155},
  year={2015},
  publisher={Cambridge University Press}
}

@article{ben2022synthetic,
  title={Synthetic controls with staggered adoption},
  author={Ben-Michael, Eli and Feller, Avi and Rothstein, Jesse},
  journal={Journal of the Royal Statistical Society Series B: Statistical Methodology},
  volume={84},
  number={2},
  pages={351--381},
  year={2022},
  publisher={Oxford University Press}
}

@article{wang2021causal,
  title={Causal inference under temporal and spatial interference},
  author={Wang, Ye},
  journal={arXiv e-prints},
  pages={arXiv--2106},
  year={2021}
}

@article{christiansen2022toward,
  title={Toward causal inference for spatio-temporal data: Conflict and forest loss in Colombia},
  author={Christiansen, Rune and Baumann, Matthias and Kuemmerle, Tobias and Mahecha, Miguel D and Peters, Jonas},
  journal={Journal of the American Statistical Association},
  volume={117},
  number={538},
  pages={591--601},
  year={2022},
  publisher={Taylor \& Francis}
}

@article{zhang2023spatiotemporal,
  title={Spatiotemporal heterogeneities in the causal effects of mobility intervention policies during the COVID-19 outbreak: A spatially interrupted time-series (SITS) analysis},
  author={Zhang, Wenjia and Ning, Kexin},
  journal={Annals of the American Association of Geographers},
  volume={113},
  number={5},
  pages={1112--1134},
  year={2023},
  publisher={Taylor \& Francis}
}

@inproceedings{tec2023weather2vec,
  title={Weather2vec: Representation learning for causal inference with non-local confounding in air pollution and climate studies},
  author={Tec, Mauricio and Scott, James G and Zigler, Corwin M},
  booktitle={Proceedings of the AAAI Conference on Artificial Intelligence},
  volume={37},
  number={12},
  pages={14504--14513},
  year={2023}
}

@article{li2017diffusion,
  title={Diffusion convolutional recurrent neural network: Data-driven traffic forecasting},
  author={Li, Yaguang and Yu, Rose and Shahabi, Cyrus and Liu, Yan},
  journal={arXiv preprint arXiv:1707.01926},
  year={2017}
}

@article{wu2019graph,
  title={Graph wavenet for deep spatial-temporal graph modeling},
  author={Wu, Zonghan and Pan, Shirui and Long, Guodong and Jiang, Jing and Zhang, Chengqi},
  journal={arXiv preprint arXiv:1906.00121},
  year={2019}
}

@article{seedat2022continuous,
  title={Continuous-time modeling of counterfactual outcomes using neural controlled differential equations},
  author={Seedat, Nabeel and Imrie, Fergus and Bellot, Alexis and Qian, Zhaozhi and van der Schaar, Mihaela},
  journal={arXiv preprint arXiv:2206.08311},
  year={2022}
}

@inproceedings{zhang2017deep,
  title={Deep spatio-temporal residual networks for citywide crowd flows prediction},
  author={Zhang, Junbo and Zheng, Yu and Qi, Dekang},
  booktitle={Proceedings of the AAAI conference on artificial intelligence},
  volume={31},
  number={1},
  year={2017}
}