@article{10.1145/3622847,
author = {Thakkar, Aalok and Sands, Nathaniel and Petrou, George and Alur, Rajeev and Naik, Mayur and Raghothaman, Mukund},
title = {Mobius: Synthesizing Relational Queries with Recursive and Invented Predicates},
year = {2023},
issue_date = {October 2023},
publisher = {Association for Computing Machinery},
address = {New York, NY, USA},
volume = {7},
number = {OOPSLA2},
url = {https://doi.org/10.1145/3622847},
doi = {10.1145/3622847},
month = {oct},
articleno = {271},
numpages = {24},
keywords = {recursive program synthesis, example-guided synthesis, Programming by example}
}

@article{CropperD22,
  author       = {Andrew Cropper and
                  Sebastijan Dumancic},
  title        = {Inductive Logic Programming At 30: {A} New Introduction},
  journal      = {J. Artif. Intell. Res.},
  volume       = {74},
  pages        = {765--850},
  year         = {2022},
  url          = {https://doi.org/10.1613/jair.1.13507},
  doi          = {10.1613/JAIR.1.13507},
  timestamp    = {Fri, 24 Jun 2022 12:49:26 +0200},
  biburl       = {https://dblp.org/rec/journals/jair/CropperD22.bib},
  bibsource    = {dblp computer science bibliography, https://dblp.org}
}

@inproceedings{DBLP:conf/aaai/LawRBB020,
  author       = {Mark Law and
                  Alessandra Russo and
                  Elisa Bertino and
                  Krysia Broda and
                  Jorge Lobo},
  title        = {FastLAS: Scalable Inductive Logic Programming Incorporating Domain-Specific
                  Optimisation Criteria},
  booktitle    = {AAAI},
  pages        = {2877--2885},
  publisher    = {{AAAI} Press},
  year         = {2020},
  url          = {https://doi.org/10.1609/aaai.v34i03.5678},
  doi          = {10.1609/AAAI.V34I03.5678},
}

@inproceedings{DBLP:conf/jelia/LawRB14,
  author       = {Mark Law and
                  Alessandra Russo and
                  Krysia Broda},
  opteditor       = {Eduardo Ferm{\'{e}} and
                  Jo{\~{a}}o Leite},
  title        = {Inductive Learning of Answer Set Programs},
  booktitle    = {{JELIA}},
  series       = {LNCS},
  volume       = {8761},
  pages        = {311--325},
  publisher    = {Springer},
  year         = {2014},
  url          = {https://doi.org/10.1007/978-3-319-11558-0\_22},
  doi          = {10.1007/978-3-319-11558-0\_22},
}

@inproceedings{DBLP:conf/lpnmr/BomansonGJKS15,
  author       = {Jori Bomanson and
                  Martin Gebser and
                  Tomi Janhunen and
                  Benjamin Kaufmann and
                  Torsten Schaub},
  title        = {Answer Set Programming Modulo Acyclicity},
  booktitle    = {{LPNMR}},
  series       = {LNCS},
  volume       = {9345},
  pages        = {143--150},
  publisher    = {Springer},
  year         = {2015},
  url          = {https://doi.org/10.1007/978-3-319-23264-5\_13},
  doi          = {10.1007/978-3-319-23264-5\_13},
}

@inproceedings{DBLP:conf/spin/UsmanWWYDK19,
  author       = {Muhammad Usman and
                  Wenxi Wang and
                  Kaiyuan Wang and
                  Cagdas Yelen and
                  Nima Dini and
                  Sarfraz Khurshid},
  title        = {A Study of Learning Data Structure Invariants Using Off-the-shelf
                  Tools},
  booktitle    = {SPIN},
  series       = {LNCS},
  volume       = {11636},
  pages        = {226--243},
  publisher    = {Springer},
  year         = {2019},
  url          = {https://doi.org/10.1007/978-3-030-30923-7\_13},
  doi          = {10.1007/978-3-030-30923-7\_13},
}

@article{DBLP:journals/algorithms/RajaratnamSWCLS23,
  author       = {David Rajaratnam and
                  Torsten Schaub and
                  Philipp Wanko and
                  Kai Chen and
                  Sirui Liu and
                  Tran Cao Son},
  author = {Rajaratnam, David and Schaub, Torsten and Wanko, Philipp and Chen, Kai and Liu, Sirui and Son, Tran Cao},
  journal = {Algorithms},
  number = {4},
  pages = {216},
  volume = {16},
  year = {2023},
  url          = {https://doi.org/10.3390/a16040216},
  doi          = {10.3390/A16040216},
}

@article{DBLP:journals/pacmpl/AstorgaSDWMX21,
  author       = {Angello Astorga and
                  Shambwaditya Saha and
                  Ahmad Dinkins and
                  Felicia Wang and
                  P. Madhusudan and
                  Tao Xie},
  title        = {Synthesizing contracts correct modulo a test generator},
  journal      = {Proc. {ACM} Program. Lang.},
  volume       = {5},
  number       = {{OOPSLA}},
  pages        = {1--27},
  year         = {2021},
  url          = {https://doi.org/10.1145/3485481},
  doi          = {10.1145/3485481},
  timestamp    = {Sun, 02 Oct 2022 15:26:01 +0200},
  biburl       = {https://dblp.org/rec/journals/pacmpl/AstorgaSDWMX21.bib},
  bibsource    = {dblp computer science bibliography, https://dblp.org}
}

@article{DBLP:journals/tplp/JanhunenKOSWS17,
  author       = {Tomi Janhunen and
                  Roland Kaminski and
                  Max Ostrowski and
                  Sebastian Schellhorn and
                  Philipp Wanko and
                  Torsten Schaub},
  title        = {Clingo goes linear  over reals and integers},
  journal      = {Theory Pract. Log. Program.},
  volume       = {17},
  number       = {5-6},
  pages        = {872--888},
  year         = {2017},
  url          = {https://doi.org/10.1017/S1471068417000242},
  doi          = {10.1017/S1471068417000242},
  timestamp    = {Tue, 21 Mar 2023 21:15:43 +0100},
}

@phdthesis{DBLP:phd/basesearch/Dohrau22,
  author       = {J{\'{e}}r{\^{o}}me Dohrau},
  title        = {Automatic Inference of Permission Specifications},
  school       = {{ETH} Zurich, Z{\"{u}}rich, Switzerland},
  year         = {2022},
  url          = {https://hdl.handle.net/20.500.11850/588977},
  doi          = {10.3929/ETHZ-B-000588977},
}

@inproceedings{LPAR23:Learning_Data_Structure_Shapes,
  author    = {Jan H. Boockmann and Gerald Luettgen},
  title     = {Learning Data Structure Shapes from Memory Graphs},
  booktitle = {LPAR},
  series    = {EPiC Series in Computing},
  volume    = {73},
  pages     = {151--168},
  year      = {2020},
  publisher = {EasyChair},
  bibsource = {EasyChair, https://easychair.org},
  issn      = {2398-7340},
  url       = {https://easychair.org/publications/paper/mkjl},
  doi       = {10.29007/dhpw}
}

@article{bembenek2023smt,
  author       = {Aaron Bembenek and
                  Michael Greenberg and
                  Stephen Chong},
  title        = {From {SMT} to {ASP:} Solver-Based Approaches to Solving Datalog Synthesis-as-Rule-Selection
                  Problems},
  journal      = {Proc. {ACM} Program. Lang.},
  volume       = {7},
  number       = {{POPL}},
  pages        = {185--217},
  year         = {2023},
  url          = {https://doi.org/10.1145/3571200},
  doi          = {10.1145/3571200},}

@inproceedings{bjorner2022user,
  title={User-Propagation for Custom Theories in SMT Solving},
  author={Bj{\o}rner, Nikolaj and Eisenhofer, Clemens and Kov{\'a}cs, Laura},
  booktitle={Satisfiability Modulo Theories. 20th International Workshop},
  year={2022}
}

@inproceedings{brockschmidt2017learning,
  author       = {Marc Brockschmidt and
                  Yuxin Chen and
                  Pushmeet Kohli and
                  Siddharth Krishna and
                  Daniel Tarlow},
  title        = {Learning Shape Analysis},
  booktitle    = {SAS},
  series       = {LNCS},
  volume       = {10422},
  pages        = {66--87},
  publisher    = {Springer},
  year         = {2017},
  url          = {https://doi.org/10.1007/978-3-319-66706-5\_4},
  doi          = {10.1007/978-3-319-66706-5\_4},
}

@article{cropper2021learning,
  author       = {Andrew Cropper and
                  Rolf Morel},
  title        = {Learning programs by learning from failures},
  journal      = {Mach. Learn.},
  volume       = {110},
  number       = {4},
  pages        = {801--856},
  year         = {2021},
  url          = {https://doi.org/10.1007/s10994-020-05934-z},
  doi          = {10.1007/s10994-020-05934-z},
}

@inproceedings{galarraga2013amie,
  author       = {Luis Antonio Gal{\'{a}}rraga and
                  Christina Teflioudi and
                  Katja Hose and
                  Fabian M. Suchanek},
  title        = {{AMIE:} association rule mining under incomplete evidence in ontological
                  knowledge bases},
  booktitle    = {WWW},
  pages        = {413--422},
  publisher    = {International World Wide Web Conferences Steering Committee / {ACM}},
  year         = {2013},
  url          = {https://doi.org/10.1145/2488388.2488425},
  doi          = {10.1145/2488388.2488425},
}

@inproceedings{garg2014ice,
  author       = {Pranav Garg and
                  Christof L{\"{o}}ding and
                  P. Madhusudan and
                  Daniel Neider},
  title        = {{ICE:} {A} Robust Framework for Learning Invariants},
  booktitle    = {CAV},
  series       = {LNCS},
  volume       = {8559},
  pages        = {69--87},
  publisher    = {Springer},
  year         = {2014},
  url          = {https://doi.org/10.1007/978-3-319-08867-9\_5},
  doi          = {10.1007/978-3-319-08867-9\_5},
}

@inproceedings{guo2007shape,
  title={Shape analysis with inductive recursion synthesis},
  author       = {Bolei Guo and
                  Neil Vachharajani and
                  David I. August},
  title        = {Shape analysis with inductive recursion synthesis},
  booktitle    = {PLDI},
  pages        = {256--265},
  publisher    = {{ACM}},
  year         = {2007},
  url          = {https://doi.org/10.1145/1250734.1250764},
  doi          = {10.1145/1250734.1250764},
}

@inproceedings{le2019sling,
  author       = {Ton Chanh Le and
                  Guolong Zheng and
                  ThanhVu Nguyen},
  title        = {{SLING:} using dynamic analysis to infer program invariants in separation
                  logic},
  booktitle    = {PLDI},
  pages        = {788--801},
  publisher    = {{ACM}},
  year         = {2019},
  url          = {https://doi.org/10.1145/3314221.3314634},
  doi          = {10.1145/3314221.3314634},
}

@inproceedings{miltner2020data,
  author       = {Anders Miltner and
                  Saswat Padhi and
                  Todd D. Millstein and
                  David Walker},
  title        = {Data-driven inference of representation invariants},
  booktitle    = {PLDI},
  pages        = {1--15},
  publisher    = {{ACM}},
  year         = {2020},
  url          = {https://doi.org/10.1145/3385412.3385967},
  doi          = {10.1145/3385412.3385967},
}

@inproceedings{molina2019training,
  author       = {Facundo Molina and
                  Renzo Degiovanni and
                  Pablo Ponzio and
                  Germ{\'{a}}n Regis and
                  Nazareno Aguirre and
                  Marcelo F. Frias},
  title        = {Training binary classifiers as data structure invariants},
  booktitle    = {ICSE},
  pages        = {759--770},
  publisher    = {{IEEE} / {ACM}},
  year         = {2019},
  url          = {https://doi.org/10.1109/ICSE.2019.00084},
  doi          = {10.1109/ICSE.2019.00084},
}

@inproceedings{molina2021evospex,
  author       = {Facundo Molina and
                  Pablo Ponzio and
                  Nazareno Aguirre and
                  Marcelo F. Frias},
  title        = {EvoSpex: An Evolutionary Algorithm for Learning Postconditions},
  booktitle    = {ICSE},
  pages        = {1223--1235},
  publisher    = {{IEEE}},
  year         = {2021},
  url          = {https://doi.org/10.1109/ICSE43902.2021.00112},
  doi          = {10.1109/ICSE43902.2021.00112},
}

@article{muggleton1997learning,
  author       = {Stephen H. Muggleton},
  title        = {{Learning from Positive Data}},
  booktitle    = {6th International Workshop on Inductive Logic Programming},
  series       = {LNCS},
  volume       = {1314},
  pages        = {358--376},
  publisher    = {Springer},
  year         = {1996},
  url          = {https://doi.org/10.1007/3-540-63494-0\_65},
  doi          = {10.1007/3-540-63494-0\_65},
}

@article{park2023synthesizing,
author = {Park, Kanghee and D'Antoni, Loris and Reps, Thomas},
title = {Synthesizing Specifications},
year = {2023},
publisher = {ACM},
volume = {7},
number = {OOPSLA2},
url = {https://doi.org/10.1145/3622861},
doi = {10.1145/3622861},
journal = {Proc. ACM Program. Lang.},
  pages     = {285:1--285:30},
}

@article{plotkin1970note,
  title={A note on inductive generalization},
  author={Plotkin, Gordon D},
  journal={Machine intelligence},
  volume={5},
  number={1},
  pages={153--163},
  year={1970}
}

@inproceedings{qiu2019decidable,
  title={A decidable logic for tree data-structures with measurements},
  author={Qiu, Xiaokang and Wang, Yanjun},
  booktitle={VMCAI},
  pages={318--341},
  year={2019},
  series       = {LNCS},
  volume       = {11388},
  organization={Springer},
  url          = {https://doi.org/10.1007/978-3-030-11245-5\_15},
  doi          = {10.1007/978-3-030-11245-5\_15},
}

@inproceedings{thakkar2021example,
  author       = {Aalok Thakkar and
                  Aaditya Naik and
                  Nathaniel Sands and
                  Rajeev Alur and
                  Mayur Naik and
                  Mukund Raghothaman},
  title        = {Example-guided synthesis of relational queries},
  booktitle    = {{PLDI}},
  pages        = {1110--1125},
  publisher    = {{ACM}},
  year         = {2021},
  url          = {https://doi.org/10.1145/3453483.3454098},
  doi          = {10.1145/3453483.3454098},
}

@inproceedings{zhu2016automatically,
  author       = {He Zhu and
                  Gustavo Petri and
                  Suresh Jagannathan},
  title        = {Automatically learning shape specifications},
  booktitle    = {PLDI},
  pages        = {491--507},
  publisher    = {{ACM}},
  year         = {2016},
  url          = {https://doi.org/10.1145/2908080.2908125},
  doi          = {10.1145/2908080.2908125},
}

