@article{CropperDEM22,
  author       = {Andrew Cropper and
                  Sebastijan Dumancic and
                  Richard Evans and
                  Stephen H. Muggleton},
  title        = {Inductive logic programming at 30},
  journal      = {Mach. Learn.},
  volume       = {111},
  number       = {1},
  pages        = {147--172},
  year         = {2022},
  url          = {https://doi.org/10.1007/s10994-021-06089-1},
  doi          = {10.1007/s10994-021-06089-1},
}

@article{CropperD22,
  author       = {Andrew Cropper and
                  Sebastijan Dumancic},
  title        = {Inductive Logic Programming At 30: {A} New Introduction},
  journal      = {J. Artif. Intell. Res.},
  volume       = {74},
  pages        = {765--850},
  year         = {2022},
  url          = {https://doi.org/10.1613/jair.1.13507},
  doi          = {10.1613/JAIR.1.13507},
  timestamp    = {Fri, 24 Jun 2022 12:49:26 +0200},
  biburl       = {https://dblp.org/rec/journals/jair/CropperD22.bib},
  bibsource    = {dblp computer science bibliography, https://dblp.org}
}

@inproceedings{cropper2022learning2,
  author       = {Andrew Cropper},
  title        = {Learning Logic Programs Though Divide, Constrain, and Conquer},
  booktitle    = {AAAI},
  pages        = {6446--6453},
  publisher    = {{AAAI} Press},
  year         = {2022},
  url          = {https://doi.org/10.1609/aaai.v36i6.20596},
  doi          = {10.1609/AAAI.V36I6.20596},
}

@article{cropper2021learning,
  author       = {Andrew Cropper and
                  Rolf Morel},
  title        = {Learning programs by learning from failures},
  journal      = {Mach. Learn.},
  volume       = {110},
  number       = {4},
  pages        = {801--856},
  year         = {2021},
  url          = {https://doi.org/10.1007/s10994-020-05934-z},
  doi          = {10.1007/s10994-020-05934-z},
}

@inproceedings{LPAR23:Learning_Data_Structure_Shapes,
  author    = {Jan H. Boockmann and Gerald Luettgen},
  title     = {Learning Data Structure Shapes from Memory Graphs},
  booktitle = {LPAR},
  series    = {EPiC Series in Computing},
  volume    = {73},
  pages     = {151--168},
  year      = {2020},
  publisher = {EasyChair},
  bibsource = {EasyChair, https://easychair.org},
  issn      = {2398-7340},
  url       = {https://easychair.org/publications/paper/mkjl},
  doi       = {10.29007/dhpw}
}
  


@InProceedings{10.1007/978-3-319-63387-9_12,
author="Bielik, Pavol
and Raychev, Veselin
and Vechev, Martin",
editor="Majumdar, Rupak
and Kun{\v{c}}ak, Viktor",
title="Learning a Static Analyzer from Data",
booktitle="Computer Aided Verification",
year="2017",
publisher="Springer International Publishing",
address="Cham",
pages="233--253",
abstract="To be practically useful, modern static analyzers must precisely model the effect of both, statements in the programming language as well as frameworks used by the program under analysis. While important, manually addressing these challenges is difficult for at least two reasons: (i) the effects on the overall analysis can be non-trivial, and (ii) as the size and complexity of modern libraries increase, so is the number of cases the analysis must handle.",
isbn="978-3-319-63387-9"
}

@article{muggleton2014meta,
  author       = {Stephen H. Muggleton and
                  Dianhuan Lin and
                  Niels Pahlavi and
                  Alireza Tamaddoni{-}Nezhad},
  title        = {Meta-interpretive learning: application to grammatical inference},
  journal      = {Mach. Learn.},
  volume       = {94},
  number       = {1},
  pages        = {25--49},
  year         = {2014},
  url          = {https://doi.org/10.1007/s10994-013-5358-3},
  doi          = {10.1007/s10994-013-5358-3},
}

@article{kitzelmann2011combined,
  title={A combined analytical and search-based approach for the inductive synthesis of functional programs},
  author={Kitzelmann, Emanuel},
  journal={KI-K{\"u}nstliche Intelligenz},
  volume={25},
  number={2},
  pages={179--182},
  year={2011},
  publisher={Springer}
}

@inproceedings{polozov2015flashmeta,
  title={Flashmeta: A framework for inductive program synthesis},
  author={Polozov, Oleksandr and Gulwani, Sumit},
  booktitle={Proceedings of the 2015 ACM SIGPLAN International Conference on Object-Oriented Programming, Systems, Languages, and Applications},
  pages={107--126},
  year={2015}
}

@article{muggleton1995inverse,
  title={{Inverse entailment and Progol}},
  author={Muggleton, Stephen H.},
  journal={New generation computing},
  volume={13},
  number={3},
  pages={245--286},
  year={1995},
  publisher={Springer},
  doi = {10.1007/BF03037227}
}

@article{law2020ilasp,
  title={The ilasp system for inductive learning of answer set programs},
  author={Law, Mark and Russo, Alessandra and Broda, Krysia},
  journal={arXiv preprint arXiv:2005.00904},
  year={2020}
}

@article{polikarpova2019structuring,
  author       = {Nadia Polikarpova and
                  Ilya Sergey},
  title        = {Structuring the synthesis of heap-manipulating programs},
  journal      = {Proc. {ACM} Program. Lang.},
  volume       = {3},
  number       = {{POPL}},
  pages        = {72:1--72:30},
  year         = {2019},
  url          = {https://doi.org/10.1145/3290385},
  doi          = {10.1145/3290385},
}

@inproceedings{singh2012spt,
  title={{SPT: Storyboard Programming Tool}},
  author={Singh, Rishabh and Solar-Lezama, Armando},
  booktitle={CAV},
  series       = {LNCS},
  volume       = {7358},
  pages        = {738--743},
  publisher    = {Springer},
  year         = {2012},
  url          = {https://doi.org/10.1007/978-3-642-31424-7\_58},
  doi          = {10.1007/978-3-642-31424-7\_58},
}

@misc{srinivasan2001aleph,
  title={The aleph manual},
  author={Srinivasan, Ashwin},
  year={2001}
}

@inproceedings{DBLP:conf/sas/Roy13,
  author       = {Subhajit Roy},
  title        = {From Concrete Examples to Heap Manipulating Programs},
  booktitle    = {SAS},
  series       = {LNCS},
  volume       = {7935},
  pages        = {126--149},
  publisher    = {Springer},
  year         = {2013},
  url          = {https://doi.org/10.1007/978-3-642-38856-9\_9},
  doi          = {10.1007/978-3-642-38856-9\_9},
}

@inproceedings{0001RL16,
  author    = {David H. White and
               Thomas Rupprecht and
               Gerald L{\"{u}}ttgen},
  title     = {{DSI:} an evidence-based approach to identify dynamic data structures
               in {C} programs},
  booktitle = {ISSTA},
  pages     = {259--269},
  publisher = {{ACM}},
  year      = {2016},
}


@inproceedings{BoockmannLM18,
  author    = {Jan H. Boockmann and
               Gerald L{\"{u}}ttgen and
               Jan Tobias M{\"{u}}hlberg},
  title     = {{Generating Inductive Shape Predicates for Runtime Checking and Formal
               Verification}},
  booktitle = {Leveraging Applications of Formal Methods, Verification and Validation.
               Verification - 8th International Symposium, ISoLA 2018, Limassol,
               Cyprus, November 5-9, 2018, Proceedings, Part {II}},
  series    = {LNCS},
  volume    = {11245},
  pages     = {64--74},
  publisher = {Springer},
  year      = {2018},
}

@article{philippaerts2014software,
  title={Software verification with VeriFast: Industrial case studies},
  author={Philippaerts, Pieter and M{\"u}hlberg, Jan Tobias and Penninckx, Willem and Smans, Jan and Jacobs, Bart and Piessens, Frank},
  journal={Science of Computer Programming},
  volume={82},
  pages={77--97},
  year={2014},
  publisher={Elsevier}
}

@inproceedings{reynolds2002separation,
  title={{Separation Logic: A Logic for Shared Mutable Data Structures}},
  author={Reynolds, John C},
  booktitle={LICS},
  pages={55--74},
  year={2002},
  organization={IEEE},
  url          = {https://doi.org/10.1109/LICS.2002.1029817},
  doi          = {10.1109/LICS.2002.1029817},
}

@inproceedings{calcagno2011infer,
  title={Infer: An automatic program verifier for memory safety of C programs},
  author={Calcagno, Cristiano and Distefano, Dino},
  booktitle={NASA Formal Methods},
  pages={459--465},
  year={2011},
  organization={Springer},
  volume       = {6617},
  series       = {LNCS},
  pages        = {459--465},
  publisher    = {Springer},
  year         = {2011},
  url          = {https://doi.org/10.1007/978-3-642-20398-5\_33},
  doi          = {10.1007/978-3-642-20398-5\_33},
}

@inproceedings{cropper2015logical,
  author       = {Andrew Cropper and
                  Stephen H. Muggleton},
  title        = {{Logical Minimisation of Meta-Rules Within Meta-Interpretive Learning}},
  booktitle    = {ILP},
  series       = {LNCS},
  volume       = {9046},
  pages        = {62--75},
  publisher    = {Springer},
  year         = {2014},
  url          = {https://doi.org/10.1007/978-3-319-23708-4\_5},
  doi          = {10.1007/978-3-319-23708-4\_5},
}

@article{gebser2014clingo,
  author       = {Martin Gebser and
                  Roland Kaminski and
                  Benjamin Kaufmann and
                  Torsten Schaub},
  title        = {{Clingo = {ASP} + Control: Preliminary Report}},
  journal      = {CoRR},
  volume       = {abs/1405.3694},
  year         = {2014},
  url          = {http://arxiv.org/abs/1405.3694},
  eprinttype    = {arXiv},
  eprint       = {1405.3694},
}

@inproceedings{le2019sling,
  author       = {Ton Chanh Le and
                  Guolong Zheng and
                  ThanhVu Nguyen},
  title        = {{SLING:} using dynamic analysis to infer program invariants in separation
                  logic},
  booktitle    = {PLDI},
  pages        = {788--801},
  publisher    = {{ACM}},
  year         = {2019},
  url          = {https://doi.org/10.1145/3314221.3314634},
  doi          = {10.1145/3314221.3314634},
}

@inproceedings{miltner2020data,
  author       = {Anders Miltner and
                  Saswat Padhi and
                  Todd D. Millstein and
                  David Walker},
  title        = {Data-driven inference of representation invariants},
  booktitle    = {PLDI},
  pages        = {1--15},
  publisher    = {{ACM}},
  year         = {2020},
  url          = {https://doi.org/10.1145/3385412.3385967},
  doi          = {10.1145/3385412.3385967},
}

@article{delaware2015fiat,
  title={Fiat: Deductive synthesis of abstract data types in a proof assistant},
  author={Delaware, Benjamin and Pit-Claudel, Cl{\'e}ment and Gross, Jason and Chlipala, Adam},
  journal={Acm Sigplan Notices},
  volume={50},
  number={1},
  pages={689--700},
  year={2015},
  publisher={ACM New York, NY, USA}
}

@inproceedings{hawkins2011data,
  title={Data representation synthesis},
  author={Hawkins, Peter and Aiken, Alex and Fisher, Kathleen and Rinard, Martin and Sagiv, Mooly},
  booktitle={Proceedings of the 32nd ACM SIGPLAN conference on Programming language design and implementation},
  pages={38--49},
  year={2011}
}

@inproceedings{loncaric2018generalized,
  title={Generalized data structure synthesis},
  author={Loncaric, Calvin and Ernst, Michael D and Torlak, Emina},
  booktitle={Proceedings of the 40th International Conference on Software Engineering},
  pages={958--968},
  year={2018}
}

@inproceedings{qiu2019decidable,
  title={A decidable logic for tree data-structures with measurements},
  author={Qiu, Xiaokang and Wang, Yanjun},
  booktitle={VMCAI},
  pages={318--341},
  year={2019},
  series       = {LNCS},
  volume       = {11388},
  organization={Springer},
  url          = {https://doi.org/10.1007/978-3-030-11245-5\_15},
  doi          = {10.1007/978-3-030-11245-5\_15},
}

@article{feser2022metric,
  author       = {John K. Feser and
                  Isil Dillig and
                  Armando Solar{-}Lezama},
  title        = {Metric Program Synthesis for Inverse {CSG}},
  journal      = {CoRR},
  volume       = {abs/2206.06164},
  year         = {2022},
  url          = {https://doi.org/10.48550/arXiv.2206.06164},
  doi          = {10.48550/arXiv.2206.06164},
}

@article{muggleton1997learning,
  author       = {Stephen H. Muggleton},
  title        = {{Learning from Positive Data}},
  booktitle    = {6th International Workshop on Inductive Logic Programming},
  series       = {LNCS},
  volume       = {1314},
  pages        = {358--376},
  publisher    = {Springer},
  year         = {1996},
  url          = {https://doi.org/10.1007/3-540-63494-0\_65},
  doi          = {10.1007/3-540-63494-0\_65},
} 

@article{cropper2022learning,
  author       = {Andrew Cropper and
                  C{\'{e}}line Hocquette},
  title        = {Learning Logic Programs by Discovering Where Not to Search},
  booktitle    = {{AAAI}},
  pages        = {6289--6296},
  publisher    = {{AAAI} Press},
  year         = {2023},
  url          = {https://doi.org/10.1609/aaai.v37i5.25774},
  doi          = {10.1609/aaai.v37i5.25774},
}

@article{bembenek2023smt,
  author       = {Aaron Bembenek and
                  Michael Greenberg and
                  Stephen Chong},
  title        = {From {SMT} to {ASP:} Solver-Based Approaches to Solving Datalog Synthesis-as-Rule-Selection
                  Problems},
  journal      = {Proc. {ACM} Program. Lang.},
  volume       = {7},
  number       = {{POPL}},
  pages        = {185--217},
  year         = {2023},
  url          = {https://doi.org/10.1145/3571200},
  doi          = {10.1145/3571200},}

@article{Kleymann:FAC99,
  author    = {Thomas Kleymann},
  title     = {Hoare Logic and Auxiliary Variables},
  journal   = {Formal Asp. Comput.},
  volume    = {11},
  number    = {5},
  pages     = {541--566},
  year      = {1999},
}

@article{vanRenesse-Altinbuken:ACS15,
  author    = {Robbert van Renesse and
               Deniz Altinbuken},
  title     = {Paxos Made Moderately Complex},
  journal   = {{ACM} Comput. Surv.},
  volume    = {47},
  number    = {3},
  pages     = {42:1--42:36},
  year      = {2015},
}

@article{Padon-al:OOPSLA17,
  author    = {Oded Padon and
               Giuliano Losa and
               Mooly Sagiv and
               Sharon Shoham},
  title     = {Paxos made {EPR:} decidable reasoning about distributed protocols},
  journal   = {{PACMPL}},
  volume    = {1},
  number    = {{OOPSLA}},
  pages     = {108:1--108:31},
  year      = {2017},
}

@article{Qiu-SolarLezama:OOPSLA17,
  author    = {Xiaokang Qiu and
               Armando Solar{-}Lezama},
  title     = {Natural synthesis of provably-correct data-structure manipulations},
  journal   = {{PACMPL}},
  volume    = {1},
  number    = {{OOPSLA}},
  pages     = {65:1--65:28},
  year      = {2017},
}

@inproceedings{Polikarpova-al:PLDI16,
  author    = {Nadia Polikarpova and
               Ivan Kuraj and
               Armando Solar{-}Lezama},
  title     = {Program synthesis from polymorphic refinement types},
  booktitle = {PLDI},
  pages     = {522--538},
  year      = {2016},
  publisher = {{ACM}},
}

@article{Solar-Lezama:STTT13,
  author    = {Armando Solar{-}Lezama},
  title     = {Program sketching},
  journal   = {{STTT}},
  volume    = {15},
  number    = {5-6},
  pages     = {475--495},
  year      = {2013},
}

@article{Miltner-al:POPL18,
  author    = {Anders Miltner and
               Kathleen Fisher and
               Benjamin C. Pierce and
               David Walker and
               Steve Zdancewic},
  title     = {Synthesizing bijective lenses},
  journal   = {{PACMPL}},
  volume    = {2},
  number    = {{POPL}},
  pages     = {1:1--1:30},
  year      = {2018},
}

@inproceedings{Leino-Milicevic:OOPSLA2012,
 author     = {Leino, K. Rustan M. and 
               Milicevic, Aleksandar},
 title      = {Program Extrapolation with Jennisys},
 booktitle  = {OOPSLA},
 year       = {2012},
 pages      = {411--430},
 publisher  = {ACM},
} 

@inproceedings{OHearn-al:CSL01,
  author    = {Peter W. O'Hearn and
               John C. Reynolds and
               Hongseok Yang},
  title     = {Local Reasoning about Programs that Alter Data Structures},
  booktitle = {CSL},
  pages     = {1--19},
  series    = {LNCS},
  volume    = {2142},
  publisher = {Springer},
  year      = {2001},
  url          = {https://doi.org/10.1007/3-540-44802-0\_1},
  doi          = {10.1007/3-540-44802-0\_1},
}

@inproceedings{Reynolds:LICS02,
  author    = {John C. Reynolds},
  title     = {{Separation Logic: {A} Logic for Shared Mutable Data Structures}},
  booktitle = {LICS},
  pages     = {55--74},
  publisher = {{IEEE} Computer Society},
  year      = {2002},
}

@inproceedings{Nanevski-al:POPL10,
  author    = {Aleksandar Nanevski and
               Viktor Vafeiadis and
               Josh Berdine},
  title     = {Structuring the verification of heap-manipulating programs},
  pages     = {261--274},
  booktitle = {POPL},
 publisher    = {{ACM}},
  year      = {2010},
  url          = {https://doi.org/10.1145/1706299.1706331},
  doi          = {10.1145/1706299.1706331},
}

@InProceedings{Nanevski-al:ICFP08,
  author =       {Aleksandar Nanevski and Greg Morrisett and Avi Shinnar and Paul Govereau and Lars Birkedal},
  title =        {{Ynot}: Dependent Types for Imperative Programs},
  pages = {229--240},
  booktitle = {ICFP},
  year      = {2008}
}

@inproceedings{Nanevski-al:ICFP06,
  author    = {Aleksandar Nanevski and
               Greg Morrisett and
               Lars Birkedal},
  title     = {{Polymorphism and separation in Hoare Type Theory}},
  pages     = {62--73},
  booktitle = {ICFP},
  year      = {2006}
}

@inproceedings{Gulwani-al:PLDI11,
  author    = {Sumit Gulwani and
               Susmit Jha and
               Ashish Tiwari and
               Ramarathnam Venkatesan},
  title     = {Synthesis of loop-free programs},
  booktitle = {PLDI},
  pages     = {62--73},
  publisher = {{ACM}},
  year      = {2011},
}


@inproceedings{Polozov-Gulwani:OOPSLA15,
  author    = {Oleksandr Polozov and
               Sumit Gulwani},
  title     = {FlashMeta: a framework for inductive program synthesis},
  booktitle = {OOPSLA},
  pages     = {107--126},
  publisher = {{ACM}},
  year      = {2015},
}


@article{GulwaniPS17,
  author       = {Sumit Gulwani and
                  Oleksandr Polozov and
                  Rishabh Singh},
  title        = {Program Synthesis},
  journal      = {Found. Trends Program. Lang.},
  volume       = {4},
  number       = {1-2},
  pages        = {1--119},
  year         = {2017},
  url          = {https://doi.org/10.1561/2500000010},
  doi          = {10.1561/2500000010},
}

@inproceedings{Kneuss-al:OOPSLA13,
  author    = {Etienne Kneuss and
               Ivan Kuraj and
               Viktor Kuncak and
               Philippe Suter},
  title     = {Synthesis modulo recursive functions},
  booktitle = {OOPSLA},
  pages     = {407--426},
  publisher = {{ACM}},
  year      = {2013},
}

@inproceedings{Jacobs-al:VMCAI13,
  author    = {Swen Jacobs and
               Viktor Kuncak and
               Philippe Suter},
  title     = {Reductions for Synthesis Procedures},
  booktitle = {VMCAI},
  series    = {LNCS},
  volume    = {7737},
  publisher = {Springer},
  pages     = {88--107},
  year      = {2013},
}


@inproceedings{Osera-Zdancewic:PLDI15,
  author    = {Peter{-}Michael Osera and
               Steve Zdancewic},
  title     = {Type-and-example-directed program synthesis},
  booktitle = {PLDI},
  pages     = {619--630},
  publisher = {{ACM}},
  year      = {2015},
}

@inproceedings{Feser-al:PLDI15,
  author    = {John K. Feser and
               Swarat Chaudhuri and
               Isil Dillig},
  title     = {Synthesizing data structure transformations from input-output examples},
  booktitle = {PLDI},
  pages     = {229--239},
  publisher = {{ACM}},
  year      = {2015},
}

@inproceedings{Le-Gulwani:PLDI14,
  author    = {Vu Le and
               Sumit Gulwani},
  title     = {FlashExtract: a framework for data extraction by examples},
  booktitle = {PLDI},
  pages     = {542--553},
  publisher = {{ACM}},
  year      = {2014},
}

@inproceedings{Delaware-al:POPL15,
  author    = {Benjamin Delaware and
               Cl{\'{e}}ment Pit{-}Claudel and
               Jason Gross and
               Adam Chlipala},
  title     = {{Fiat: Deductive Synthesis of Abstract Data Types in a Proof Assistant}},
  booktitle = {POPL},
  pages     = {689--700},
  publisher = {{ACM}},
  year      = {2015},
}


@inproceedings{Srivastava-al:POPL10,
  author    = {Saurabh Srivastava and
               Sumit Gulwani and
               Jeffrey S. Foster},
  title     = {From program verification to program synthesis},
  booktitle = {POPL},
  pages     = {313--326},
  publisher = {{ACM}},
  year      = {2010},
}

@inproceedings{Nguyen-al:VMCAI07,
  author    = {Huu Hai Nguyen and
               Cristina David and
               Shengchao Qin and
               Wei{-}Ngan Chin},
  title     = {Automated Verification of Shape and Size Properties Via Separation
               Logic},
  booktitle = {VMCAI},
  pages     = {251--266},
  series    = {LNCS},
  volume    = {4349},
  publisher = {Springer},
  year      = {2007},
}

@article{OHearn-Pym:BSL99,
  author    = {Peter W. O'Hearn and
               David J. Pym},
  title     = {The logic of bunched implications},
  journal   = {Bulletin of Symbolic Logic},
  volume    = {5},
  number    = {2},
  pages     = {215--244},
  year      = {1999},
}

@inproceedings{Iosif-al:ATVA14,
  author    = {Radu Iosif and
               Adam Rogalewicz and
               Tom{\'{a}}s Vojnar},
  title     = {Deciding Entailments in Inductive Separation Logic with Tree Automata},
  booktitle = {ATVA},
  pages     = {201--218},
  series    = {LNCS},
  volume    = {8837},
  publisher = {Springer},
  year      = {2014},
}

@inproceedings{Cao-al:APLAS17,
  author    = {Qinxiang Cao and
               Santiago Cuellar and
               Andrew W. Appel},
  title     = {{Bringing Order to the Separation Logic Jungle}},
  booktitle = {APLAS},
  pages     = {190--211},
  series    = {LNCS},
  volume    = {10695},
  publisher = {Springer},
  year      = {2017},
  url          = {https://doi.org/10.1007/978-3-319-71237-6\_10},
  doi          = {10.1007/978-3-319-71237-6\_10},
}

@article{OHearn-al:TOPLAS09,
  author    = {Peter W. O'Hearn and
               Hongseok Yang and
               John C. Reynolds},
  title     = {Separation and information hiding},
  journal   = {{ACM} Trans. Program. Lang. Syst.},
  volume    = {31},
  number    = {3},
  pages     = {11:1--11:50},
  year      = {2009},
  url          = {https://doi.org/10.1145/1498926.1498929},
  doi          = {10.1145/1498926.1498929},
}


@inproceedings{Berdine-al:APLAS05,
  author    = {Josh Berdine and
               Cristiano Calcagno and
               Peter W. O'Hearn},
  title     = {Symbolic Execution with Separation Logic},
  booktitle = {APLAS},
  pages     = {52--68},
  series    = {LNCS},
  volume    = {3780},
  publisher = {Springer},
  year      = {2005},
  url          = {https://doi.org/10.1007/11575467\_5},
  doi          = {10.1007/11575467\_5},
}

@inproceedings{Chlipala:PLDI11,
  author    = {Adam Chlipala},
  title     = {Mostly-automated verification of low-level programs in computational
               separation logic},
  booktitle = {PLDI},
  pages     = {234--245},
  publisher = {{ACM}},
  year      = {2011},
  url          = {https://doi.org/10.1145/1993498.1993526},
  doi          = {10.1145/1993498.1993526},
}

@book{Appel-al:BOOK14,
  author    = {Andrew W. Appel
               and Robert Dockins	
               and Aquinas Hobor	
               and Lennart Beringer	
               and Josiah Dodds	
               and Gordon Stewart	
               and Sandrine Blazy	
               and Xavier Leroy},
  title     = {{Program Logics for Certified Compilers}},
  publisher = {Cambridge University Press},
  year      = {2014},
  isbn      = {978-1-10-704801-0},
  doi = {10.1017/CBO9781107256552},
}

@inproceedings{Chen-al:SOSP15,
  author    = {Haogang Chen and
               Daniel Ziegler and
               Tej Chajed and
               Adam Chlipala and
               M. Frans Kaashoek and
               Nickolai Zeldovich},
  title     = {Using Crash Hoare logic for certifying the {FSCQ} file system},
  booktitle = {SOSP},
  pages     = {18--37},
  publisher = {{ACM}},
  year      = {2015},
}

@inproceedings{Piskac-al:CAV14,
  author    = {Ruzica Piskac and
               Thomas Wies and
               Damien Zufferey},
  title     = {{Automating Separation Logic with Trees and Data}},
  booktitle = {CAV},
  pages     = {711--728},
  series    = {LNCS},
  volume    = {8559},
  publisher = {Springer},
  year      = {2014},
}

@inproceedings{Berdine-al:FSTTCS04,
  author    = {Josh Berdine and
               Cristiano Calcagno and
               Peter W. O'Hearn},
  title     = {{A Decidable Fragment of Separation Logic}},
  pages     = {97--109},
  booktitle = {{FSTTCS}},
  series    = {LNCS},
  volume    = {3328},
  publisher = {Springer},
  year      = {2004},
}

@inproceedings{Antonopoulos-al:FOSSACS04,
  author    = {Timos Antonopoulos and
               Nikos Gorogiannis and
               Christoph Haase and
               Max I. Kanovich and
               Jo{\"{e}}l Ouaknine},
  title     = {{Foundations for Decision Problems in Separation Logic with General
               Inductive Predicates}},
  booktitle = {FOSSACS},
  pages     = {411--425},
  series    = {LNCS},
  volume    = {8412},
  publisher = {Springer},
  year      = {2014},
}

@inproceedings{So-Oh:SAS17,
  author    = {Sunbeom So and
               Hakjoo Oh},
  title     = {{Synthesizing Imperative Programs from Examples Guided by Static Analysis}},
  booktitle = {SAS},
  pages     = {364--381},
  series    = {LNCS},
  volume    = {10422},
  publisher = {Springer},
  year      = {2017},
}

@inproceedings{Kuncak-al:PLDI10,
   author = {Kuncak, Viktor and Mayer, Mika\"{e}l and Piskac, Ruzica and Suter, Philippe},
   title = {{Complete Functional Synthesis}},
   booktitle = {PLDI},
   year = {2010},
   pages = {316--329},
} 

@misc{Pfenning:LN04,
  author        = {Frank Pfenning},
  title         = {{Lecture Notes on Focusing}},
  month         = {June},
  year          = {2010},
  note          = {Oregon Summer School on Proof Theory Foundations (OPLSS). Available from \url{https://www.cs.cmu.edu/~fp/courses/oregon-m10/04-focusing.pdf}}
}

@article{Liang-Miller:TCS09,
  author    = {Chuck Liang and
               Dale Miller},
  title     = {Focusing and polarization in linear, intuitionistic, and classical
               logics},
  journal   = {Theor. Comput. Sci.},
  volume    = {410},
  number    = {46},
  pages     = {4747--4768},
  year      = {2009},
}


@article{Calcagno-al:JACM11,
  author    = {Cristiano Calcagno and
               Dino Distefano and
               Peter W. O'Hearn and
               Hongseok Yang},
  title     = {Compositional Shape Analysis by Means of Bi-Abduction},
  journal   = {J. {ACM}},
  volume    = {58},
  number    = {6},
  pages     = {26:1--26:66},
  year      = {2011},
  url          = {https://doi.org/10.1145/2049697.2049700},
  doi          = {10.1145/2049697.2049700},
}

@inproceedings{Jacobs-al:NFM11,
  author    = {Bart Jacobs and
               Jan Smans and
               Pieter Philippaerts and
               Fr{\'{e}}d{\'{e}}ric Vogels and
               Willem Penninckx and
               Frank Piessens},
  title     = {{VeriFast: {A} Powerful, Sound, Predictable, Fast Verifier for {C}
               and Java}},
  booktitle = {{NASA} Formal Methods},
  pages     = {41--55},
  series    = {LNCS},
  volume    = {6617},
  publisher = {Springer},
  year      = {2011},
  url          = {https://doi.org/10.1007/978-3-642-20398-5\_4},
  doi          = {10.1007/978-3-642-20398-5\_4},

}


@inproceedings{Distefano-Parkinson:OOPSLA08,
  author    = {Dino Distefano and
               Matthew J. Parkinson},
  title     = {{jStar: Towards Practical Verification for Java}},
  booktitle = {OOPSLA},
  pages     = {213--226},
  publisher = {{ACM}},
  year      = {2008},
}

@inproceedings{deMoura-Bjorner:TACAS08,
  author    = {Leonardo Mendon{\c{c}}a {de Moura} and
               Nikolaj Bj{\o}rner},
  title     = {{Z3:} An Efficient {SMT} Solver},
  booktitle = {TACAS},
  pages     = {337--340},
  series    = {LNCS},
  volume    = {4963},
  publisher = {Springer},
  year      = {2008},
}

@inproceedings{Barrett-al:CAV11,
  author    = {Clark Barrett and Christopher L. Conway and Morgan Deters and
               Liana Hadarean and Dejan Jovanovi{'{c}} and Tim King and
               Andrew Reynolds and Cesare Tinelli},
  title     = {{CVC4}},
  booktitle = {CAV},
  series    = {LNCS},
  volume    = {6806},
  publisher = "Springer",
  pages     = "171--177",
  year      = 2011,
}

@inproceedings{McCreight-TPHOL09,
  author    = {Andrew McCreight},
  title     = {Practical Tactics for Separation Logic},
  pages     = {343--358},
  year      = {2009},
  booktitle = {TPHOLs},
  series    = {LNCS},
  volume    = {5674},
  publisher = {Springer},
}

@inproceedings{Gonthier-al:ICFP11,
  author    = {Georges Gonthier and
               Beta Ziliani and
               Aleksandar Nanevski and
               Derek Dreyer},
  title     = {How to make ad hoc proof automation less ad hoc},
  booktitle     = {ICFP},
  publisher = {{ACM}},
  year      = {2011},
}

@inproceedings{Brotherston-al:CADE11,
  author    = {James Brotherston and
               Dino Distefano and
               Rasmus Lerchedahl Petersen},
  title     = {{Automated Cyclic Entailment Proofs in Separation Logic}},
  booktitle = {CADE},
  pages     = {131--146},
  series    = {LNCS},
  volume    = {6803},
  publisher = {Springer},
  year      = {2011},
}

@inproceedings{Brotherston-al:APLAS12,
  author    = {James Brotherston and
               Nikos Gorogiannis and
               Rasmus Lerchedahl Petersen},
  title     = {A Generic Cyclic Theorem Prover},
  booktitle = {APLAS},
  pages     = {350--367},
  series    = {LNCS},
  volume    = {7705},
  publisher = {Springer},
  year      = {2012},
}

@inproceedings{Brotherston-al:CADE17,
  author    = {James Brotherston and
               Nikos Gorogiannis and
               Max I. Kanovich},
  title     = {{Biabduction (and Related Problems) in Array Separation Logic}},
  booktitle = {CADE},
  pages     = {472--490},
  series    = {LNCS},
  volume    = {10395},
  publisher = {Springer},
  year      = {2017},
}

@inproceedings{Cassez-Sloane:Scala17,
 author = {Cassez, Franck and Sloane, Anthony M.},
 title = {{ScalaSMT: Satisfiability Modulo Theory in Scala (Tool Paper)}},
 booktitle = {Proceedings of the 8th ACM SIGPLAN International Symposium on Scala},
 year = {2017},
 pages = {51--55},
}

@article{Ta-al:POPL18,
  author    = {Quang{-}Trung Ta and
               Ton Chanh Le and
               Siau{-}Cheng Khoo and
               Wei{-}Ngan Chin},
  title     = {Automated Lemma Synthesis in Symbolic-Heap Separation Logic},
  journal   = {{PACMPL}},
  volume    = {2},
  number    = {{POPL}},
  pages     = {9:1--9:29},
  year      = {2018},
}

@article{Manna-Waldinger:TOPLAS80,
  author    = {Zohar Manna and
               Richard J. Waldinger},
  title     = {A Deductive Approach to Program Synthesis},
  journal   = {{ACM} Trans. Program. Lang. Syst.},
  volume    = {2},
  number    = {1},
  pages     = {90--121},
  year      = {1980},
}


@inproceedings{Rowe-Brotherston:CPP17,
  author    = {Reuben N. S. Rowe and
               James Brotherston},
  title     = {Automatic cyclic termination proofs for recursive procedures in separation
               logic},
  booktitle = {CPP},
  pages     = {53--65},
  publisher = {{ACM}},
  year      = {2017},
}

@article{Chin-al:SCP12,
  author    = {Wei{-}Ngan Chin and
               Cristina David and
               Huu Hai Nguyen and
               Shengchao Qin},
  title     = {Automated verification of shape, size and bag properties via user-defined
               predicates in separation logic},
  journal   = {Sci. Comput. Program.},
  volume    = {77},
  number    = {9},
  pages     = {1006--1036},
  year      = {2012},
  url          = {https://doi.org/10.1016/j.scico.2010.07.004},
  doi          = {10.1016/j.scico.2010.07.004},
}

@inproceedings{Berdine-al:CAV11,
  author    = {Josh Berdine and
               Byron Cook and
               Samin Ishtiaq},
  title     = {{SLAyer: Memory Safety for Systems-Level Code}},
  booktitle = {CAV},
  pages     = {178--183},
  series    = {LNCS},
  volume    = {6806},
  publisher = {Springer},
  year      = {2011},
}

@inproceedings{Feng-al:PLDI17,
  author    = {Yu Feng and
               Ruben Martins and
               Jacob Van Geffen and
               Isil Dillig and
               Swarat Chaudhuri},
  title     = {Component-based synthesis of table consolidation and transformation
               tasks from examples},
  booktitle = {PLDI},
  publisher = {ACM},
  pages     = {422--436},
  year      = {2017},
}

@article{Yaghmazadeh-al:OOPSLA17,
  author    = {Navid Yaghmazadeh and
               Yuepeng Wang and
               Isil Dillig and
               Thomas Dillig},
  title     = {SQLizer: query synthesis from natural language},
  journal   = {{PACMPL}},
  volume    = {1},
  number    = {{OOPSLA}},
  pages     = {63:1--63:26},
  year      = {2017},
}

@inproceedings{Murali-al:ICLR18,
  author    = {Vijayaraghavan Murali and
               Letao Qi and 
               Swarat Chaudhuri and 
               Chris Jermaine},
  title     = {Neural Sketch Learning for Conditional Program
                  Generation},
  note      = {To appear},                
  booktitle = {ICLR},
  year      = {2018},
}

@inproceedings{Itzhaky-al:OOPSLA16,
  author    = {Shachar Itzhaky and
               Rohit Singh and
               Armando Solar{-}Lezama and
               Kuat Yessenov and
               Yongquan Lu and
               Charles E. Leiserson and
               Rezaul Alam Chowdhury},
  title     = {Deriving divide-and-conquer dynamic programming algorithms using solver-aided
               transformations},
  booktitle = {OOPSLA},
  pages     = {145--164},
  year      = {2016},
  publisher = {ACM},
}

@inproceedings{Alur-al:TACAS17,
  author    = {Rajeev Alur and
               Arjun Radhakrishna and
               Abhishek Udupa},
  title     = {Scaling Enumerative Program Synthesis via Divide and Conquer},
  booktitle = {TACAS (Part I)},
  publisher = {Springer},
  series    = {LNCS},
  volume    = {10205},
  pages     = {319--336},
  year      = {2017},
}

@inproceedings{Torlak-Bodik:PLDI14,
  author    = {Emina Torlak and
               Rastislav Bod{\'{\i}}k},
  title     = {A lightweight symbolic virtual machine for solver-aided host languages},
  booktitle = {PLDI},
  publisher = {ACM},
  pages     = {530--541},
  year      = {2014},
}

@inproceedings{Leino:ICSE04,
  author    = {K. Rustan M. Leino},
  title     = {Developing verified programs with {Dafny}},
  booktitle = {ICSE},
  publisher = {ACM},
  pages     = {1488--1490},
  year      = {2013},
}

@inproceedings{Madhusudan-al:POPL12,
  author    = {Parthasarathy Madhusudan and
               Xiaokang Qiu and
               Andrei Stefanescu},
  title     = {Recursive proofs for inductive tree data-structures},
  booktitle = {POPL},
  publisher = {ACM},
  pages     = {123--136},
  year      = {2012},
}

@inproceedings{Qiu-al:PLDI13,
  author    = {Xiaokang Qiu and
               Pranav Garg and
               Andrei Stefanescu and
               Parthasarathy Madhusudan},
  title     = {Natural proofs for structure, data, and separation},
  booktitle = {PLDI},
  publisher = {ACM},
  pages     = {231--242},
  year      = {2013},
}

@inproceedings{Frankle-al:POPL16,
  author    = {Jonathan Frankle and
               Peter{-}Michael Osera and
               David Walker and
               Steve Zdancewic},
  title     = {Example-directed synthesis: a type-theoretic interpretation},
  booktitle = {POPL},
  pages     = {802--815},
  year      = {2016},
  publisher = {ACM},
}

@inproceedings{Scherer:SNAPL17,
  author    = {Gabriel Scherer},
  title     = {Search for Program Structure},
  booktitle = {SNAPL},
  series    = {LIPIcs},
  volume    = {71},
  publisher = {Schloss Dagstuhl - Leibniz-Zentrum fuer Informatik},
  pages     = {15:1--15:14},
  year      = {2017},
  
}

@inproceedings{Albarghouthi-al:CAV13,
  author       = {Aws Albarghouthi and
                  Sumit Gulwani and
                  Zachary Kincaid},
  title        = {{Recursive Program Synthesis}},
  booktitle    = {CAV},
  series       = {LNCS},
  volume       = {8044},
  pages        = {934--950},
  publisher    = {Springer},
  year         = {2013},
  url          = {https://doi.org/10.1007/978-3-642-39799-8\_67},
  doi          = {10.1007/978-3-642-39799-8\_67},
}

@inproceedings{Smith-Albarghouthi:PLDI16,
  author    = {Calvin Smith and
               Aws Albarghouthi},
  title     = {MapReduce program synthesis},
  booktitle = {PLDI},
  publisher = {ACM},
  pages     = {326--340},
  year      = {2016},
}

@inproceedings{Chargueraud:ICFP10,
  author    = {Arthur Chargu{\'{e}}raud},
  title     = {Program verification through characteristic formulae},
  booktitle = {ICFP},
  pages     = {321--332},
  year      = {2010},
  publisher = {{ACM}},
}


@inproceedings{Manevich-al:CAV16,
  author    = {Roman Manevich and
               Boris Dogadov and
               Noam Rinetzky},
  title     = {From Shape Analysis to Termination Analysis in Linear Time},
  booktitle = {CAV (Part I)},
  pages     = {426--446},
  series    = {LNCS},
  volume    = {9779},
  publisher = {Springer},
  year      = {2016},
}

@inproceedings{Lee-al:POPL01,
  author    = {Chin Soon Lee and
               Neil D. Jones and
               Amir M. Ben{-}Amram},
  title     = {The size-change principle for program termination},
  booktitle = {POPL},
  pages     = {81--92},
  year      = {2001},
  publisher = {{ACM}},
}

@book{Pierce:TAPL,
  author    = {Benjamin C. Pierce},
  title     = {Types and programming languages},
  publisher = {{MIT} Press},
  year      = {2002},
  isbn      = {978-0-262-16209-8},
}


@incollection{Mellish-Hardy:84,
  author    = {Chris Mellish and
               Steve Hardy},
  title     = {Integrating Prolog in the {POPLOG} Environment},
  booktitle = {Implementations of Prolog},
  pages     = {147--162},
  year      = {1984},
}


@inproceedings{Tonder-LeGoues:ICSE18,
  author    = {Rijnard van Tonder and
               Claire {Le Goues}},
  title     = {Static automated program repair for heap properties},
  booktitle = {{ICSE}},
  pages     = {151--162},
  year      = {2018},
  publisher = {{ACM}},
  url          = {https://doi.org/10.1145/3180155.3180250},
  doi          = {10.1145/3180155.3180250},
}


@inproceedings{Ta-al:FM16,
  author    = {Quang{-}Trung Ta and
               Ton Chanh Le and
               Siau{-}Cheng Khoo and
               Wei{-}Ngan Chin},
  title     = {Automated Mutual Explicit Induction Proof in Separation Logic},
  booktitle = {Formal Methods},
  pages     = {659--676},
  series    = {LNCS},
  volume    = {9995},
  year      = {2016},
}

@Book{Martin-Loef:84, 
	Author = {Per Martin-L\"{o}f },
	Title = {{Intuitionistic Type Theory}},
	Publisher = {Bibliopolis},
	Year = {1984}
}

@inproceedings{Hobor-Villard:POPL13,
  author    = {Aquinas Hobor and
               Jules Villard},
  title     = {The ramifications of sharing in data structures},
  booktitle = {POPL},
  pages     = {523--536},
  publisher = {{ACM}},
  year      = {2013},
}  

@misc{Nanevski:OPLSS16,
  author        = {Aleksandar Nanevski},
  title         = {{Separation Logic and Concurrency}},
  month         = {June},
  year          = {2016},
  note          = {Lecture notes for Oregon Programming Languages Summer School (OPLSS). Available from \url{http://software.imdea.org/~aleks/oplss16/notes.pdf}}}


@inproceedings{Calcagno-Distefano:NFM11,
  author    = {Cristiano Calcagno and
               Dino Distefano},
  title     = {Infer: An Automatic Program Verifier for Memory Safety of {C} Programs},
  booktitle = {{NASA} Formal Methods},
  pages     = {459--465},
  series    = {LNCS},
  volume    = {6617},
  publisher = {Springer},
  year      = {2011},
  url          = {https://doi.org/10.1007/978-3-642-20398-5\_33},
  doi          = {10.1007/978-3-642-20398-5\_33},
}

@inproceedings{Piskac-al:TACAS14,
  author    = {Ruzica Piskac and
               Thomas Wies and
               Damien Zufferey},
  title     = {GRASShopper - Complete Heap Verification with Mixed Specifications},
  booktitle = {TACAS},
  pages     = {124--139},
  series    = {LNCS},
  volume    = {8413},
  publisher = {Springer},
  year      = {2014},
  url          = {https://doi.org/10.1007/978-3-642-54862-8\_9},
  doi          = {10.1007/978-3-642-54862-8\_9},
}


@inproceedings{Berdine-al:FMCO05,
  author    = {Josh Berdine and
               Cristiano Calcagno and
               Peter W. O'Hearn},
  title     = {Smallfoot: Modular Automatic Assertion Checking with Separation Logic},
  booktitle = {FMCO},
  pages     = {115--137},
  series    = {LNCS},
  volume    = {4111},
  publisher = {Springer},
  year      = {2006},
}


@inproceedings{Bouajjani-al:ATVA12,
  author    = {Ahmed Bouajjani and
               Cezara Dragoi and
               Constantin Enea and
               Mihaela Sighireanu},
  title     = {Accurate Invariant Checking for Programs Manipulating Lists and Arrays
               with Infinite Data},
  booktitle = {ATVA},
  pages     = {167--182},
  series    = {LNCS},
  volume    = {7561},
  publisher = {Springer},
  year      = {2012},
}


@inproceedings{Chin-al:OOPSLA11,
  author    = {Wei{-}Ngan Chin and
               Cristina David and
               Cristian Gherghina},
  title     = {A {HIP} and {SLEEK} verification system},
  booktitle = {OOPSLA (Companion)},
  pages     = {9--10},
  year      = {2011},
  publisher = {{ACM}},
}


@inproceedings{Mueller-al:VMCAI16,
  author    = {Peter M{\"{u}}ller and
               Malte Schwerhoff and
               Alexander J. Summers},
  title     = {Viper: {A} Verification Infrastructure for Permission-Based Reasoning},
  booktitle = {VMCAI},
  pages     = {41--62},
  series    = {LNCS},
  volume    = {9583},
  publisher = {Springer},
  year      = {2016},
}


@inproceedings{Alur-al:FMCAD13,
  author    = {Rajeev Alur and
               Rastislav Bod{\'{\i}}k and
               Garvit Juniwal and
               Milo M. K. Martin and
               Mukund Raghothaman and
               Sanjit A. Seshia and
               Rishabh Singh and
               Armando Solar{-}Lezama and
               Emina Torlak and
               Abhishek Udupa},
  title     = {Syntax-guided synthesis},
  booktitle = {FMCAD},
  pages     = {1--8},
  publisher = {{IEEE}},
  year      = {2013},
  doi = {10.1109/FMCAD.2013.6679385}
}

@inproceedings{Reynolds-al:CAV15,
  author    = {Andrew Reynolds and
               Morgan Deters and
               Viktor Kuncak and
               Cesare Tinelli and
               Clark W. Barrett},
  title     = {Counterexample-Guided Quantifier Instantiation for Synthesis in {SMT}},
  booktitle = {CAV (Part II)},
  pages     = {198--216},
  series    = {LNCS},
  volume    = {9207},
  publisher = {Springer},
  year      = {2015},
}

@inproceedings{Brotherston-al:POPL08,
  author    = {James Brotherston and
               Richard Bornat and
               Cristiano Calcagno},
  title     = {Cyclic proofs of program termination in separation logic},
  booktitle = {POPL},
  pages     = {101--112},
  year      = {2008},
  publisher = {{ACM}},
}


@inproceedings{Appel:ESOP11,
  author    = {Andrew W. Appel},
  title     = {Verified Software Toolchain - (Invited Talk)},
  pages     = {1--17},
  booktitle = {ESOP},
  series    = {LNCS},
  volume    = {6602},
  publisher = {Springer},
  year      = {2011},
  url          = {https://doi.org/10.1007/978-3-642-19718-5\_1},
  doi          = {10.1007/978-3-642-19718-5\_1},
}


@inproceedings{Le-al:ICFEM14,
  author    = {Ton Chanh Le and
               Cristian Gherghina and
               Aquinas Hobor and
               Wei{-}Ngan Chin},
  title     = {A Resource-Based Logic for Termination and Non-termination Proofs},
  booktitle = {{ICFEM}},
  pages     = {267--283},
  series    = {LNCS},
  volume    = {8829},
  publisher = {Springer},
  year      = {2014},
}


@inproceedings{Appel-al:POPL07,
  author    = {Andrew W. Appel and
               Paul{-}Andr{\'{e}} Melli{\`{e}}s and
               Christopher D. Richards and
               J{\'{e}}r{\^{o}}me Vouillon},
  title     = {A very modal model of a modern, major, general type system},
  booktitle = {POPL},
  pages     = {109--122},
  year      = {2007},
  publisher = {{ACM}},
}


@inproceedings{Le-Hobor:ESOP18,
  author    = {Xuan Bach Le and
               Aquinas Hobor},
  title     = {Logical Reasoning for Disjoint Permissions},
  booktitle = {ESOP},
  pages     = {385--414},
  series    = {LNCS},
  volume    = {10801},
  publisher = {Springer},
  year      = {2018},
}

@article{suslik-extended,
  author    = {Nadia Polikarpova and
               Ilya Sergey},
  title     = {{Structuring the Synthesis of Heap-Manipulating
                  Programs -- Extended Version}},
  journal   = {CoRR},
  volume    = {abs/1807.07022},
  year      = {2018},
  url       = {http://arxiv.org/abs/1807.07022},
  archivePrefix = {arXiv},
  eprint    = {1807.07022}
}

@inproceedings{Eguchi-Kobayashi-Tsukada:APLAS18,
  author    = {Shingo Eguchi and 
               Naoki Kobayashi and
               Takeshi Tsukada},
  title     = {Automated Synthesis of Functional Programs with Auxiliary Functions},
  booktitle = {APLAS},
  note      = {To appear},
  year      = {2018},
}

@inproceedings{Si-al:FSE18,
  author = {Xujie Si and 
           Woosuk Lee and 
           Richard Zhang and 
           Aws Albarghouthi and 
           Paris Koutris and 
           Mayur Naik},
  title = {Syntax-Guided Synthesis of Datalog Programs},
  booktitle = {{ESEC/SIGSOFT} {FSE}},
  publisher = {{ACM}},
  pages     = {515--527},
  year = {2018},
  url          = {https://doi.org/10.1145/3236024.3236034},
  doi          = {10.1145/3236024.3236034},
}  

@article{LeRVBDO22,
  author       = {Quang Loc Le and
                  Azalea Raad and
                  Jules Villard and
                  Josh Berdine and
                  Derek Dreyer and
                  Peter W. O'Hearn},
  title        = {Finding real bugs in big programs with incorrectness logic},
  journal      = {Proc. {ACM} Program. Lang.},
  volume       = {6},
  number       = {{OOPSLA1}},
  pages        = {1--27},
  year         = {2022},
  opturl          = {https://doi.org/10.1145/3527325},
  doi          = {10.1145/3527325},
}


@article{WatanabeGPPS21,
  author       = {Yasunari Watanabe and
                  Kiran Gopinathan and
                  George P{\^{\i}}rlea and
                  Nadia Polikarpova and
                  Ilya Sergey},
  title        = {Certifying the Synthesis of Heap-Manipulating Programs},
  journal      = {Proc. {ACM} Program. Lang.},
  volume       = {5},
  number       = {{ICFP}},
  pages        = {1--29},
  year         = {2021},
  opturl          = {https://doi.org/10.1145/3473589},
  doi          = {10.1145/3473589},
}


@inproceedings{NguyenTSC21,
  author       = {Thanh{-}Toan Nguyen and
                  Quang{-}Trung Ta and
                  Ilya Sergey and
                  Wei{-}Ngan Chin},
  title        = {{Automated Repair of Heap-Manipulating Programs Using Deductive Synthesis}},
  booktitle    = {VMCAI},
  series       = {LNCS},
  volume       = {12597},
  pages        = {376--400},
  publisher    = {Springer},
  year         = {2021},
  opturl          = {https://doi.org/10.1007/978-3-030-67067-2\_17},
  doi          = {10.1007/978-3-030-67067-2\_17},
}

@article{Muggleton91,
  author       = {Stephen H. Muggleton},
  title        = {{Inductive Logic Programming}},
  journal      = {New Gener. Comput.},
  volume       = {8},
  number       = {4},
  pages        = {295--318},
  year         = {1991},
  opturl          = {https://doi.org/10.1007/BF03037089},
  doi          = {10.1007/BF03037089},
}

@article{cropper2020turning,
  author       = {Andrew Cropper and
                  Sebastijan Dumancic and
                  Stephen H. Muggleton},
  title        = {Turning 30: New Ideas in Inductive Logic Programming},
  booktitle    = {{IJCAI}},
  pages        = {4833--4839},
  publisher    = {ijcai.org},
  year         = {2020},
  url          = {https://doi.org/10.24963/ijcai.2020/673},
  doi          = {10.24963/IJCAI.2020/673},
}

@incollection{MarekT99,
  author       = {Victor W. Marek and
                  Miroslaw Truszczynski},
  opteditor       = {Krzysztof R. Apt and
                  Victor W. Marek and
                  Mirek Truszczynski and
                  David Scott Warren},
  title        = {Stable Models and an Alternative Logic Programming Paradigm},
  booktitle    = {The Logic Programming Paradigm - {A} 25-Year Perspective},
  series       = {Artificial Intelligence},
  pages        = {375--398},
  publisher    = {Springer},
  year         = {1999},
  url          = {https://doi.org/10.1007/978-3-642-60085-2\_17},
  doi          = {10.1007/978-3-642-60085-2\_17},
}


@inproceedings{KneussKKS13,
  author       = {Etienne Kneuss and
                  Ivan Kuraj and
                  Viktor Kuncak and
                  Philippe Suter},
  title        = {Synthesis modulo recursive functions},
  booktitle    = {OOPSLA},
  pages        = {407--426},
  publisher    = {{ACM}},
  year         = {2013},
  url          = {https://doi.org/10.1145/2509136.2509555},
  doi          = {10.1145/2509136.2509555},
}

@inproceedings{PadhiMN019,
  author       = {Saswat Padhi and
                  Todd D. Millstein and
                  Aditya V. Nori and
                  Rahul Sharma},
  title        = {Overfitting in Synthesis: Theory and Practice},
  booktitle    = {CAV},
  series       = {LNCS},
  volume       = {11561},
  pages        = {315--334},
  publisher    = {Springer},
  year         = {2019},
  url          = {https://doi.org/10.1007/978-3-030-25540-4\_17},
  doi          = {10.1007/978-3-030-25540-4\_17},
}

@article{Malcolm90,
  author    = {Grant Malcolm},
  title     = {Data Structures and Program Transformation},
  journal   = {Sci. Comput. Program.},
  volume    = {14},
  number    = {2-3},
  pages     = {255--279},
  year      = {1990},
  doi = {10.1016/0167-6423(90)90023-7},
}

@inproceedings{EneaLSV14,
  author       = {Constantin Enea and
                  Ondrej Leng{\'{a}}l and
                  Mihaela Sighireanu and
                  Tom{\'{a}}s Vojnar},
  title        = {Compositional Entailment Checking for a Fragment of Separation Logic},
  booktitle    = {APLAS},
  series       = {LNCS},
  volume       = {8858},
  pages        = {314--333},
  publisher    = {Springer},
  year         = {2014},
  url          = {https://doi.org/10.1007/978-3-319-12736-1\_17},
  doi          = {10.1007/978-3-319-12736-1\_17},
}

@Manual{Coq-manual,
        Author = {{Coq Development Team}},
        key = {Coq},
        title = {{The Coq Proof Assistant Reference Manual - Version 8.16}},
        year = {2023},
        note = {Available at \texttt{\url{http://coq.inria.fr/}}}
}


@inproceedings{ItzhakyPPRS21,
  author       = {Shachar Itzhaky and
                  Hila Peleg and
                  Nadia Polikarpova and
                  Reuben N. S. Rowe and
                  Ilya Sergey},
  title        = {{Cyclic Program Synthesis}},
  booktitle    = {PLDI},
  pages        = {944--959},
  publisher    = {{ACM}},
  year         = {2021},
  url          = {https://doi.org/10.1145/3453483.3454087},
  doi          = {10.1145/3453483.3454087},
}

@inproceedings{ItzhakyPPRS21a,
  author       = {Shachar Itzhaky and
                  Hila Peleg and
                  Nadia Polikarpova and
                  Reuben N. S. Rowe and
                  Ilya Sergey},
  title        = {Deductive Synthesis of Programs with Pointers: Techniques, Challenges,
                  Opportunities - (Invited Paper)},
  booktitle    = {CAV},
  series       = {LNCS},
  volume       = {12759},
  pages        = {110--134},
  publisher    = {Springer},
  year         = {2021},
  url          = {https://doi.org/10.1007/978-3-030-81685-8\_5},
  doi          = {10.1007/978-3-030-81685-8\_5},
}

@inproceedings{HongLLO20,
  author       = {Seongjoon Hong and
                  Junhee Lee and
                  Jeongsoo Lee and
                  Hakjoo Oh},
  title        = {{SAVER:} scalable, precise, and safe memory-error repair},
  booktitle    = {{ICSE}},
  pages        = {271--283},
  publisher    = {{ACM}},
  year         = {2020},
  url          = {https://doi.org/10.1145/3377811.3380323},
  doi          = {10.1145/3377811.3380323},
}


@inproceedings{guo2007shape,
  title={Shape analysis with inductive recursion synthesis},
  author       = {Bolei Guo and
                  Neil Vachharajani and
                  David I. August},
  title        = {Shape analysis with inductive recursion synthesis},
  booktitle    = {PLDI},
  pages        = {256--265},
  publisher    = {{ACM}},
  year         = {2007},
  url          = {https://doi.org/10.1145/1250734.1250764},
  doi          = {10.1145/1250734.1250764},
}

@article{hossain2022analysis,
  title={An analysis of negation in natural language understanding corpora},
  author={Hossain, Md Mosharaf and Chinnappa, Dhivya and Blanco, Eduardo},
  journal={arXiv preprint arXiv:2203.08929},
  year={2022}
}

@inproceedings{molina2021evospex,
  author       = {Facundo Molina and
                  Pablo Ponzio and
                  Nazareno Aguirre and
                  Marcelo F. Frias},
  title        = {EvoSpex: An Evolutionary Algorithm for Learning Postconditions},
  booktitle    = {ICSE},
  pages        = {1223--1235},
  publisher    = {{IEEE}},
  year         = {2021},
  url          = {https://doi.org/10.1109/ICSE43902.2021.00112},
  doi          = {10.1109/ICSE43902.2021.00112},
}

@inproceedings{molina2019training,
  author       = {Facundo Molina and
                  Renzo Degiovanni and
                  Pablo Ponzio and
                  Germ{\'{a}}n Regis and
                  Nazareno Aguirre and
                  Marcelo F. Frias},
  title        = {Training binary classifiers as data structure invariants},
  booktitle    = {ICSE},
  pages        = {759--770},
  publisher    = {{IEEE} / {ACM}},
  year         = {2019},
  url          = {https://doi.org/10.1109/ICSE.2019.00084},
  doi          = {10.1109/ICSE.2019.00084},
}

@incollection{de2008probabilistic,
  title={Probabilistic inductive logic programming},
  author={De Raedt, Luc and Kersting, Kristian},
  booktitle={Probabilistic inductive logic programming: theory and applications},
  pages={1--27},
  year={2008},
  publisher={Springer}
}

@article{evans2018learning,
  title={Learning explanatory rules from noisy data},
  author={Evans, Richard and Grefenstette, Edward},
  journal={Journal of Artificial Intelligence Research},
  volume={61},
  pages={1--64},
  year={2018}
}

@book{gebser2022answer,
  author       = {Martin Gebser and
                  Roland Kaminski and
                  Benjamin Kaufmann and
                  Torsten Schaub},
  title        = {Answer Set Solving in Practice},
  series       = {Synthesis Lectures on Artificial Intelligence and Machine Learning},
  publisher    = {Morgan {\&} Claypool Publishers},
  year         = {2012},
  url          = {https://doi.org/10.2200/S00457ED1V01Y201211AIM019},
  doi          = {10.2200/S00457ED1V01Y201211AIM019},
  isbn         = {978-3-031-00433-9},
}

@inproceedings{gelfond1988stable,
  author       = {Michael Gelfond and
                  Vladimir Lifschitz},
  title        = {The Stable Model Semantics for Logic Programming},
  booktitle    = {ICLP},
  pages        = {1070--1080},
  publisher    = {{MIT} Press},
  year         = {1988},
}

@article{gebser2019multi,
author       = {Martin Gebser and
                  Roland Kaminski and
                  Benjamin Kaufmann and
                  Torsten Schaub},
  title        = {Multi-shot {ASP} solving with clingo},
  journal      = {Theory Pract. Log. Program.},
  volume       = {19},
  number       = {1},
  pages        = {27--82},
  year         = {2019},
  url          = {https://doi.org/10.1017/S1471068418000054},
  doi          = {10.1017/S1471068418000054},
}

@article{park2023synthesizing,
author = {Park, Kanghee and D'Antoni, Loris and Reps, Thomas},
title = {Synthesizing Specifications},
year = {2023},
publisher = {ACM},
volume = {7},
number = {OOPSLA2},
url = {https://doi.org/10.1145/3622861},
doi = {10.1145/3622861},
journal = {Proc. ACM Program. Lang.},
  pages     = {285:1--285:30},
}

@inproceedings{prabhu2021specification,
  author       = {Sumanth Prabhu and
                  Grigory Fedyukovich and
                  Kumar Madhukar and
                  Deepak D'Souza},
  title        = {Specification synthesis with constrained Horn clauses},
  booktitle    = {{PLDI}},
  pages        = {1203--1217},
  publisher    = {{ACM}},
  year         = {2021},
  url          = {https://doi.org/10.1145/3453483.3454104},
  doi          = {10.1145/3453483.3454104},
}

@inproceedings{brockschmidt2017learning,
  author       = {Marc Brockschmidt and
                  Yuxin Chen and
                  Pushmeet Kohli and
                  Siddharth Krishna and
                  Daniel Tarlow},
  title        = {Learning Shape Analysis},
  booktitle    = {SAS},
  series       = {LNCS},
  volume       = {10422},
  pages        = {66--87},
  publisher    = {Springer},
  year         = {2017},
  url          = {https://doi.org/10.1007/978-3-319-66706-5\_4},
  doi          = {10.1007/978-3-319-66706-5\_4},
}

@inproceedings{zhu2016automatically,
  author       = {He Zhu and
                  Gustavo Petri and
                  Suresh Jagannathan},
  title        = {Automatically learning shape specifications},
  booktitle    = {PLDI},
  pages        = {491--507},
  publisher    = {{ACM}},
  year         = {2016},
  url          = {https://doi.org/10.1145/2908080.2908125},
  doi          = {10.1145/2908080.2908125},
}

@article{miltner2023saggitarius,
author = {Miltner, Anders and Loehr, Devon and Mong, Arnold and Fisher, Kathleen and Walker, David},
title = {Saggitarius: A DSL for Specifying Grammatical Domains},
year = {2023},
publisher = {ACM},
volume = {7},
number = {OOPSLA2},
url = {https://doi.org/10.1145/3622869},
doi = {10.1145/3622869},
journal = {Proc. ACM Program. Lang.},
articleno = {293:1--293:29},
}

@article{ji2021generalizable,
  author       = {Ruyi Ji and
                  Jingtao Xia and
                  Yingfei Xiong and
                  Zhenjiang Hu},
  title        = {Generalizable synthesis through unification},
  journal      = {Proc. {ACM} Program. Lang.},
  volume       = {5},
  number       = {{OOPSLA}},
  pages        = {1--28},
  year         = {2021},
  url          = {https://doi.org/10.1145/3485544},
  doi          = {10.1145/3485544},
}

@article{lee2021combining,
  author       = {Woosuk Lee},
  title        = {Combining the top-down propagation and bottom-up enumeration for inductive
                  program synthesis},
  journal      = {Proc. {ACM} Program. Lang.},
  volume       = {5},
  number       = {{POPL}},
  pages        = {1--28},
  year         = {2021},
  url          = {https://doi.org/10.1145/3434335},
  doi          = {10.1145/3434335},
}

@article{raghothaman2019provenance,
  title={Provenance-guided synthesis of datalog programs},
  author={Raghothaman, Mukund and Mendelson, Jonathan and Zhao, David and Naik, Mayur and Scholz, Bernhard},
  journal={Proceedings of the ACM on Programming Languages},
  volume={4},
  number={POPL},
  pages={1--27},
  year={2019},
  publisher={ACM New York, NY, USA}
}

@inproceedings{thakkar2021example,
  author       = {Aalok Thakkar and
                  Aaditya Naik and
                  Nathaniel Sands and
                  Rajeev Alur and
                  Mayur Naik and
                  Mukund Raghothaman},
  title        = {Example-guided synthesis of relational queries},
  booktitle    = {{PLDI}},
  pages        = {1110--1125},
  publisher    = {{ACM}},
  year         = {2021},
  url          = {https://doi.org/10.1145/3453483.3454098},
  doi          = {10.1145/3453483.3454098},
}

@article{10.1145/3622847,
author = {Thakkar, Aalok and Sands, Nathaniel and Petrou, George and Alur, Rajeev and Naik, Mayur and Raghothaman, Mukund},
title = {Mobius: Synthesizing Relational Queries with Recursive and Invented Predicates},
year = {2023},
issue_date = {October 2023},
publisher = {Association for Computing Machinery},
address = {New York, NY, USA},
volume = {7},
number = {OOPSLA2},
url = {https://doi.org/10.1145/3622847},
doi = {10.1145/3622847},
month = {oct},
articleno = {271},
numpages = {24},
keywords = {recursive program synthesis, example-guided synthesis, Programming by example}
}


@inproceedings{galarraga2013amie,
  author       = {Luis Antonio Gal{\'{a}}rraga and
                  Christina Teflioudi and
                  Katja Hose and
                  Fabian M. Suchanek},
  title        = {{AMIE:} association rule mining under incomplete evidence in ontological
                  knowledge bases},
  booktitle    = {WWW},
  pages        = {413--422},
  publisher    = {International World Wide Web Conferences Steering Committee / {ACM}},
  year         = {2013},
  url          = {https://doi.org/10.1145/2488388.2488425},
  doi          = {10.1145/2488388.2488425},
}

@techreport{Reynolds08,
  author      = "John C. Reynolds",
  title       = "An Introduction to Separation Logic (Preliminary Draft)",
  institution = "Carnegie Mellon University",
  year        = "2008"
}


@article{YuanRS23,
  author       = {Yongwei Yuan and
                  Arjun Radhakrishna and
                  Roopsha Samanta},
  title        = {Trace-Guided Inductive Synthesis of Recursive Functional Programs},
  journal      = {Proc. {ACM} Program. Lang.},
  volume       = {7},
  number       = {{PLDI}},
  pages        = {860--883},
  year         = {2023},
  url          = {https://doi.org/10.1145/3591255},
  doi          = {10.1145/3591255},
}

@inproceedings{KrebbersTB17,
  author       = {Robbert Krebbers and
                  Amin Timany and
                  Lars Birkedal},
  title        = {Interactive proofs in higher-order concurrent separation logic},
  booktitle    = {POPL},
  pages        = {205--217},
  publisher    = {{ACM}},
  year         = {2017},
  url          = {https://doi.org/10.1145/3009837.3009855},
  doi          = {10.1145/3009837.3009855},
}


@inproceedings{SinghS11,
  author       = {Rishabh Singh and
                  Armando Solar{-}Lezama},
  title        = {Synthesizing data structure manipulations from storyboards},
  booktitle    = {ESEC/FSE},
  pages        = {289--299},
  publisher    = {{ACM}},
  year         = {2011},
  url          = {https://doi.org/10.1145/2025113.2025153},
  doi          = {10.1145/2025113.2025153},
}

@book{vapnik1999nature,
  author       = {Vladimir Vapnik},
  title        = {The Nature of Statistical Learning Theory},
  series       = {Statistics for Engineering and Information Science},
  publisher    = {Springer},
  year         = {2000},
  url          = {https://doi.org/10.1007/978-1-4757-3264-1},
  doi          = {10.1007/978-1-4757-3264-1},
  isbn         = {978-1-4419-3160-3},
}

@inproceedings{DBLP:conf/popl/AlbarghouthiDG16,
  author       = {Aws Albarghouthi and
                  Isil Dillig and
                  Arie Gurfinkel},
  title        = {{Maximal Specification Synthesis}},
  booktitle    = {POPL},
  pages        = {789--801},
  publisher    = {{ACM}},
  year         = {2016},
  url          = {https://doi.org/10.1145/2837614.2837628},
  doi          = {10.1145/2837614.2837628},
}

@article{DBLP:journals/pacmpl/AstorgaSDWMX21,
  author       = {Angello Astorga and
                  Shambwaditya Saha and
                  Ahmad Dinkins and
                  Felicia Wang and
                  P. Madhusudan and
                  Tao Xie},
  title        = {Synthesizing contracts correct modulo a test generator},
  journal      = {Proc. {ACM} Program. Lang.},
  volume       = {5},
  number       = {{OOPSLA}},
  pages        = {1--27},
  year         = {2021},
  url          = {https://doi.org/10.1145/3485481},
  doi          = {10.1145/3485481},
  timestamp    = {Sun, 02 Oct 2022 15:26:01 +0200},
  biburl       = {https://dblp.org/rec/journals/pacmpl/AstorgaSDWMX21.bib},
  bibsource    = {dblp computer science bibliography, https://dblp.org}
}

@phdthesis{DBLP:phd/ethos/Tuerk11,
  author       = {Thomas Tuerk},
  title        = {A separation logic framework for {HOL}},
  school       = {University of Cambridge, {UK}},
  year         = {2011},
  url          = {https://ethos.bl.uk/OrderDetails.do?uin=uk.bl.ethos.609585},
  timestamp    = {Tue, 05 Apr 2022 10:58:48 +0200},
  biburl       = {https://dblp.org/rec/phd/ethos/Tuerk11.bib},
  bibsource    = {dblp computer science bibliography, https://dblp.org}
}


@article{DBLP:journals/ai/HammerK93,
  author       = {Peter L. Hammer and
                  Alexander Kogan},
  title        = {Optimal Compression of Propositional Horn Knowledge Bases: Complexity
                  and Approximation},
  journal      = {Artif. Intell.},
  volume       = {64},
  number       = {1},
  pages        = {131--145},
  year         = {1993},
  url          = {https://doi.org/10.1016/0004-3702(93)90062-G},
  doi          = {10.1016/0004-3702(93)90062-G},
  timestamp    = {Sat, 27 May 2017 14:24:41 +0200},
  biburl       = {https://dblp.org/rec/journals/ai/HammerK93.bib},
  bibsource    = {dblp computer science bibliography, https://dblp.org}
}

@phdthesis{cepek1997stuctural,
  title={{Stuctural properties and minimization of Horn Boolean functions.}},
  author={\v{C}epek, Ond\v{r}ej},
  school = { Rutgers University},
  year={1995}
}

@book{russell2010artificial,
  title={Artificial intelligence a modern approach},
  author={Russell, Stuart J and Norvig, Peter},
  year={2010},
  publisher={London}
}

@inproceedings{DBLP:conf/tacas/BarbosaBBKLMMMN22,
  author    = {Haniel Barbosa and
               Clark W. Barrett and
               Martin Brain and
               Gereon Kremer and
               Hanna Lachnitt and
               Makai Mann and
               Abdalrhman Mohamed and
               Mudathir Mohamed and
               Aina Niemetz and
               Andres N{\"{o}}tzli and
               Alex Ozdemir and
               Mathias Preiner and
               Andrew Reynolds and
               Ying Sheng and
               Cesare Tinelli and
               Yoni Zohar},
  title     = {{CVC5: {A} Versatile and Industrial-Strength {SMT} Solver}},
  booktitle = {TACAS, Part {I}},
  series    = {LNCS},
  volume    = {13243},
  pages     = {415--442},
  publisher = {Springer},
  year      = {2022},
  url       = {https://doi.org/10.1007/978-3-030-99524-9\_24},
  doi       = {10.1007/978-3-030-99524-9\_24},
}

@misc{gebser2008user,
  title={{A User’s Guide to gringo, clasp, clingo, and iclingo}},
  author={Gebser, Martin and Kaminski, Roland and Kaufmann, Benjamin and Ostrowski, Max and Schaub, Torsten and Thiele, Sven},
  year={2008}
}

@article{DBLP:journals/scp/ErnstPGMPTX07,
  author       = {Michael D. Ernst and
                  Jeff H. Perkins and
                  Philip J. Guo and
                  Stephen McCamant and
                  Carlos Pacheco and
                  Matthew S. Tschantz and
                  Chen Xiao},
  title        = {The Daikon system for dynamic detection of likely invariants},
  journal      = {Sci. Comput. Program.},
  volume       = {69},
  number       = {1-3},
  pages        = {35--45},
  year         = {2007},
  url          = {https://doi.org/10.1016/j.scico.2007.01.015},
  doi          = {10.1016/J.SCICO.2007.01.015},
}

@inproceedings{DBLP:conf/spin/UsmanWWYDK19,
  author       = {Muhammad Usman and
                  Wenxi Wang and
                  Kaiyuan Wang and
                  Cagdas Yelen and
                  Nima Dini and
                  Sarfraz Khurshid},
  title        = {A Study of Learning Data Structure Invariants Using Off-the-shelf
                  Tools},
  booktitle    = {SPIN},
  series       = {LNCS},
  volume       = {11636},
  pages        = {226--243},
  publisher    = {Springer},
  year         = {2019},
  url          = {https://doi.org/10.1007/978-3-030-30923-7\_13},
  doi          = {10.1007/978-3-030-30923-7\_13},
}

@misc{aspguide,
  author       = {Michael Langowski},
  title        = {ASP - A Tutorial},
  year         = {2022},
  url          = {https://madmike200590.github.io/asp-guide/tutorial.html},
}

@phdthesis{DBLP:phd/basesearch/Dohrau22,
  author       = {J{\'{e}}r{\^{o}}me Dohrau},
  title        = {Automatic Inference of Permission Specifications},
  school       = {{ETH} Zurich, Z{\"{u}}rich, Switzerland},
  year         = {2022},
  url          = {https://hdl.handle.net/20.500.11850/588977},
  doi          = {10.3929/ETHZ-B-000588977},
}

@inproceedings{vcdryad,
  author       = {Edgar Pek and
                  Xiaokang Qiu and
                  P. Madhusudan},
  title        = {Natural proofs for data structure manipulation in {C} using separation
                  logic},
  booktitle    = {PLDI},
  pages        = {440--451},
  publisher    = {{ACM}},
  year         = {2014},
  url          = {https://doi.org/10.1145/2594291.2594325},
  doi          = {10.1145/2594291.2594325},
}

@inproceedings{garg2014ice,
  author       = {Pranav Garg and
                  Christof L{\"{o}}ding and
                  P. Madhusudan and
                  Daniel Neider},
  title        = {{ICE:} {A} Robust Framework for Learning Invariants},
  booktitle    = {CAV},
  series       = {LNCS},
  volume       = {8559},
  pages        = {69--87},
  publisher    = {Springer},
  year         = {2014},
  url          = {https://doi.org/10.1007/978-3-319-08867-9\_5},
  doi          = {10.1007/978-3-319-08867-9\_5},
}

@inproceedings{DBLP:conf/iwpc/BoockmannL22,
  author       = {Jan H. Boockmann and
                  Gerald L{\"{u}}ttgen},
  title        = {Shape-analysis driven memory graph visualization},
  booktitle    = {{ICPC}},
  pages        = {298--308},
  publisher    = {{ACM}},
  year         = {2022},
  url          = {https://doi.org/10.1145/3524610.3527913},
  doi          = {10.1145/3524610.3527913},
}

@article{marron2012abstracting,
  author       = {Mark Marron and
                  C{\'{e}}sar S{\'{a}}nchez and
                  Zhendong Su and
                  Manuel F{\"{a}}hndrich},
  title        = {Abstracting Runtime Heaps for Program Understanding},
  journal      = {{IEEE} Trans. Software Eng.},
  volume       = {39},
  number       = {6},
  pages        = {774--786},
  year         = {2013},
  url          = {https://doi.org/10.1109/TSE.2012.69},
  doi          = {10.1109/TSE.2012.69},
}

@inproceedings{DBLP:conf/ifip/Kowalski74,
  author       = {Robert A. Kowalski},
  editor       = {Jack L. Rosenfeld},
  title        = {Predicate Logic as Programming Language},
  booktitle    = {Information Processing, Proceedings of the 6th {IFIP} Congress 1974,
                  Stockholm, Sweden, August 5-10, 1974},
  pages        = {569--574},
  publisher    = {North-Holland},
  year         = {1974},
  timestamp    = {Fri, 26 Jul 2019 22:58:47 +0200},
  biburl       = {https://dblp.org/rec/conf/ifip/Kowalski74.bib},
  bibsource    = {dblp computer science bibliography, https://dblp.org}
}

@inproceedings{corapi2011inductive,
  author       = {Domenico Corapi and
                  Alessandra Russo and
                  Emil Lupu},
  opteditor       = {Stephen H. Muggleton and
                  Alireza Tamaddoni{-}Nezhad and
                  Francesca A. Lisi},
  title        = {Inductive Logic Programming in Answer Set Programming},
  booktitle    = {{ILP}},
  series       = {LNCS},
  volume       = {7207},
  pages        = {91--97},
  publisher    = {Springer},
  year         = {2011},
  url          = {https://doi.org/10.1007/978-3-642-31951-8\_12},
  doi          = {10.1007/978-3-642-31951-8\_12},
}

@inproceedings{wen2024enchanting,
  author       = {Cheng Wen and
                  Jialun Cao and
                  Jie Su and
                  Zhiwu Xu and
                  Shengchao Qin and
                  Mengda He and
                  Haokun Li and
                  Shing{-}Chi Cheung and
                  Cong Tian},
  opteditor       = {Arie Gurfinkel and
                  Vijay Ganesh},
  title        = {Enchanting Program Specification Synthesis by Large Language Models
                  Using Static Analysis and Program Verification},
  booktitle    = {CAV},
  series       = {LNCS},
  volume       = {14682},
  pages        = {302--328},
  publisher    = {Springer},
  year         = {2024},
  url          = {https://doi.org/10.1007/978-3-031-65630-9\_16},
  doi          = {10.1007/978-3-031-65630-9\_16},
}

@article{ma2024specgen,
  author       = {Lezhi Ma and
                  Shangqing Liu and
                  Yi Li and
                  Xiaofei Xie and
                  Lei Bu},
  title        = {SpecGen: Automated Generation of Formal Program Specifications via
                  Large Language Models},
  journal      = {CoRR},
  volume       = {abs/2401.08807},
  year         = {2024},
  url          = {https://doi.org/10.48550/arXiv.2401.08807},
  doi          = {10.48550/ARXIV.2401.08807},
}

@inproceedings{albarghouthi2013recursive,
  author       = {Aws Albarghouthi and
                  Sumit Gulwani and
                  Zachary Kincaid},
  title        = {Recursive Program Synthesis},
  booktitle    = {CAV},
  series       = {LNCS},
  volume       = {8044},
  pages        = {934--950},
  publisher    = {Springer},
  year         = {2013},
  url          = {https://doi.org/10.1007/978-3-642-39799-8\_67},
  doi          = {10.1007/978-3-642-39799-8\_67},
}

@inproceedings{bjorner2022user,
  title={User-Propagation for Custom Theories in SMT Solving},
  author={Bj{\o}rner, Nikolaj and Eisenhofer, Clemens and Kov{\'a}cs, Laura},
  booktitle={Satisfiability Modulo Theories. 20th International Workshop},
  year={2022}
}

@article{ostrowski2012asp,
  title={ASP modulo CSP: The clingcon system},
  author={Ostrowski, Max and Schaub, Torsten},
  journal={Theory and Practice of Logic Programming},
  volume={12},
  number={4-5},
  pages={485--503},
  year={2012},
  publisher={Cambridge University Press}
}

@article{DBLP:journals/algorithms/RajaratnamSWCLS23,
  author       = {David Rajaratnam and
                  Torsten Schaub and
                  Philipp Wanko and
                  Kai Chen and
                  Sirui Liu and
                  Tran Cao Son},
  author = {Rajaratnam, David and Schaub, Torsten and Wanko, Philipp and Chen, Kai and Liu, Sirui and Son, Tran Cao},
  journal = {Algorithms},
  number = {4},
  pages = {216},
  volume = {16},
  year = {2023},
  url          = {https://doi.org/10.3390/a16040216},
  doi          = {10.3390/A16040216},
}

@article{DBLP:journals/tplp/JanhunenKOSWS17,
  author       = {Tomi Janhunen and
                  Roland Kaminski and
                  Max Ostrowski and
                  Sebastian Schellhorn and
                  Philipp Wanko and
                  Torsten Schaub},
  title        = {Clingo goes linear  over reals and integers},
  journal      = {Theory Pract. Log. Program.},
  volume       = {17},
  number       = {5-6},
  pages        = {872--888},
  year         = {2017},
  url          = {https://doi.org/10.1017/S1471068417000242},
  doi          = {10.1017/S1471068417000242},
  timestamp    = {Tue, 21 Mar 2023 21:15:43 +0100},
}

@inproceedings{DBLP:conf/lpnmr/BomansonGJKS15,
  author       = {Jori Bomanson and
                  Martin Gebser and
                  Tomi Janhunen and
                  Benjamin Kaufmann and
                  Torsten Schaub},
  title        = {Answer Set Programming Modulo Acyclicity},
  booktitle    = {{LPNMR}},
  series       = {LNCS},
  volume       = {9345},
  pages        = {143--150},
  publisher    = {Springer},
  year         = {2015},
  url          = {https://doi.org/10.1007/978-3-319-23264-5\_13},
  doi          = {10.1007/978-3-319-23264-5\_13},
}

@article{10.1145/3622876,
  author       = {Federico Mora and
                  Ankush Desai and
                  Elizabeth Polgreen and
                  Sanjit A. Seshia},
  title        = {Message Chains for Distributed System Verification},
  journal      = {Proc. {ACM} Program. Lang.},
  volume       = {7},
  number       = {{OOPSLA2}},
  pages        = {2224--2250},
  year         = {2023},
  url          = {https://doi.org/10.1145/3622876},
  doi          = {10.1145/3622876},
}


@inproceedings{DBLP:conf/tacas/SighireanuPRGIR19,
  author       = {Mihaela Sighireanu and
                  Juan Antonio Navarro P{\'{e}}rez and
                  Andrey Rybalchenko and
                  Nikos Gorogiannis and
                  Radu Iosif and
                  Andrew Reynolds and
                  Cristina Serban and
                  Jens Katelaan and
                  Christoph Matheja and
                  Thomas Noll and
                  Florian Zuleger and
                  Wei{-}Ngan Chin and
                  Quang Loc Le and
                  Quang{-}Trung Ta and
                  Ton{-}Chanh Le and
                  Thanh{-}Toan Nguyen and
                  Siau{-}Cheng Khoo and
                  Michal Cyprian and
                  Adam Rogalewicz and
                  Tom{\'{a}}s Vojnar and
                  Constantin Enea and
                  Ondrej Leng{\'{a}}l and
                  Chong Gao and
                  Zhilin Wu},
  title        = {{SL-COMP:} Competition of Solvers for Separation Logic},
  booktitle    = {TACAS},
  series       = {LNCS},
  volume       = {11429},
  pages        = {116--132},
  publisher    = {Springer},
  year         = {2019},
  url          = {https://doi.org/10.1007/978-3-030-17502-3\_8},
  doi          = {10.1007/978-3-030-17502-3\_8},
}


@inproceedings{DBLP:conf/jelia/LawRB14,
  author       = {Mark Law and
                  Alessandra Russo and
                  Krysia Broda},
  opteditor       = {Eduardo Ferm{\'{e}} and
                  Jo{\~{a}}o Leite},
  title        = {Inductive Learning of Answer Set Programs},
  booktitle    = {{JELIA}},
  series       = {LNCS},
  volume       = {8761},
  pages        = {311--325},
  publisher    = {Springer},
  year         = {2014},
  url          = {https://doi.org/10.1007/978-3-319-11558-0\_22},
  doi          = {10.1007/978-3-319-11558-0\_22},
}

@inproceedings{DBLP:conf/aaai/LawRBB020,
  author       = {Mark Law and
                  Alessandra Russo and
                  Elisa Bertino and
                  Krysia Broda and
                  Jorge Lobo},
  title        = {FastLAS: Scalable Inductive Logic Programming Incorporating Domain-Specific
                  Optimisation Criteria},
  booktitle    = {AAAI},
  pages        = {2877--2885},
  publisher    = {{AAAI} Press},
  year         = {2020},
  url          = {https://doi.org/10.1609/aaai.v34i03.5678},
  doi          = {10.1609/AAAI.V34I03.5678},
}

@inproceedings{DBLP:conf/sigsoft/SteinhofelZ22,
  author       = {Dominic Steinh{\"{o}}fel and
                  Andreas Zeller},
  editor       = {Abhik Roychoudhury and
                  Cristian Cadar and
                  Miryung Kim},
  title        = {Input invariants},
  booktitle    = {{ESEC/FSE}},
  pages        = {583--594},
  publisher    = {{ACM}},
  year         = {2022},
  url          = {https://doi.org/10.1145/3540250.3549139},
  doi          = {10.1145/3540250.3549139},
}

@article{DBLP:journals/pacmpl/ZhouDDJ21,
  author       = {Zhe Zhou and
                  Robert Dickerson and
                  Benjamin Delaware and
                  Suresh Jagannathan},
  title        = {Data-driven abductive inference of library specifications},
  journal      = {Proc. {ACM} Program. Lang.},
  volume       = {5},
  number       = {{OOPSLA}},
  pages        = {1--29},
  year         = {2021},
  url          = {https://doi.org/10.1145/3485493},
  doi          = {10.1145/3485493},
}

@article{plotkin1970note,
  title={A note on inductive generalization},
  author={Plotkin, Gordon D},
  journal={Machine intelligence},
  volume={5},
  number={1},
  pages={153--163},
  year={1970}
}

@software{sippy-artefact,
  author       = {Ziyi Yang and Ilya Sergey},
  title        = {\tool},
  year         = {2025},
  publisher    = {Zenodo},
  version      = {oopsla25},
  doi          = {10.5281/zenodo.13918252},
  url          = {https://doi.org/10.5281/zenodo.13918252}
}

@book{lifschitz2019answer,
  title={Answer Set Programming},
  author={Lifschitz, Vladimir},
  year={2019},
  publisher={Springer Nature}
}