@inproceedings{amirian2020opentraj,
  title={Opentraj: Assessing prediction complexity in human trajectories datasets},
  author={Amirian, Javad and Zhang, Bingqing and Castro, Francisco Valente and Baldelomar, Juan Jose and Hayet, Jean-Bernard and Pettr{\'e}, Julien},
  booktitle={Proceedings of the Asian Conference on Computer Vision},
  year={2020}
}

@article{batista2022investigating,
  title={Investigating spatial behaviour in different types of shared space},
  author={Batista, Mariana and Friedrich, Bernhard},
  journal={Transportation Research Procedia},
  volume={60},
  pages={44--51},
  year={2022},
  publisher={Elsevier}
}

@inproceedings{chandra2019traphic,
  title={Traphic: Trajectory prediction in dense and heterogeneous traffic using weighted interactions},
  author={Chandra, Rohan and Bhattacharya, Uttaran and Bera, Aniket and Manocha, Dinesh},
  booktitle={Proceedings of the IEEE/CVF Conference on Computer Vision and Pattern Recognition},
  pages={8483--8492},
  year={2019}
}

@inproceedings{cheng2020mcenet,
  title={MCENET: multi-context encoder network for homogeneous agent trajectory prediction in mixed traffic},
  author={Cheng, Hao and Liao, Wentong and Yang, Michael Ying and Sester, Monika and Rosenhahn, Bodo},
  booktitle={2020 IEEE 23rd International Conference on Intelligent Transportation Systems (ITSC)},
  pages={1--8},
  year={2020},
  organization={IEEE}
}

@inproceedings{okamoto2011classification,
  title={Classification of Pedestrian Behavior in a Shopping Mall based on LRF and Camera Observations.},
  author={Okamoto, Kotaro and Utsumi, Akira and Yamazoe, Hirotake and Miyashita, Takahiro and Abe, Shinji and Takahashi, Kazuhiro and Hagita, Norihiro},
  booktitle={MVA},
  pages={1--5},
  year={2011}
}

@inproceedings{predhumeau2021agent,
  title={An Agent-Based Model to Predict Pedestrians Trajectories with an Autonomous Vehicle in Shared Spaces},
  author={Pr{\'e}dhumeau, Manon and Mancheva, Lyuba and Dugdale, Julie and Spalanzani, Anne},
  booktitle={AAMAS 2021-20th International Conference on Autonomous Agents and Multiagent Systems},
  pages={1--9},
  year={2021}
}

@article{rinke2017multi,
  title={A multi-layer social force approach to model interactions in shared spaces using collision prediction},
  author={Rinke, Nils and Schiermeyer, Chris and Pascucci, Federico and Berkhahn, Volker and Friedrich, Bernhard},
  journal={Transportation research procedia},
  volume={25},
  pages={1249--1267},
  year={2017},
  publisher={Elsevier}
}

@inproceedings{robicquet2016learning,
  title={Learning social etiquette: Human trajectory understanding in crowded scenes},
  author={Robicquet, Alexandre and Sadeghian, Amir and Alahi, Alexandre and Savarese, Silvio},
  booktitle={European conference on computer vision},
  pages={549--565},
  year={2016},
  organization={Springer}
}

@inproceedings{rudenko2018joint,
  title={Joint long-term prediction of human motion using a planning-based social force approach},
  author={Rudenko, Andrey and Palmieri, Luigi and Arras, Kai O},
  booktitle={2018 IEEE International Conference on Robotics and Automation (ICRA)},
  pages={4571--4577},
  year={2018},
  organization={IEEE}
}

@article{rudenko2020human,
  title={Human motion trajectory prediction: A survey},
  author={Rudenko, Andrey and Palmieri, Luigi and Herman, Michael and Kitani, Kris M and Gavrila, Dariu M and Arras, Kai O},
  journal={The International Journal of Robotics Research},
  volume={39},
  number={8},
  pages={895--935},
  year={2020},
  publisher={Sage Publications Sage UK: London, England}
}

@inproceedings{salzmann2020trajectron++,
  title={Trajectron++: Dynamically-feasible trajectory forecasting with heterogeneous data},
  author={Salzmann, Tim and Ivanovic, Boris and Chakravarty, Punarjay and Pavone, Marco},
  booktitle={European Conference on Computer Vision},
  pages={683--700},
  year={2020},
  organization={Springer}
}

