
@inproceedings{jyothi2019driver,
  title={Driver Assistance for Safe Navigation Under Unstructured Traffic Environment},
  author={Jyothi, R and Mahalakshmi, K and Vaishnavi, CK and Apoorva, U and Nitya, S},
  booktitle={2019 Global Conference for Advancement in Technology (GCAT)},
  pages={1--5},
  year={2019},
  organization={IEEE}
}

@inproceedings{kerscher2018intention,
  title={Intention-based Prediction for Pedestrians and Vehicles in Unstructured Environments.},
  author={Kerscher, Stefan and Balbierer, Norbert and Kraust, Sebastian and Hartmannsgruber, Andreas and M{\"u}ller, Nikolaus and Ludwig, Bernd},
  booktitle={VEHITS},
  pages={307--314},
  year={2018}
}

@inproceedings{kolski2006autonomous,
  title={Autonomous driving in structured and unstructured environments},
  author={Kolski, Sascha and Ferguson, Dave and Bellino, Mario and Siegwart, Roland},
  booktitle={2006 IEEE Intelligent Vehicles Symposium},
  pages={558--563},
  year={2006},
  organization={IEEE}
}

@inproceedings{ibrahim2013collision,
  title={Collision prediction between vehicles in an unstructured environment},
  author={Ibrahim, Abdi Hadi and Pegard, Claude and Mouaddib, El-Mustapha},
  booktitle={14th International Conference on Sciences and Techniques of Automatic Control \& Computer Engineering-STA'2013},
  pages={509--514},
  year={2013},
  organization={IEEE}
}


@inproceedings{ozturk2010detecting,
  title={Detecting dominant motion flows in unstructured/structured crowd scenes},
  author={Ozturk, Ovgu and Yamasaki, Toshihiko and Aizawa, Kiyoharu},
  booktitle={2010 20th International Conference on Pattern Recognition},
  pages={3533--3536},
  year={2010},
  organization={IEEE}
}


@article{jimenez2019pedestrian,
  title={Pedestrian counting estimation based on fractal dimension},
  author={Jim{\'e}nez, Andr{\'e}s C and Anzola, John and Jimenez-Triana, Alexander},
  journal={Heliyon},
  volume={5},
  number={4},
  pages={e01449},
  year={2019},
  publisher={Elsevier}
}


@inproceedings{rodriguez2009tracking,
  title={Tracking in unstructured crowded scenes},
  author={Rodriguez, Mikel and Ali, Saad and Kanade, Takeo},
  booktitle={2009 IEEE 12th International Conference on Computer Vision},
  pages={1389--1396},
  year={2009},
  organization={IEEE}
}


@inproceedings{chen2021spatial,
  title={Spatial-Temporal Graph Neural Network For Interaction-Aware Vehicle Trajectory Prediction},
  author={Chen, Junan and Wang, Yan and Wu, Ruihan and Campbell, Mark},
  booktitle={2021 IEEE 17th International Conference on Automation Science and Engineering (CASE)},
  pages={2119--2125},
  year={2021},
  organization={IEEE}
}

@article{su2019potential,
  title={Potential field: Interpretable and unified representation for trajectory prediction},
  author={Su, Shan and Peng, Cheng and Shi, Jianbo and Choi, Chiho},
  journal={arXiv preprint arXiv:1911.07414},
  year={2019}
}

@article{cai2020context,
  title={A context-augmented deep learning approach for worker trajectory prediction on unstructured and dynamic construction sites},
  author={Cai, Jiannan and Zhang, Yuxi and Yang, Liu and Cai, Hubo and Li, Shuai},
  journal={Advanced Engineering Informatics},
  volume={46},
  pages={101173},
  year={2020},
  publisher={Elsevier}
}

@article{guastella2021learning,
  title={Learning-based methods of perception and navigation for ground vehicles in unstructured environments: A review},
  author={Guastella, Dario Calogero and Muscato, Giovanni},
  journal={Sensors},
  volume={21},
  number={1},
  pages={73},
  year={2021},
  publisher={Multidisciplinary Digital Publishing Institute}
}

@article{procopio2009learning,
  title={Learning terrain segmentation with classifier ensembles for autonomous robot navigation in unstructured environments},
  author={Procopio, Michael J and Mulligan, Jane and Grudic, Greg},
  journal={Journal of Field Robotics},
  volume={26},
  number={2},
  pages={145--175},
  year={2009},
  publisher={Wiley Online Library}
}


@inproceedings{amirian2020opentraj,
  title={Opentraj: Assessing prediction complexity in human trajectories datasets},
  author={Amirian, Javad and Zhang, Bingqing and Castro, Francisco Valente and Baldelomar, Juan Jose and Hayet, Jean-Bernard and Pettr{\'e}, Julien},
  booktitle={Proceedings of the Asian Conference on Computer Vision},
  year={2020}
}

@article{batista2022investigating,
  title={Investigating spatial behaviour in different types of shared space},
  author={Batista, Mariana and Friedrich, Bernhard},
  journal={Transportation Research Procedia},
  volume={60},
  pages={44--51},
  year={2022},
  publisher={Elsevier}
}

@inproceedings{okamoto2011classification,
  title={Classification of Pedestrian Behavior in a Shopping Mall based on LRF and Camera Observations.},
  author={Okamoto, Kotaro and Utsumi, Akira and Yamazoe, Hirotake and Miyashita, Takahiro and Abe, Shinji and Takahashi, Kazuhiro and Hagita, Norihiro},
  booktitle={MVA},
  pages={1--5},
  year={2011}
}


@inproceedings{robicquet2016learning,
  title={Learning social etiquette: Human trajectory understanding in crowded scenes},
  author={Robicquet, Alexandre and Sadeghian, Amir and Alahi, Alexandre and Savarese, Silvio},
  booktitle={European conference on computer vision},
  pages={549--565},
  year={2016},
  organization={Springer}
}


@inproceedings{bock2020ind,
  title={The ind dataset: A drone dataset of naturalistic road user trajectories at german intersections},
  author={Bock, Julian and Krajewski, Robert and Moers, Tobias and Runde, Steffen and Vater, Lennart and Eckstein, Lutz},
  booktitle={2020 IEEE Intelligent Vehicles Symposium (IV)},
  pages={1929--1934},
  year={2020},
  organization={IEEE}
}


@inproceedings{yang2019top,
  title={Top-view trajectories: A pedestrian dataset of vehicle-crowd interaction from controlled experiments and crowded campus},
  author={Yang, Dongfang and Li, Linhui and Redmill, Keith and {\"O}zg{\"u}ner, {\"U}mit},
  booktitle={2019 IEEE Intelligent Vehicles Symposium (IV)},
  pages={899--904},
  year={2019},
  organization={IEEE}
}


@article{pascucci2017discrete,
  title={A discrete choice model for solving conflict situations between pedestrians and vehicles in shared space},
  author={Pascucci, F and Rinke, N and Schiermeyer, C and Berkhahn, V and Friedrich, B},
  journal={arXiv preprint arXiv:1709.09412},
  year={2017}
}


@inproceedings{cheng2019pedestrian,
  title={Pedestrian group detection in shared space},
  author={Cheng, Hao and Li, Yao and Sester, Monika},
  booktitle={2019 IEEE Intelligent Vehicles Symposium (IV)},
  pages={1707--1714},
  year={2019},
  organization={IEEE}
}



@article{predhumeau2021pedestrian,
  title={Pedestrian Behavior in Shared Spaces with Autonomous Vehicles: An Integrated Framework and Review},
  author={Pr{\'e}dhumeau, Manon and Spalanzani, Anne and Dugdale, Julie},
  journal={IEEE Transactions on Intelligent Vehicles},
  year={2021},
  publisher={IEEE}
}

@article{rudenko2020human,
  title={Human motion trajectory prediction: A survey},
  author={Rudenko, Andrey and Palmieri, Luigi and Herman, Michael and Kitani, Kris M and Gavrila, Dariu M and Arras, Kai O},
  journal={The International Journal of Robotics Research},
  volume={39},
  number={8},
  pages={895--935},
  year={2020},
  publisher={Sage Publications Sage UK: London, England}
}


@article{rinke2017multi,
  title={A multi-layer social force approach to model interactions in shared spaces using collision prediction},
  author={Rinke, Nils and Schiermeyer, Chris and Pascucci, Federico and Berkhahn, Volker and Friedrich, Bernhard},
  journal={Transportation research procedia},
  volume={25},
  pages={1249--1267},
  year={2017},
  publisher={Elsevier}
}

@inproceedings{rudenko2018joint,
  title={Joint long-term prediction of human motion using a planning-based social force approach},
  author={Rudenko, Andrey and Palmieri, Luigi and Arras, Kai O},
  booktitle={2018 IEEE International Conference on Robotics and Automation (ICRA)},
  pages={4571--4577},
  year={2018},
  organization={IEEE}
}

@inproceedings{predhumeau2021agent,
  title={An Agent-Based Model to Predict Pedestrians Trajectories with an Autonomous Vehicle in Shared Spaces},
  author={Pr{\'e}dhumeau, Manon and Mancheva, Lyuba and Dugdale, Julie and Spalanzani, Anne},
  booktitle={AAMAS 2021-20th International Conference on Autonomous Agents and Multiagent Systems},
  pages={1--9},
  year={2021}
}


@inproceedings{salzmann2020trajectron++,
  title={Trajectron++: Dynamically-feasible trajectory forecasting with heterogeneous data},
  author={Salzmann, Tim and Ivanovic, Boris and Chakravarty, Punarjay and Pavone, Marco},
  booktitle={European Conference on Computer Vision},
  pages={683--700},
  year={2020},
  organization={Springer}
}


@inproceedings{chandra2019traphic,
  title={Traphic: Trajectory prediction in dense and heterogeneous traffic using weighted interactions},
  author={Chandra, Rohan and Bhattacharya, Uttaran and Bera, Aniket and Manocha, Dinesh},
  booktitle={Proceedings of the IEEE/CVF Conference on Computer Vision and Pattern Recognition},
  pages={8483--8492},
  year={2019}
}


@inproceedings{cheng2020mcenet,
  title={MCENET: multi-context encoder network for homogeneous agent trajectory prediction in mixed traffic},
  author={Cheng, Hao and Liao, Wentong and Yang, Michael Ying and Sester, Monika and Rosenhahn, Bodo},
  booktitle={2020 IEEE 23rd International Conference on Intelligent Transportation Systems (ITSC)},
  pages={1--8},
  year={2020},
  organization={IEEE}
}


@article{bates2014fitting,
  title={Fitting linear mixed-effects models using lme4},
  author={Bates, Douglas and M{\"a}chler, Martin and Bolker, Ben and Walker, Steve},
  journal={arXiv preprint arXiv:1406.5823},
  year={2014}
}



@article{breslow1993approximate,
  title={Approximate inference in generalized linear mixed models},
  author={Breslow, Norman E and Clayton, David G},
  journal={Journal of the American statistical Association},
  volume={88},
  number={421},
  pages={9--25},
  year={1993},
  publisher={Taylor \& Francis}
}

@article{leon2021review,
  title={A review of tracking and trajectory prediction methods for autonomous driving},
  author={Leon, Florin and Gavrilescu, Marius},
  journal={Mathematics},
  volume={9},
  number={6},
  pages={660},
  year={2021},
  publisher={Multidisciplinary Digital Publishing Institute}
}

@article{abnili2019short,
  title={Short term predictions of preceding vehicle speeds for connected and automated vehicles},
  author={Abnili, M Zamani and Azad, Nasser L},
  journal={Controls, Dynamic Systems and Robotics (CDSR)},
  year={2019}
}