@incollection{Bengio+chapter2007,
author = {Bengio, Yoshua and LeCun, Yann},
booktitle = {Large Scale Kernel Machines},
publisher = {MIT Press},
title = {Scaling Learning Algorithms Towards {AI}},
year = {2007}
}
@inproceedings{deng2009imagenet,
  title={ImageNet: A large-scale hierarchical image database},
  author={Deng, Jia and Dong, Wei and Socher, Richard and Li, Li-Jia and Li, Kai and Fei-Fei, Li},
  booktitle={2009 IEEE Conference on Computer Vision and Pattern Recognition},
  pages={248--255},
  year={2009},
  organization={IEEE}
}

@inproceedings{bottou2010large,
  title={Large-scale machine learning with stochastic gradient descent},
  author={Bottou, L{\'e}on},
  booktitle={Proceedings of 19th International Conference on Computational Statistics},
  pages={177--186},
  year={2010},
  organization={Springer}
}
@article{Hinton06,
author = {Hinton, Geoffrey E. and Osindero, Simon and Teh, Yee Whye},
journal = {Neural Computation},
pages = {1527--1554},
title = {A Fast Learning Algorithm for Deep Belief Nets},
volume = {18},
year = {2006}
}
@inproceedings{bengio2009curriculum,
  title={Curriculum learning},
  author={Bengio, Yoshua and Louradour, J{\'e}r{\^o}me and Collobert, Ronan and Weston, Jason},
  booktitle={International Conference on Machine Learning},
  pages={41--48},
  year={2009}
}
@article{chandola2009anomaly,
  title={Anomaly detection: A survey},
  author={Chandola, Varun and Banerjee, Arindam and Kumar, Vipin},
  journal={ACM computing surveys (CSUR)},
  volume={41},
  number={3},
  pages={1--58},
  year={2009},
  publisher={ACM New York, NY, USA}
}
@inproceedings{giordano2019swiss,
  title={A swiss army infinitesimal jackknife},
  author={Giordano, Ryan and Stephenson, William and Liu, Runjing and Jordan, Michael and Broderick, Tamara},
  booktitle={International Conference on Artificial Intelligence and Statistics},
  pages={1139--1147},
  year={2019},
  organization={PMLR}
}
@article{pang2021deep,
  title={Deep learning for anomaly detection: A review},
  author={Pang, Guansong and Shen, Chunhua and Cao, Longbing and Hengel, Anton Van Den},
  journal={ACM computing surveys (CSUR)},
  volume={54},
  number={2},
  pages={1--38},
  year={2021},
  publisher={ACM New York, NY, USA}
}
@book{goodfellow2016deep,
title={Deep learning},
author={Goodfellow, Ian and Bengio, Yoshua and Courville, Aaron and Bengio, Yoshua},
volume={1},
year={2016},
publisher={MIT Press}
}

@inproceedings{koh2017understanding,
  title={Understanding black-box predictions via influence functions},
  author={Koh, Pang Wei and Liang, Percy},
  booktitle={International Conference on Machine Learning},
  pages={1885--1894},
  year={2017},
  organization={PMLR}
}

@article{hara2019data,
  title={{Data cleansing for models trained with SGD}},
  author={Hara, Satoshi and Nitanda, Atsushi and Maehara, Takanori},
  journal={Advances in Neural Information Processing Systems},
  volume={32},
  year={2019}
}

@article{pruthi2020estimating,
  title={Estimating training data influence by tracing gradient descent},
  author={Pruthi, Garima and Liu, Frederick and Kale, Satyen and Sundararajan, Mukund},
  journal={Advances in Neural Information Processing Systems},
  volume={33},
  pages={19920--19930},
  year={2020}
}
@article{feldman2020neural,
  title={What neural networks memorize and why: Discovering the long tail via influence estimation},
  author={Feldman, Vitaly and Zhang, Chiyuan},
  journal={Advances in Neural Information Processing Systems},
  volume={33},
  pages={2881--2891},
  year={2020}
}
@article{gronwall1919note,
  title={Note on the derivatives with respect to a parameter of the solutions of a system of differential equations},
  author={Gronwall, Thomas Hakon},
  journal={Annals of Mathematics},
  volume={20},
  number={4},
  pages={292--296},
  year={1919},
  publisher={JSTOR}
}
 
@inproceedings{guo2021fastif,
  title={{FastIF}: Scalable Influence Functions for Efficient Model Interpretation and Debugging},
  author={Guo, Han and Rajani, Nazneen and Hase, Peter and Bansal, Mohit and Xiong, Caiming},
  booktitle={Proceedings of the 2021 Conference on Empirical Methods in Natural Language Processing},
  pages={10333--10350},
  year={2021}
}
@inproceedings{basu2021influence,
  title={Influence Functions in Deep Learning Are Fragile},
  author={Basu, S and Pope, P and Feizi, S},
  booktitle={International Conference on Learning Representations (ICLR)},
  year={2021}
}
@inproceedings{schioppa2022scaling,
  title={Scaling up influence functions},
  author={Schioppa, Andrea and Zablotskaia, Polina and Vilar, David and Sokolov, Artem},
  booktitle={Proceedings of the AAAI Conference on Artificial Intelligence},
  volume={36},
  pages={8179--8186},
  year={2022}
}
@inproceedings{basu2020second,
  title={On second-order group influence functions for black-box predictions},
  author={Basu, Samyadeep and You, Xuchen and Feizi, Soheil},
  booktitle={International Conference on Machine Learning},
  pages={715--724},
  year={2020},
  organization={PMLR}
}
@article{choe2024your,
  title={{What is your data worth to GPT? LLM-scale data valuation with influence functions}},
  author={Choe, Sang Keun and Ahn, Hwijeen and Bae, Juhan and Zhao, Kewen and Kang, Minsoo and Chung, Youngseog and Pratapa, Adithya and Neiswanger, Willie and Strubell, Emma and Mitamura, Teruko and others},
  journal={arXiv preprint arXiv:2405.13954},
  year={2024}
}
@inproceedings{ghorbani2019data,
  title={Data shapley: Equitable valuation of data for machine learning},
  author={Ghorbani, Amirata and Zou, James},
  booktitle={International Conference on Machine Learning},
  pages={2242--2251},
  year={2019},
  organization={PMLR}
}
@inproceedings{jia2019towards,
  title={Towards efficient data valuation based on the shapley value},
  author={Jia, Ruoxi and Dao, David and Wang, Boxin and Hubis, Frances Ann and Hynes, Nick and G{\"u}rel, Nezihe Merve and Li, Bo and Zhang, Ce and Song, Dawn and Spanos, Costas J},
  booktitle={International Conference on Artificial Intelligence and Statistics},
  pages={1167--1176},
  year={2019},
  organization={PMLR}
}
@inproceedings{jia2021scalability,
  title={Scalability vs. utility: Do we have to sacrifice one for the other in data importance quantification?},
  author={Jia, Ruoxi and Wu, Fan and Sun, Xuehui and Xu, Jiacen and Dao, David and Kailkhura, Bhavya and Zhang, Ce and Li, Bo and Song, Dawn},
  booktitle={Proceedings of the IEEE/CVF Conference on Computer Vision and Pattern Recognition},
  pages={8239--8247},
  year={2021}
}
@article{xu2021validation,
  title={Validation free and replication robust volume-based data valuation},
  author={Xu, Xinyi and Wu, Zhaoxuan and Foo, Chuan Sheng and Low, Bryan Kian Hsiang},
  journal={Advances in Neural Information Processing Systems},
  volume={34},
  pages={10837--10848},
  year={2021}
}
@article{schoch2022cs,
  title={CS-Shapley: class-wise Shapley values for data valuation in classification},
  author={Schoch, Stephanie and Xu, Haifeng and Ji, Yangfeng},
  journal={Advances in Neural Information Processing Systems},
  volume={35},
  pages={34574--34585},
  year={2022}
}
@inproceedings{sun2023shapleyfl,
  title={Shapleyfl: Robust federated learning based on shapley value},
  author={Sun, Qiheng and Li, Xiang and Zhang, Jiayao and Xiong, Li and Liu, Weiran and Liu, Jinfei and Qin, Zhan and Ren, Kui},
  booktitle={Proceedings of the 29th ACM SIGKDD Conference on Knowledge Discovery and Data Mining},
  pages={2096--2108},
  year={2023}
}
@inproceedings{fan2022improving,
  title={Improving fairness for data valuation in horizontal federated learning},
  author={Fan, Zhenan and Fang, Huang and Zhou, Zirui and Pei, Jian and Friedlander, Michael P and Liu, Changxin and Zhang, Yong},
  booktitle={2022 IEEE 38th International Conference on Data Engineering (ICDE)},
  pages={2440--2453},
  year={2022},
  organization={IEEE}
}
@inproceedings{toneva2018empirical,
  title={An Empirical Study of Example Forgetting during Deep Neural Network Learning},
  author={Toneva, Mariya and Sordoni, Alessandro and des Combes, Remi Tachet and Trischler, Adam and Bengio, Yoshua and Gordon, Geoffrey J},
  booktitle={International Conference on Learning Representations},
  year={2018}
}
@article{paul2021deep,
  title={Deep learning on a data diet: Finding important examples early in training},
  author={Paul, Mansheej and Ganguli, Surya and Dziugaite, Gintare Karolina},
  journal={Advances in Neural Information Processing Systems},
  volume={34},
  pages={20596--20607},
  year={2021}
}
@article{tan2024data,
  title={Data pruning via moving-one-sample-out},
  author={Tan, Haoru and Wu, Sitong and Du, Fei and Chen, Yukang and Wang, Zhibin and Wang, Fan and Qi, Xiaojuan},
  journal={Advances in Neural Information Processing Systems},
  volume={36},
  year={2024}
}
@article{he2023you,
  title={You only condense once: Two rules for pruning condensed datasets},
  author={He, Yang and Xiao, Lingao and Zhou, Joey Tianyi},
  journal={Advances in Neural Information Processing Systems},
  volume={36},
  pages={39382--39394},
  year={2023}
}

@misc{Dua2019,
    author = {Dua, Dheeru and Graff, Casey},
    year = {2019},
    title = {{UCI} Machine Learning Repository},
    url = {http://archive.ics.uci.edu/ml},
    institution = {University of California, Irvine, School of Information and Computer Sciences}
}

@article{Lang95,
    author = {Lang, Ken},
    title = {Newsweeder: Learning to filter netnews},
    year = {1995},
    journal = {International Conference on Machine Learning},
    pages = {331--339},
    publisher = {Morgan Kaufmann}
}

@misc{lecun-mnisthandwrittendigit-2010,
  title={{MNIST handwritten digit database}},
  author={LeCun, Yann and Cortes, Corinna and Burges, Chris and others},
  year={2010},
  howpublished = {\url{http://yann.lecun.com/exdb/mnist}},
}


@article{Cohen2017EMNIST,
    author = {Cohen, Gregory and Afshar, Saeed and Tapson, Jonathan and van Schaik, Andr√©},
    title = {{EMNIST: Extending MNIST to handwritten letters}},
    journal = {Proceedings of the International Joint Conference on Neural Networks},
    year = {2017}
}

@article{benesty2009pearson,
  title={Pearson correlation coefficient},
  author={Benesty, Jacob and Chen, Jingdong and Huang, Yiteng and Cohen, Israel},
  journal={Noise Reduction in Speech Processing},
  volume={2},
  number={1},
  pages={1--4},
  year={2009},
  publisher={Springer}
}

 
@article{pearson1895vii,
  title={Note on regression and inheritance in the case of two parents},
  author={Pearson, Karl},
  journal={Proceedings of the Royal Society of London},
  volume={58},
  number={347-352},
  pages={240--242},
  year={1895},
  publisher={The Royal Society London}
}

@article{kendall1938new,
  title={A new measure of rank correlation},
  author={Kendall, Maurice G},
  journal={Biometrika},
  volume={30},
  number={1-2},
  pages={81--93},
  year={1938},
  publisher={Oxford University Press}
}
@article{spearman1961proof,
  title={The proof and measurement of association between two things},
  author={Spearman, Charles},
  journal={The American Journal of Psychology},
  volume={100},
  number={3/4},
  pages={441--471},
  year={1987},
  publisher={JSTOR}
}
@article{jaccard1912distribution,
  title={The distribution of the flora in the alpine zone. 1},
  author={Jaccard, Paul},
  journal={New phytologist},
  volume={11},
  number={2},
  pages={37--50},
  year={1912},
  publisher={Wiley Online Library}
}