@inproceedings{basu2021influence,
  title={Influence Functions in Deep Learning Are Fragile},
  author={Basu, S and Pope, P and Feizi, S},
  booktitle={International Conference on Learning Representations (ICLR)},
  year={2021}
}

@article{choe2024your,
  title={{What is your data worth to GPT? LLM-scale data valuation with influence functions}},
  author={Choe, Sang Keun and Ahn, Hwijeen and Bae, Juhan and Zhao, Kewen and Kang, Minsoo and Chung, Youngseog and Pratapa, Adithya and Neiswanger, Willie and Strubell, Emma and Mitamura, Teruko and others},
  journal={arXiv preprint arXiv:2405.13954},
  year={2024}
}

@inproceedings{fan2022improving,
  title={Improving fairness for data valuation in horizontal federated learning},
  author={Fan, Zhenan and Fang, Huang and Zhou, Zirui and Pei, Jian and Friedlander, Michael P and Liu, Changxin and Zhang, Yong},
  booktitle={2022 IEEE 38th International Conference on Data Engineering (ICDE)},
  pages={2440--2453},
  year={2022},
  organization={IEEE}
}

@inproceedings{ghorbani2019data,
  title={Data shapley: Equitable valuation of data for machine learning},
  author={Ghorbani, Amirata and Zou, James},
  booktitle={International Conference on Machine Learning},
  pages={2242--2251},
  year={2019},
  organization={PMLR}
}

@inproceedings{guo2021fastif,
  title={{FastIF}: Scalable Influence Functions for Efficient Model Interpretation and Debugging},
  author={Guo, Han and Rajani, Nazneen and Hase, Peter and Bansal, Mohit and Xiong, Caiming},
  booktitle={Proceedings of the 2021 Conference on Empirical Methods in Natural Language Processing},
  pages={10333--10350},
  year={2021}
}

@article{hara2019data,
  title={{Data cleansing for models trained with SGD}},
  author={Hara, Satoshi and Nitanda, Atsushi and Maehara, Takanori},
  journal={Advances in Neural Information Processing Systems},
  volume={32},
  year={2019}
}

@article{he2023you,
  title={You only condense once: Two rules for pruning condensed datasets},
  author={He, Yang and Xiao, Lingao and Zhou, Joey Tianyi},
  journal={Advances in Neural Information Processing Systems},
  volume={36},
  pages={39382--39394},
  year={2023}
}

@inproceedings{jia2019towards,
  title={Towards efficient data valuation based on the shapley value},
  author={Jia, Ruoxi and Dao, David and Wang, Boxin and Hubis, Frances Ann and Hynes, Nick and G{\"u}rel, Nezihe Merve and Li, Bo and Zhang, Ce and Song, Dawn and Spanos, Costas J},
  booktitle={International Conference on Artificial Intelligence and Statistics},
  pages={1167--1176},
  year={2019},
  organization={PMLR}
}

@inproceedings{jia2021scalability,
  title={Scalability vs. utility: Do we have to sacrifice one for the other in data importance quantification?},
  author={Jia, Ruoxi and Wu, Fan and Sun, Xuehui and Xu, Jiacen and Dao, David and Kailkhura, Bhavya and Zhang, Ce and Li, Bo and Song, Dawn},
  booktitle={Proceedings of the IEEE/CVF Conference on Computer Vision and Pattern Recognition},
  pages={8239--8247},
  year={2021}
}

@inproceedings{koh2017understanding,
  title={Understanding black-box predictions via influence functions},
  author={Koh, Pang Wei and Liang, Percy},
  booktitle={International Conference on Machine Learning},
  pages={1885--1894},
  year={2017},
  organization={PMLR}
}

@article{paul2021deep,
  title={Deep learning on a data diet: Finding important examples early in training},
  author={Paul, Mansheej and Ganguli, Surya and Dziugaite, Gintare Karolina},
  journal={Advances in Neural Information Processing Systems},
  volume={34},
  pages={20596--20607},
  year={2021}
}

@inproceedings{schioppa2022scaling,
  title={Scaling up influence functions},
  author={Schioppa, Andrea and Zablotskaia, Polina and Vilar, David and Sokolov, Artem},
  booktitle={Proceedings of the AAAI Conference on Artificial Intelligence},
  volume={36},
  pages={8179--8186},
  year={2022}
}

@article{schoch2022cs,
  title={CS-Shapley: class-wise Shapley values for data valuation in classification},
  author={Schoch, Stephanie and Xu, Haifeng and Ji, Yangfeng},
  journal={Advances in Neural Information Processing Systems},
  volume={35},
  pages={34574--34585},
  year={2022}
}

@inproceedings{sun2023shapleyfl,
  title={Shapleyfl: Robust federated learning based on shapley value},
  author={Sun, Qiheng and Li, Xiang and Zhang, Jiayao and Xiong, Li and Liu, Weiran and Liu, Jinfei and Qin, Zhan and Ren, Kui},
  booktitle={Proceedings of the 29th ACM SIGKDD Conference on Knowledge Discovery and Data Mining},
  pages={2096--2108},
  year={2023}
}

@article{tan2024data,
  title={Data pruning via moving-one-sample-out},
  author={Tan, Haoru and Wu, Sitong and Du, Fei and Chen, Yukang and Wang, Zhibin and Wang, Fan and Qi, Xiaojuan},
  journal={Advances in Neural Information Processing Systems},
  volume={36},
  year={2024}
}

@inproceedings{toneva2018empirical,
  title={An Empirical Study of Example Forgetting during Deep Neural Network Learning},
  author={Toneva, Mariya and Sordoni, Alessandro and des Combes, Remi Tachet and Trischler, Adam and Bengio, Yoshua and Gordon, Geoffrey J},
  booktitle={International Conference on Learning Representations},
  year={2018}
}

@article{xu2021validation,
  title={Validation free and replication robust volume-based data valuation},
  author={Xu, Xinyi and Wu, Zhaoxuan and Foo, Chuan Sheng and Low, Bryan Kian Hsiang},
  journal={Advances in Neural Information Processing Systems},
  volume={34},
  pages={10837--10848},
  year={2021}
}

