@article{huang2024multi,
  title={A Multi-Stance Detection Method by Fusing Sentiment Features},
  author={Huang, Weidong and Yang, Jinyuan},
  journal={Applied Sciences},
  volume={14},
  number={9},
  pages={3916},
  year={2024},
  publisher={MDPI}
}

@inproceedings{ji2022cross,
  title={Cross-target stance detection via refined meta-learning},
  author={Ji, Huishan and Lin, Zheng and Fu, Peng and Wang, Weiping},
  booktitle={ICASSP 2022-2022 IEEE International Conference on Acoustics, Speech and Signal Processing (ICASSP)},
  pages={7822--7826},
  year={2022},
  organization={IEEE}
}

@inproceedings{luo2022exploiting,
  title={Exploiting sentiment and common sense for zero-shot stance detection},
  author={Luo, Yun and Liu, Zihan and Shi, Yuefeng and Li, Stan Z and Zhang, Yue},
  booktitle={Proceedings of the 29th International Conference on Computational Linguistics},
  pages={7112--7123},
  year={2022}
}

@inproceedings{mohammad2016semeval,
  title={Semeval-2016 task 6: Detecting stance in tweets},
  author={Mohammad, Saif and Kiritchenko, Svetlana and Sobhani, Parinaz and Zhu, Xiaodan and Cherry, Colin},
  booktitle={Proceedings of the 10th international workshop on semantic evaluation (SemEval-2016)},
  pages={31--41},
  year={2016}
}

@inproceedings{siddiqua2018stance,
  title={Stance detection on microblog focusing on syntactic tree representation},
  author={Siddiqua, Umme Aymun and Chy, Abu Nowshed and Aono, Masaki},
  booktitle={Data Mining and Big Data: Third International Conference, DMBD 2018, Shanghai, China, June 17--22, 2018, Proceedings 3},
  pages={478--490},
  year={2018},
  organization={Springer}
}

@inproceedings{sobhani2016detecting,
  title={Detecting stance in tweets and analyzing its interaction with sentiment},
  author={Sobhani, Parinaz and Mohammad, Saif and Kiritchenko, Svetlana},
  booktitle={Proceedings of the fifth joint conference on lexical and computational semantics},
  pages={159--169},
  year={2016}
}

@inproceedings{sun2016exploring,
  title={Exploring various linguistic features for stance detection},
  author={Sun, Qingying and Wang, Zhongqing and Zhu, Qiaoming and Zhou, Guodong},
  booktitle={Natural Language Understanding and Intelligent Applications: 5th CCF Conference on Natural Language Processing and Chinese Computing, NLPCC 2016, and 24th International Conference on Computer Processing of Oriental Languages, ICCPOL 2016, Kunming, China, December 2--6, 2016, Proceedings 24},
  pages={840--847},
  year={2016},
  organization={Springer}
}

@article{sun2019stance,
  title={Stance detection via sentiment information and neural network model},
  author={Sun, Qingying and Wang, Zhongqing and Li, Shoushan and Zhu, Qiaoming and Zhou, Guodong},
  journal={Frontiers of Computer Science},
  volume={13},
  pages={127--138},
  year={2019},
  publisher={Springer}
}

@article{taranukhin2024stance,
  title={Stance Reasoner: Zero-Shot Stance Detection on Social Media with Explicit Reasoning},
  author={Taranukhin, Maksym and Shwartz, Vered and Milios, Evangelos},
  journal={arXiv preprint arXiv:2403.14895},
  year={2024}
}

@article{xu2018cross,
  title={Cross-target stance classification with self-attention networks},
  author={Xu, Chang and Paris, C{\'e}cile and Nepal, Surya and Sparks, Ross},
  journal={arXiv preprint arXiv:1805.06593},
  year={2018}
}

@inproceedings{zhang2020enhancing,
  title={Enhancing cross-target stance detection with transferable semantic-emotion knowledge},
  author={Zhang, Bowen and Yang, Min and Li, Xutao and Ye, Yunming and Xu, Xiaofei and Dai, Kuai},
  booktitle={Proceedings of the 58th annual meeting of the association for computational linguistics},
  pages={3188--3197},
  year={2020}
}

