
@article{sun2019stance,
  title={Stance detection via sentiment information and neural network model},
  author={Sun, Qingying and Wang, Zhongqing and Li, Shoushan and Zhu, Qiaoming and Zhou, Guodong},
  journal={Frontiers of Computer Science},
  volume={13},
  pages={127--138},
  year={2019},
  publisher={Springer}
}

@article{kockelman2004stance,
  title={Stance and subjectivity},
  author={Kockelman, Paul},
  journal={Journal of Linguistic Anthropology},
  volume={14},
  number={2},
  pages={127--150},
  year={2004},
  publisher={Wiley Online Library}
}

@article{jaidka2019brevity,
  title={Brevity is the soul of Twitter: The constraint affordance and political discussion},
  author={Jaidka, Kokil and Zhou, Alvin and Lelkes, Yphtach},
  journal={Journal of Communication},
  volume={69},
  number={4},
  pages={345--372},
  year={2019},
  publisher={Oxford University Press}
}

@article{duncombe2019politics,
  title={The politics of Twitter: emotions and the power of social media},
  author={Duncombe, Constance},
  journal={International Political Sociology},
  volume={13},
  number={4},
  pages={409--429},
  year={2019},
  publisher={Oxford University Press}
}


@inproceedings{aldayel2019assessing,
  title={Assessing sentiment of the expressed stance on social media},
  author={Aldayel, Abeer and Magdy, Walid},
  booktitle={Social Informatics: 11th International Conference, SocInfo 2019, Doha, Qatar, November 18--21, 2019, Proceedings 11},
  pages={277--286},
  year={2019},
  organization={Springer}
}

@inproceedings{li2019multi,
  title={Multi-task stance detection with sentiment and stance lexicons},
  author={Li, Yingjie and Caragea, Cornelia},
  booktitle={Proceedings of the 2019 conference on empirical methods in natural language processing and the 9th international joint conference on natural language processing (EMNLP-IJCNLP)},
  pages={6299--6305},
  year={2019}
}

@article{aldayel2021stance,
  title={Stance detection on social media: State of the art and trends},
  author={AlDayel, Abeer and Magdy, Walid},
  journal={Information Processing \& Management},
  volume={58},
  number={4},
  pages={102597},
  year={2021},
  publisher={Elsevier}
}

@inproceedings{siddiqua2018stance,
  title={Stance detection on microblog focusing on syntactic tree representation},
  author={Siddiqua, Umme Aymun and Chy, Abu Nowshed and Aono, Masaki},
  booktitle={Data Mining and Big Data: Third International Conference, DMBD 2018, Shanghai, China, June 17--22, 2018, Proceedings 3},
  pages={478--490},
  year={2018},
  organization={Springer}
}

@article{alturayeif2023systematic,
  title={A systematic review of machine learning techniques for stance detection and its applications},
  author={Alturayeif, Nora and Luqman, Hamzah and Ahmed, Moataz},
  journal={Neural Computing and Applications},
  volume={35},
  number={7},
  pages={5113--5144},
  year={2023},
  publisher={Springer}
}

@inproceedings{luo2022exploiting,
  title={Exploiting sentiment and common sense for zero-shot stance detection},
  author={Luo, Yun and Liu, Zihan and Shi, Yuefeng and Li, Stan Z and Zhang, Yue},
  booktitle={Proceedings of the 29th International Conference on Computational Linguistics},
  pages={7112--7123},
  year={2022}
}

@article{huang2024multi,
  title={A Multi-Stance Detection Method by Fusing Sentiment Features},
  author={Huang, Weidong and Yang, Jinyuan},
  journal={Applied Sciences},
  volume={14},
  number={9},
  pages={3916},
  year={2024},
  publisher={MDPI}
}

@inproceedings{sun2016exploring,
  title={Exploring various linguistic features for stance detection},
  author={Sun, Qingying and Wang, Zhongqing and Zhu, Qiaoming and Zhou, Guodong},
  booktitle={Natural Language Understanding and Intelligent Applications: 5th CCF Conference on Natural Language Processing and Chinese Computing, NLPCC 2016, and 24th International Conference on Computer Processing of Oriental Languages, ICCPOL 2016, Kunming, China, December 2--6, 2016, Proceedings 24},
  pages={840--847},
  year={2016},
  organization={Springer}
}


@inproceedings{sobhani2016detecting,
  title={Detecting stance in tweets and analyzing its interaction with sentiment},
  author={Sobhani, Parinaz and Mohammad, Saif and Kiritchenko, Svetlana},
  booktitle={Proceedings of the fifth joint conference on lexical and computational semantics},
  pages={159--169},
  year={2016}
}

@article{allaway2020zero,
  title={Zero-shot stance detection: A dataset and model using generalized topic representations},
  author={Allaway, Emily and McKeown, Kathleen},
  journal={arXiv preprint arXiv:2010.03640},
  year={2020}
}

@article{xu2018cross,
  title={Cross-target stance classification with self-attention networks},
  author={Xu, Chang and Paris, C{\'e}cile and Nepal, Surya and Sparks, Ross},
  journal={arXiv preprint arXiv:1805.06593},
  year={2018}
}

@inproceedings{ji2022cross,
  title={Cross-target stance detection via refined meta-learning},
  author={Ji, Huishan and Lin, Zheng and Fu, Peng and Wang, Weiping},
  booktitle={ICASSP 2022-2022 IEEE International Conference on Acoustics, Speech and Signal Processing (ICASSP)},
  pages={7822--7826},
  year={2022},
  organization={IEEE}
}



@inproceedings{siddiqua2019tweet,
  title={Tweet stance detection using an attention based neural ensemble model},
  author={Siddiqua, Umme Aymun and Chy, Abu Nowshed and Aono, Masaki},
  booktitle={Proceedings of the 2019 conference of the north American chapter of the association for computational linguistics: Human language technologies, volume 1 (long and short papers)},
  pages={1868--1873},
  year={2019}
}

@inproceedings{zhang2020enhancing,
  title={Enhancing cross-target stance detection with transferable semantic-emotion knowledge},
  author={Zhang, Bowen and Yang, Min and Li, Xutao and Ye, Yunming and Xu, Xiaofei and Dai, Kuai},
  booktitle={Proceedings of the 58th annual meeting of the association for computational linguistics},
  pages={3188--3197},
  year={2020}
}

@inproceedings{sobhani2017dataset,
  title={A dataset for multi-target stance detection},
  author={Sobhani, Parinaz and Inkpen, Diana and Zhu, Xiaodan},
  booktitle={Proceedings of the 15th Conference of the European Chapter of the Association for Computational Linguistics: Volume 2, Short Papers},
  pages={551--557},
  year={2017}
}

@article{liu2019roberta,
  title={Roberta: A robustly optimized bert pretraining approach},
  author={Liu, Yinhan},
  journal={arXiv preprint arXiv:1907.11692},
  volume={364},
  year={2019}
}

@inproceedings{kenton2019bert,
  title={Bert: Pre-training of deep bidirectional transformers for language understanding},
  author={Kenton, Jacob Devlin Ming-Wei Chang and Toutanova, Lee Kristina},
  booktitle={Proceedings of naacL-HLT},
  volume={1},
  pages={2},
  year={2019},
  organization={Minneapolis, Minnesota}
}

@article{vijayaraghavan2016deepstance,
  title={Deepstance at semeval-2016 task 6: Detecting stance in tweets using character and word-level cnns},
  author={Vijayaraghavan, Prashanth and Sysoev, Ivan and Vosoughi, Soroush and Roy, Deb},
  journal={arXiv preprint arXiv:1606.05694},
  year={2016}
}

@inproceedings{bohler2016idi,
  title={Idi@ ntnu at semeval-2016 task 6: Detecting stance in tweets using shallow features and glove vectors for word representation},
  author={B{\o}hler, Henrik and Asla, Petter and Marsi, Erwin and S{\ae}tre, Rune},
  booktitle={Proceedings of the 10th International Workshop on Semantic Evaluation (SemEval-2016)},
  pages={445--450},
  year={2016}
}

@inproceedings{wei2016pkudblab,
  title={pkudblab at semeval-2016 task 6: A specific convolutional neural network system for effective stance detection},
  author={Wei, Wan and Zhang, Xiao and Liu, Xuqin and Chen, Wei and Wang, Tengjiao},
  booktitle={Proceedings of the 10th international workshop on semantic evaluation (SemEval-2016)},
  pages={384--388},
  year={2016}
}

@article{zarrella2016mitre,
  title={Mitre at semeval-2016 task 6: Transfer learning for stance detection},
  author={Zarrella, Guido and Marsh, Amy},
  journal={arXiv preprint arXiv:1606.03784},
  year={2016}
}

@inproceedings{li2023distilling,
  title={Distilling calibrated knowledge for stance detection},
  author={Li, Yingjie and Caragea, Cornelia},
  booktitle={Findings of the Association for Computational Linguistics: ACL 2023},
  pages={6316--6329},
  year={2023}
}

@article{zhang2022would,
  title={How would stance detection techniques evolve after the launch of chatgpt?},
  author={Zhang, Bowen and Ding, Daijun and Jing, Liwen and Dai, Genan and Yin, Nan},
  journal={arXiv preprint arXiv:2212.14548},
  year={2022}
}


@article{loshchilov2017decoupled,
  title={Decoupled weight decay regularization},
  author={Loshchilov, I},
  journal={arXiv preprint arXiv:1711.05101},
  year={2017}
}

@article{wolf2019huggingface,
  title={Huggingface's transformers: State-of-the-art natural language processing},
  author={Wolf, T},
  journal={arXiv preprint arXiv:1910.03771},
  year={2019}
}

@misc{openai2024gpt4,
  author       = {OpenAI},
  title        = {GPT-4: Generative Pre-trained Transformer 4},
  year         = {2024},
  url          = {https://openai.com/},
  note         = {Accessed: 2024-12-20}
}

@misc{openai2023chatgpt,
  author       = {OpenAI},
  title        = {ChatGPT (GPT-3.5-Turbo)},
  year         = {2023},
  howpublished = {\url{https://openai.com}},
  note         = {Accessed: 2024-12-22}
}

@misc{kim2014convolutionalneuralnetworkssentence,
      title={Convolutional Neural Networks for Sentence Classification}, 
      author={Yoon Kim},
      year={2014},
      eprint={1408.5882},
      archivePrefix={arXiv},
      primaryClass={cs.CL},
      url={https://arxiv.org/abs/1408.5882}, 
}

@article{nguyen2020bertweet,
  title={BERTweet: A pre-trained language model for English Tweets},
  author={Nguyen, Dat Quoc and Vu, Thanh and Nguyen, Anh Tuan},
  journal={arXiv preprint arXiv:2005.10200},
  year={2020}
}

@article{lewis2019bart,
  title={Bart: Denoising sequence-to-sequence pre-training for natural language generation, translation, and comprehension},
  author={Lewis, M},
  journal={arXiv preprint arXiv:1910.13461},
  year={2019}
}

@article{schuster1997bidirectional,
  title={Bidirectional recurrent neural networks},
  author={Schuster, Mike and Paliwal, Kuldip K},
  journal={IEEE transactions on Signal Processing},
  volume={45},
  number={11},
  pages={2673--2681},
  year={1997},
  publisher={Ieee}
}

@inproceedings{liu2024emollms,
  title={Emollms: A series of emotional large language models and annotation tools for comprehensive affective analysis},
  author={Liu, Zhiwei and Yang, Kailai and Xie, Qianqian and Zhang, Tianlin and Ananiadou, Sophia},
  booktitle={Proceedings of the 30th ACM SIGKDD Conference on Knowledge Discovery and Data Mining},
  pages={5487--5496},
  year={2024}
}

@article{taranukhin2024stance,
  title={Stance Reasoner: Zero-Shot Stance Detection on Social Media with Explicit Reasoning},
  author={Taranukhin, Maksym and Shwartz, Vered and Milios, Evangelos},
  journal={arXiv preprint arXiv:2403.14895},
  year={2024}
}

@inproceedings{mohammad2016semeval,
  title={Semeval-2016 task 6: Detecting stance in tweets},
  author={Mohammad, Saif and Kiritchenko, Svetlana and Sobhani, Parinaz and Zhu, Xiaodan and Cherry, Colin},
  booktitle={Proceedings of the 10th international workshop on semantic evaluation (SemEval-2016)},
  pages={31--41},
  year={2016}
}

@inproceedings{li2021p,
  title={P-stance: A large dataset for stance detection in political domain},
  author={Li, Yingjie and Sosea, Tiberiu and Sawant, Aditya and Nair, Ajith Jayaraman and Inkpen, Diana and Caragea, Cornelia},
  booktitle={Findings of the Association for Computational Linguistics: ACL-IJCNLP 2021},
  pages={2355--2365},
  year={2021}
}

@article{yang2023disentangled,
  title={Disentangled variational autoencoder for emotion recognition in conversations},
  author={Yang, Kailai and Zhang, Tianlin and Ananiadou, Sophia},
  journal={IEEE Transactions on Affective Computing},
  year={2023},
  publisher={IEEE}
}


@article{kingma2013auto,
  title={Auto-encoding variational bayes},
  author={Kingma, Diederik P},
  journal={arXiv preprint arXiv:1312.6114},
  year={2013}
}


@article{warriner2013norms,
  title={Norms of valence, arousal, and dominance for 13,915 English lemmas},
  author={Warriner, Amy Beth and Kuperman, Victor and Brysbaert, Marc},
  journal={Behavior research methods},
  volume={45},
  pages={1191--1207},
  year={2013},
  publisher={Springer}
}
