@article{baek2021accurate,
  title={Accurate prediction of protein structures and interactions using a three-track neural network},
  author={Baek, Minkyung and DiMaio, Frank and Anishchenko, Ivan and Dauparas, Justas and Ovchinnikov, Sergey and Lee, Gyu Rie and Wang, Jue and Cong, Qian and Kinch, Lisa N and Schaeffer, R Dustin and others},
  journal={Science},
  volume={373},
  number={6557},
  pages={871--876},
  year={2021},
  publisher={American Association for the Advancement of Science}
}

@inproceedings{bose2023se,
  title={SE (3)-Stochastic Flow Matching for Protein Backbone Generation},
  author={Bose, Joey and Akhound-Sadegh, Tara and Huguet, Guillaume and FATRAS, Kilian and Rector-Brooks, Jarrid and Liu, Cheng-Hao and Nica, Andrei Cristian and Korablyov, Maksym and Bronstein, Michael M and Tong, Alexander},
  booktitle={The Twelfth International Conference on Learning Representations},
  year={2024}
}

@book{dam1998quaternions,
  title={Quaternions, interpolation and animation},
  author={Dam, Erik B and Koch, Martin and Lillholm, Martin},
  volume={2},
  year={1998},
  publisher={Citeseer}
}

@inproceedings{geffner2025proteina,
  title={Proteina: Scaling Flow-based Protein Structure Generative Models},
  author={Geffner, Tomas and Didi, Kieran and Zhang, Zuobai and Reidenbach, Danny and Cao, Zhonglin and Yim, Jason and Geiger, Mario and Dallago, Christian and Kucukbenli, Emine and Vahdat, Arash and  Kreis, Karsten},
  booktitle={The Thirteenth International Conference on Learning Representations},
  year={2025}
}

@inproceedings{guo2025assembleflow,
title={AssembleFlow: Rigid Flow Matching with Inertial Frames for Molecular Assembly},
author={Guo, Hongyu and Bengio, Yoshua and Liu, Shengchao},
booktitle={The Thirteenth International Conference on Learning Representations},
year={2025}
}

@inproceedings{hassan2024flow,
  title={ET-Flow: Equivariant Flow-Matching for Molecular Conformer Generation},
  author={Hassan, Majdi and Shenoy, Nikhil and Lee, Jungyoon and Stark, Hannes and Thaler, Stephan and Beaini, Dominique},
  booktitle={The Thirty-eighth Annual Conference on Neural Information Processing Systems},
  year={2024}
}

@article{hemingway2018perspectives,
  title={Perspectives on Euler angle singularities, gimbal lock, and the orthogonality of applied forces and applied moments},
  author={Hemingway, Evan G and Oâ€™Reilly, Oliver M},
  journal={Multibody system dynamics},
  volume={44},
  pages={31--56},
  year={2018},
  publisher={Springer}
}

@article{huguet2024sequence,
  title={Sequence-Augmented SE (3)-Flow Matching For Conditional Protein Backbone Generation},
  author={Huguet, Guillaume and Vuckovic, James and Fatras, Kilian and Thibodeau-Laufer, Eric and Lemos, Pablo and Islam, Riashat and Liu, Cheng-Hao and Rector-Brooks, Jarrid and Akhound-Sadegh, Tara and Bronstein, Michael and others},
  journal={arXiv preprint arXiv:2405.20313},
  year={2024}
}

@article{jing2022torsional,
  title={Torsional diffusion for molecular conformer generation},
  author={Jing, Bowen and Corso, Gabriele and Chang, Jeffrey and Barzilay, Regina and Jaakkola, Tommi},
  journal={Advances in Neural Information Processing Systems},
  volume={35},
  pages={24240--24253},
  year={2022}
}

@article{jumper2021highly,
  title={Highly accurate protein structure prediction with AlphaFold},
  author={Jumper, John and Evans, Richard and Pritzel, Alexander and Green, Tim and Figurnov, Michael and Ronneberger, Olaf and Tunyasuvunakool, Kathryn and Bates, Russ and {\v{Z}}{\'\i}dek, Augustin and Potapenko, Anna and others},
  journal={Nature},
  volume={596},
  number={7873},
  pages={583--589},
  year={2021},
  publisher={Nature Publishing Group}
}

@inproceedings{kohler2023rigid,
  title={Rigid body flows for sampling molecular crystal structures},
  author={K{\"o}hler, Jonas and Invernizzi, Michele and De Haan, Pim and No{\'e}, Frank},
  booktitle={International Conference on Machine Learning},
  pages={17301--17326},
  year={2023},
  organization={PMLR}
}

@book{kuipers1999quaternions,
  title={Quaternions and rotation sequences: a primer with applications to orbits, aerospace, and virtual reality},
  author={Kuipers, Jack B},
  year={1999},
  publisher={Princeton university press}
}

@inproceedings{lin2023generating,
  title={Generating Novel, Designable, and Diverse Protein Structures by Equivariantly Diffusing Oriented Residue Clouds},
  author={Lin, Yeqing and Alquraishi, Mohammed},
  booktitle={International Conference on Machine Learning},
  pages={20978--21002},
  year={2023},
  organization={PMLR}
}

@article{lin2024out,
  title={Out of Many, One: Designing and Scaffolding Proteins at the Scale of the Structural Universe with Genie 2},
  author={Lin, Yeqing and Lee, Minji and Zhang, Zhao and AlQuraishi, Mohammed},
  journal={arXiv preprint arXiv:2405.15489},
  year={2024}
}

@book{pervin1982quaternions,
  title={Quaternions in computer vision and robotics},
  author={Pervin, Edward and Webb, Jon A},
  year={1982},
  publisher={Carnegie Mellon University}
}

@article{shoemake1985animating,
  title={Animating rotation with quaternion curves},
  author={Shoemake, Ken},
  journal={ACM SIGGRAPH Computer Graphics},
  volume={19},
  number={3},
  pages={245--254},
  year={1985},
  publisher={ACM New York, NY, USA}
}

@article{sola2017quaternion,
  title={Quaternion kinematics for the error-state Kalman filter},
  author={Sola, Joan},
  journal={arXiv preprint arXiv:1711.02508},
  year={2017}
}

@inproceedings{wagner2024generating,
  title={Generating Highly Designable Proteins with Geometric Algebra Flow Matching},
  author={Wagner, Simon and Seute, Leif and Viliuga, Vsevolod and Wolf, Nicolas and Gr{\"a}ter, Frauke and Stuehmer, Jan},
  booktitle={The Thirty-eighth Annual Conference on Neural Information Processing Systems},
  year={2024}
}

@article{watson2023novo,
  title={De novo design of protein structure and function with RFdiffusion},
  author={Watson, Joseph L and Juergens, David and Bennett, Nathaniel R and Trippe, Brian L and Yim, Jason and Eisenach, Helen E and Ahern, Woody and Borst, Andrew J and Ragotte, Robert J and Milles, Lukas F and others},
  journal={Nature},
  volume={620},
  number={7976},
  pages={1089--1100},
  year={2023},
  publisher={Nature Publishing Group UK London}
}

@article{xu2015vector,
  title={Vector sparse representation of color image using quaternion matrix analysis},
  author={Xu, Yi and Yu, Licheng and Xu, Hongteng and Zhang, Hao and Nguyen, Truong},
  journal={IEEE Transactions on image processing},
  volume={24},
  number={4},
  pages={1315--1329},
  year={2015},
  publisher={IEEE}
}

@article{xu2022geodiff,
  title={Geodiff: A geometric diffusion model for molecular conformation generation},
  author={Xu, Minkai and Yu, Lantao and Song, Yang and Shi, Chence and Ermon, Stefano and Tang, Jian},
  journal={arXiv preprint arXiv:2203.02923},
  year={2022}
}

@article{yim2023fast,
  title={Fast protein backbone generation with SE (3) flow matching},
  author={Yim, Jason and Campbell, Andrew and Foong, Andrew YK and Gastegger, Michael and Jim{\'e}nez-Luna, Jos{\'e} and Lewis, Sarah and Satorras, Victor Garcia and Veeling, Bastiaan S and Barzilay, Regina and Jaakkola, Tommi and others},
  journal={arXiv preprint arXiv:2310.05297},
  year={2023}
}

@inproceedings{yim2023se,
  title={SE (3) diffusion model with application to protein backbone generation},
  author={Yim, Jason and Trippe, Brian L and De Bortoli, Valentin and Mathieu, Emile and Doucet, Arnaud and Barzilay, Regina and Jaakkola, Tommi},
  booktitle={Proceedings of the 40th International Conference on Machine Learning},
  pages={40001--40039},
  year={2023}
}

@article{yue2024plug,
  title={A Plug-and-Play Quaternion Message-Passing Module for Molecular Conformation Representation},
  author={Yue, Angxiao and Luo, Dixin and Xu, Hongteng},
  journal={Proceedings of the AAAI Conference on Artificial Intelligence},
  volume={38},
  number={15},
  pages={16633--16641},
  year={2024}
}

@inproceedings{zhang2020quaternion,
  title={Quaternion product units for deep learning on 3D rotation groups},
  author={Zhang, Xuan and Qin, Shaofei and Xu, Yi and Xu, Hongteng},
  booktitle={Proceedings of the IEEE/CVF conference on computer vision and pattern recognition},
  pages={7304--7313},
  year={2020}
}

@inproceedings{zhao2020quaternion,
  title={Quaternion equivariant capsule networks for 3d point clouds},
  author={Zhao, Yongheng and Birdal, Tolga and Lenssen, Jan Eric and Menegatti, Emanuele and Guibas, Leonidas and Tombari, Federico},
  booktitle={Computer Vision--ECCV 2020: 16th European Conference, Glasgow, UK, August 23--28, 2020, Proceedings, Part I 16},
  pages={1--19},
  year={2020},
  organization={Springer}
}

@inproceedings{zhu2018quaternion,
  title={Quaternion convolutional neural networks},
  author={Zhu, Xuanyu and Xu, Yi and Xu, Hongteng and Chen, Changjian},
  booktitle={Proceedings of the European conference on computer vision},
  pages={631--647},
  year={2018}
}

