% dataset
@article{burley2023rcsb,
  title={RCSB Protein Data Bank (RCSB. org): delivery of experimentally-determined PDB structures alongside one million computed structure models of proteins from artificial intelligence/machine learning},
  author={Burley, Stephen K and Bhikadiya, Charmi and Bi, Chunxiao and Bittrich, Sebastian and Chao, Henry and Chen, Li and Craig, Paul A and Crichlow, Gregg V and Dalenberg, Kenneth and Duarte, Jose M and others},
  journal={Nucleic acids research},
  volume={51},
  number={D1},
  pages={D488--D508},
  year={2023},
  publisher={Oxford University Press}
}

@article{chandonia2022scope,
  title={SCOPe: improvements to the structural classification of proteins--extended database to facilitate variant interpretation and machine learning},
  author={Chandonia, John-Marc and Guan, Lindsey and Lin, Shiangyi and Yu, Changhua and Fox, Naomi K and Brenner, Steven E},
  journal={Nucleic acids research},
  volume={50},
  number={D1},
  pages={D553--D559},
  year={2022},
  publisher={Oxford University Press}
}

% Slerp
@article{shoemake1985animating,
  title={Animating rotation with quaternion curves},
  author={Shoemake, Ken},
  journal={ACM SIGGRAPH Computer Graphics},
  volume={19},
  number={3},
  pages={245--254},
  year={1985},
  publisher={ACM New York, NY, USA}
}

% Rectified Flow
@article{liu2022rectified,
  title={Rectified flow: A marginal preserving approach to optimal transport},
  author={Liu, Qiang},
  journal={arXiv preprint arXiv:2209.14577},
  year={2022}
}

@inproceedings{liu2023flow,
  title={Flow Straight and Fast: Learning to Generate and Transfer Data with Rectified Flow},
  author={Liu, Xingchao and Gong, Chengyue and others},
  booktitle={The Eleventh International Conference on Learning Representations},
  year={2023}
}

@inproceedings{esser2024scaling,
  title={Scaling rectified flow transformers for high-resolution image synthesis},
  author={Esser, Patrick and Kulal, Sumith and Blattmann, Andreas and Entezari, Rahim and M{\"u}ller, Jonas and Saini, Harry and Levi, Yam and Lorenz, Dominik and Sauer, Axel and Boesel, Frederic and others},
  booktitle={Forty-first International Conference on Machine Learning},
  year={2024}
}

@article{lee2024improving,
  title={Improving the Training of Rectified Flows},
  author={Lee, Sangyun and Lin, Zinan and Fanti, Giulia},
  journal={arXiv preprint arXiv:2405.20320},
  year={2024}
}


% quaternion network
@article{yue2024plug,
  title={A Plug-and-Play Quaternion Message-Passing Module for Molecular Conformation Representation},
  author={Yue, Angxiao and Luo, Dixin and Xu, Hongteng},
  journal={Proceedings of the AAAI Conference on Artificial Intelligence},
  volume={38},
  number={15},
  pages={16633--16641},
  year={2024}
}

@article{qin2022fast,
  title={Fast Quaternion Product Units for Learning Disentangled Representations in $$\backslash$mathbb $\{$SO$\}$(3) $},
  author={Qin, Shaofei and Zhang, Xuan and Xu, Hongteng and Xu, Yi},
  journal={IEEE Transactions on Pattern Analysis and Machine Intelligence},
  volume={45},
  number={4},
  pages={4504--4520},
  year={2022},
  publisher={IEEE}
}

@inproceedings{zhang2020quaternion,
  title={Quaternion product units for deep learning on 3D rotation groups},
  author={Zhang, Xuan and Qin, Shaofei and Xu, Yi and Xu, Hongteng},
  booktitle={Proceedings of the IEEE/CVF conference on computer vision and pattern recognition},
  pages={7304--7313},
  year={2020}
}

@inproceedings{zhu2018quaternion,
  title={Quaternion convolutional neural networks},
  author={Zhu, Xuanyu and Xu, Yi and Xu, Hongteng and Chen, Changjian},
  booktitle={Proceedings of the European conference on computer vision},
  pages={631--647},
  year={2018}
}

@book{dam1998quaternions,
  title={Quaternions, interpolation and animation},
  author={Dam, Erik B and Koch, Martin and Lillholm, Martin},
  volume={2},
  year={1998},
  publisher={Citeseer}
}

@inproceedings{zhao2020quaternion,
  title={Quaternion equivariant capsule networks for 3d point clouds},
  author={Zhao, Yongheng and Birdal, Tolga and Lenssen, Jan Eric and Menegatti, Emanuele and Guibas, Leonidas and Tombari, Federico},
  booktitle={Computer Vision--ECCV 2020: 16th European Conference, Glasgow, UK, August 23--28, 2020, Proceedings, Part I 16},
  pages={1--19},
  year={2020},
  organization={Springer}
}

@article{xu2015vector,
  title={Vector sparse representation of color image using quaternion matrix analysis},
  author={Xu, Yi and Yu, Licheng and Xu, Hongteng and Zhang, Hao and Nguyen, Truong},
  journal={IEEE Transactions on image processing},
  volume={24},
  number={4},
  pages={1315--1329},
  year={2015},
  publisher={IEEE}
}


@inproceedings{kohler2023rigid,
  title={Rigid body flows for sampling molecular crystal structures},
  author={K{\"o}hler, Jonas and Invernizzi, Michele and De Haan, Pim and No{\'e}, Frank},
  booktitle={International Conference on Machine Learning},
  pages={17301--17326},
  year={2023},
  organization={PMLR}
}

@inproceedings{guo2025assembleflow,
title={AssembleFlow: Rigid Flow Matching with Inertial Frames for Molecular Assembly},
author={Guo, Hongyu and Bengio, Yoshua and Liu, Shengchao},
booktitle={The Thirteenth International Conference on Learning Representations},
year={2025}
}

% protein structure prediction: alphafold and rosettafold series
@article{abramson2024accurate,
  title={Accurate structure prediction of biomolecular interactions with AlphaFold 3},
  author={Abramson, Josh and Adler, Jonas and Dunger, Jack and Evans, Richard and Green, Tim and Pritzel, Alexander and Ronneberger, Olaf and Willmore, Lindsay and Ballard, Andrew J and Bambrick, Joshua and others},
  journal={Nature},
  pages={1--3},
  year={2024},
  publisher={Nature Publishing Group UK London}
}

@article{jumper2021highly,
  title={Highly accurate protein structure prediction with AlphaFold},
  author={Jumper, John and Evans, Richard and Pritzel, Alexander and Green, Tim and Figurnov, Michael and Ronneberger, Olaf and Tunyasuvunakool, Kathryn and Bates, Russ and {\v{Z}}{\'\i}dek, Augustin and Potapenko, Anna and others},
  journal={Nature},
  volume={596},
  number={7873},
  pages={583--589},
  year={2021},
  publisher={Nature Publishing Group}
}

@article{baek2021accurate,
  title={Accurate prediction of protein structures and interactions using a three-track neural network},
  author={Baek, Minkyung and DiMaio, Frank and Anishchenko, Ivan and Dauparas, Justas and Ovchinnikov, Sergey and Lee, Gyu Rie and Wang, Jue and Cong, Qian and Kinch, Lisa N and Schaeffer, R Dustin and others},
  journal={Science},
  volume={373},
  number={6557},
  pages={871--876},
  year={2021},
  publisher={American Association for the Advancement of Science}
}

@article{baek2023efficient,
  title={Efficient and accurate prediction of protein structure using RoseTTAFold2},
  author={Baek, Minkyung and Anishchenko, Ivan and Humphreys, Ian R and Cong, Qian and Baker, David and DiMaio, Frank},
  journal={BioRxiv},
  pages={2023--05},
  year={2023},
  publisher={Cold Spring Harbor Laboratory}
}

@article{baek2024accurate,
  title={Accurate prediction of protein--nucleic acid complexes using RoseTTAFoldNA},
  author={Baek, Minkyung and McHugh, Ryan and Anishchenko, Ivan and Jiang, Hanlun and Baker, David and DiMaio, Frank},
  journal={Nature methods},
  volume={21},
  number={1},
  pages={117--121},
  year={2024},
  publisher={Nature Publishing Group US New York}
}

@article{krishna2024generalized,
  title={Generalized biomolecular modeling and design with RoseTTAFold All-Atom},
  author={Krishna, Rohith and Wang, Jue and Ahern, Woody and Sturmfels, Pascal and Venkatesh, Preetham and Kalvet, Indrek and Lee, Gyu Rie and Morey-Burrows, Felix S and Anishchenko, Ivan and Humphreys, Ian R and others},
  journal={Science},
  volume={384},
  number={6693},
  pages={eadl2528},
  year={2024},
  publisher={American Association for the Advancement of Science}
}


% protein structure prediction: FrameDiff series
@inproceedings{yim2023se,
  title={SE (3) diffusion model with application to protein backbone generation},
  author={Yim, Jason and Trippe, Brian L and De Bortoli, Valentin and Mathieu, Emile and Doucet, Arnaud and Barzilay, Regina and Jaakkola, Tommi},
  booktitle={Proceedings of the 40th International Conference on Machine Learning},
  pages={40001--40039},
  year={2023}
}

@article{yim2023fast,
  title={Fast protein backbone generation with SE (3) flow matching},
  author={Yim, Jason and Campbell, Andrew and Foong, Andrew YK and Gastegger, Michael and Jim{\'e}nez-Luna, Jos{\'e} and Lewis, Sarah and Satorras, Victor Garcia and Veeling, Bastiaan S and Barzilay, Regina and Jaakkola, Tommi and others},
  journal={arXiv preprint arXiv:2310.05297},
  year={2023}
}

@inproceedings{bose2023se,
  title={SE (3)-Stochastic Flow Matching for Protein Backbone Generation},
  author={Bose, Joey and Akhound-Sadegh, Tara and Huguet, Guillaume and FATRAS, Kilian and Rector-Brooks, Jarrid and Liu, Cheng-Hao and Nica, Andrei Cristian and Korablyov, Maksym and Bronstein, Michael M and Tong, Alexander},
  booktitle={The Twelfth International Conference on Learning Representations},
  year={2024}
}

% flow matching
@inproceedings{hassan2024flow,
  title={ET-Flow: Equivariant Flow-Matching for Molecular Conformer Generation},
  author={Hassan, Majdi and Shenoy, Nikhil and Lee, Jungyoon and Stark, Hannes and Thaler, Stephan and Beaini, Dominique},
  booktitle={The Thirty-eighth Annual Conference on Neural Information Processing Systems},
  year={2024}
}

% diffusion, for comparison. To highlight the advantages of flow matching
@article{lin2024out,
  title={Out of Many, One: Designing and Scaffolding Proteins at the Scale of the Structural Universe with Genie 2},
  author={Lin, Yeqing and Lee, Minji and Zhang, Zhao and AlQuraishi, Mohammed},
  journal={arXiv preprint arXiv:2405.15489},
  year={2024}
}

@article{watson2023novo,
  title={De novo design of protein structure and function with RFdiffusion},
  author={Watson, Joseph L and Juergens, David and Bennett, Nathaniel R and Trippe, Brian L and Yim, Jason and Eisenach, Helen E and Ahern, Woody and Borst, Andrew J and Ragotte, Robert J and Milles, Lukas F and others},
  journal={Nature},
  volume={620},
  number={7976},
  pages={1089--1100},
  year={2023},
  publisher={Nature Publishing Group UK London}
}

@article{xu2022geodiff,
  title={Geodiff: A geometric diffusion model for molecular conformation generation},
  author={Xu, Minkai and Yu, Lantao and Song, Yang and Shi, Chence and Ermon, Stefano and Tang, Jian},
  journal={arXiv preprint arXiv:2203.02923},
  year={2022}
}

@article{jing2022torsional,
  title={Torsional diffusion for molecular conformer generation},
  author={Jing, Bowen and Corso, Gabriele and Chang, Jeffrey and Barzilay, Regina and Jaakkola, Tommi},
  journal={Advances in Neural Information Processing Systems},
  volume={35},
  pages={24240--24253},
  year={2022}
}


%others
@article{engh2012structure,
  title={Structure Quality and Target Parameters},
  journal={IUCr's International Tables of Crystallography, Volume F: Crystallography of Biological Macromolecules},
  author={Engh, RA and Huber, R and Rossmann, MG and Himmel, D and Arnold, E},
  year={2006},
  publisher={Kluwer Academic Press}
}

@inproceedings{leach2022denoising,
  title={Denoising Diffusion Probabilistic Models on SO (3) for Rotational Alignment},
  author={Leach, Adam and Schmon, Sebastian M and Degiacomi, Matteo T and Willcocks, Chris G},
  booktitle={ICLR Workshop on Geometrical and Topological Representation Learning},
  year={2022}
}


@article{gallo2022so,
  title={The SO (3) and SE (3) lie algebras of rigid body rotations and motions and their application to discrete integration, gradient descent optimization, and state estimation},
  author={Gallo, Eduardo},
  journal={arXiv preprint arXiv:2205.12572},
  year={2022}
}

@book{jacobson2013lie,
  title={Lie algebras},
  author={Jacobson, Nathan},
  year={2013},
  publisher={Courier Corporation}
}

@book{voight2021quaternion,
  title={Quaternion algebras},
  author={Voight, John},
  year={2021},
  publisher={Springer Nature}
}

@inproceedings{wu2019robust,
  title={Robust rotation interpolation based on SO (n) geodesic distance},
  author={Wu, Jin and Liu, Ming and Ding, Jian and Deng, Mingsen},
  booktitle={Computer Vision Systems: 12th International Conference, ICVS 2019, Thessaloniki, Greece, September 23--25, 2019, Proceedings 12},
  pages={126--132},
  year={2019},
  organization={Springer}
}

@book{deuflhard2012scientific,
  title={Scientific computing with ordinary differential equations},
  author={Deuflhard, Peter and Bornemann, Folkmar},
  volume={42},
  year={2012},
  publisher={Springer Science \& Business Media}
}

@article{kelly2020transaminases,
  title={Transaminases for industrial biocatalysis: novel enzyme discovery},
  author={Kelly, Stephen A and Mix, Stefan and Moody, Thomas S and Gilmore, Brendan F},
  journal={Applied microbiology and biotechnology},
  volume={104},
  pages={4781--4794},
  year={2020},
  publisher={Springer}
}

@article{teague2003implications,
  title={Implications of protein flexibility for drug discovery},
  author={Teague, Simon J},
  journal={Nature reviews Drug discovery},
  volume={2},
  number={7},
  pages={527--541},
  year={2003},
  publisher={Nature Publishing Group UK London}
}

@article{silva2019novo,
  title={De novo design of potent and selective mimics of IL-2 and IL-15},
  author={Silva, Daniel-Adriano and Yu, Shawn and Ulge, Umut Y and Spangler, Jamie B and Jude, Kevin M and Lab{\~a}o-Almeida, Carlos and Ali, Lestat R and Quijano-Rubio, Alfredo and Ruterbusch, Mikel and Leung, Isabel and others},
  journal={Nature},
  volume={565},
  number={7738},
  pages={186--191},
  year={2019},
  publisher={Nature Publishing Group UK London}
}

@article{ingraham2023illuminating,
  title={Illuminating protein space with a programmable generative model},
  author={Ingraham, John B and Baranov, Max and Costello, Zak and Barber, Karl W and Wang, Wujie and Ismail, Ahmed and Frappier, Vincent and Lord, Dana M and Ng-Thow-Hing, Christopher and Van Vlack, Erik R and others},
  journal={Nature},
  volume={623},
  number={7989},
  pages={1070--1078},
  year={2023},
  publisher={Nature Publishing Group UK London}
}

@inproceedings{lin2023generating,
  title={Generating Novel, Designable, and Diverse Protein Structures by Equivariantly Diffusing Oriented Residue Clouds},
  author={Lin, Yeqing and Alquraishi, Mohammed},
  booktitle={International Conference on Machine Learning},
  pages={20978--21002},
  year={2023},
  organization={PMLR}
}

@article{huguet2024sequence,
  title={Sequence-Augmented SE (3)-Flow Matching For Conditional Protein Backbone Generation},
  author={Huguet, Guillaume and Vuckovic, James and Fatras, Kilian and Thibodeau-Laufer, Eric and Lemos, Pablo and Islam, Riashat and Liu, Cheng-Hao and Rector-Brooks, Jarrid and Akhound-Sadegh, Tara and Bronstein, Michael and others},
  journal={arXiv preprint arXiv:2405.20313},
  year={2024}
}

@inproceedings{lipman2022flow,
  title={Flow Matching for Generative Modeling},
  author={Lipman, Yaron and Chen, Ricky TQ and Ben-Hamu, Heli and Nickel, Maximilian and Le, Matthew},
  booktitle={The Eleventh International Conference on Learning Representations},
  year={2023}
}

@article{ho2020denoising,
  title={Denoising diffusion probabilistic models},
  author={Ho, Jonathan and Jain, Ajay and Abbeel, Pieter},
  journal={Advances in neural information processing systems},
  volume={33},
  pages={6840--6851},
  year={2020}
}

@article{mukundan2012quaternions,
  title={Quaternions},
  author={Mukundan, Ramakrishnan and Mukundan, Ramakrishnan},
  journal={Advanced Methods in Computer Graphics: With examples in OpenGL},
  pages={77--112},
  year={2012},
  publisher={Springer}
}

@inproceedings{wagner2024generating,
  title={Generating Highly Designable Proteins with Geometric Algebra Flow Matching},
  author={Wagner, Simon and Seute, Leif and Viliuga, Vsevolod and Wolf, Nicolas and Gr{\"a}ter, Frauke and Stuehmer, Jan},
  booktitle={The Thirty-eighth Annual Conference on Neural Information Processing Systems},
  year={2024}
}

@book{pervin1982quaternions,
  title={Quaternions in computer vision and robotics},
  author={Pervin, Edward and Webb, Jon A},
  year={1982},
  publisher={Carnegie Mellon University}
}

@book{kuipers1999quaternions,
  title={Quaternions and rotation sequences: a primer with applications to orbits, aerospace, and virtual reality},
  author={Kuipers, Jack B},
  year={1999},
  publisher={Princeton university press}
}

@article{hemingway2018perspectives,
  title={Perspectives on Euler angle singularities, gimbal lock, and the orthogonality of applied forces and applied moments},
  author={Hemingway, Evan G and O’Reilly, Oliver M},
  journal={Multibody system dynamics},
  volume={44},
  pages={31--56},
  year={2018},
  publisher={Springer}
}


@article{dauparas2022robust,
  title={Robust deep learning--based protein sequence design using ProteinMPNN},
  author={Dauparas, Justas and Anishchenko, Ivan and Bennett, Nathaniel and Bai, Hua and Ragotte, Robert J and Milles, Lukas F and Wicky, Basile IM and Courbet, Alexis and de Haas, Rob J and Bethel, Neville and others},
  journal={Science},
  volume={378},
  number={6615},
  pages={49--56},
  year={2022},
  publisher={American Association for the Advancement of Science}
}

@article{lin2023evolutionary,
  title={Evolutionary-scale prediction of atomic-level protein structure with a language model},
  author={Lin, Zeming and Akin, Halil and Rao, Roshan and Hie, Brian and Zhu, Zhongkai and Lu, Wenting and Smetanin, Nikita and Verkuil, Robert and Kabeli, Ori and Shmueli, Yaniv and others},
  journal={Science},
  volume={379},
  number={6637},
  pages={1123--1130},
  year={2023},
  publisher={American Association for the Advancement of Science}
}

@article{van2022foldseek,
  title={Foldseek: fast and accurate protein structure search},
  author={van Kempen, Michel and Kim, Stephanie S and Tumescheit, Charlotte and Mirdita, Milot and Gilchrist, Cameron LM and S{\"o}ding, Johannes and Steinegger, Martin},
  journal={Biorxiv},
  pages={2022--02},
  year={2022},
  publisher={Cold Spring Harbor Laboratory}
}

@article{sehnal2021mol,
  title={Mol* Viewer: modern web app for 3D visualization and analysis of large biomolecular structures},
  author={Sehnal, David and Bittrich, Sebastian and Deshpande, Mandar and Svobodov{\'a}, Radka and Berka, Karel and Bazgier, V{\'a}clav and Velankar, Sameer and Burley, Stephen K and Ko{\v{c}}a, Jaroslav and Rose, Alexander S},
  journal={Nucleic acids research},
  volume={49},
  number={W1},
  pages={W431--W437},
  year={2021},
  publisher={Oxford University Press}
}

@article{kabsch1983dictionary,
  title={Dictionary of protein secondary structure: pattern recognition of hydrogen-bonded and geometrical features},
  author={Kabsch, Wolfgang and Sander, Christian},
  journal={Biopolymers: Original Research on Biomolecules},
  volume={22},
  number={12},
  pages={2577--2637},
  year={1983},
  publisher={Wiley Online Library}
}

@article{sola2017quaternion,
  title={Quaternion kinematics for the error-state Kalman filter},
  author={Sola, Joan},
  journal={arXiv preprint arXiv:1711.02508},
  year={2017}
}

@inproceedings{geffner2025proteina,
  title={Proteina: Scaling Flow-based Protein Structure Generative Models},
  author={Geffner, Tomas and Didi, Kieran and Zhang, Zuobai and Reidenbach, Danny and Cao, Zhonglin and Yim, Jason and Geiger, Mario and Dallago, Christian and Kucukbenli, Emine and Vahdat, Arash and  Kreis, Karsten},
  booktitle={The Thirteenth International Conference on Learning Representations},
  year={2025}
}

