@article{bai2023qwen,
  title={Qwen-vl: A frontier large vision-language model with versatile abilities},
  author={Bai, Jinze and Bai, Shuai and Yang, Shusheng and Wang, Shijie and Tan, Sinan and Wang, Peng and Lin, Junyang and Zhou, Chang and Zhou, Jingren},
  journal={arXiv preprint arXiv:2308.12966},
  year={2023}
}

@article{chen2022pali,
  title={Pali: A jointly-scaled multilingual language-image model},
  author={Chen, Xi and Wang, Xiao and Changpinyo, Soravit and Piergiovanni, AJ and Padlewski, Piotr and Salz, Daniel and Goodman, Sebastian and Grycner, Adam and Mustafa, Basil and Beyer, Lucas and others},
  journal={arXiv preprint arXiv:2209.06794},
  year={2022}
}

@article{chen2023shikra,
  title={{Shikra}: Unleashing Multimodal {LLM's} Referential Dialogue Magic},
  author={Chen, Keqin and Zhang, Zhao and Zeng, Weili and Zhang, Richong and Zhu, Feng and Zhao, Rui},
  journal={arXiv preprint arXiv:2306.15195},
  year={2023}
}

@article{chu2023qwen,
  title={Qwen-audio: Advancing universal audio understanding via unified large-scale audio-language models},
  author={Chu, Yunfei and Xu, Jin and Zhou, Xiaohuan and Yang, Qian and Zhang, Shiliang and Yan, Zhijie and Zhou, Chang and Zhou, Jingren},
  journal={arXiv preprint arXiv:2311.07919},
  year={2023}
}

@inproceedings{clip,
  title={Learning transferable visual models from natural language supervision},
  author={Radford, Alec and Kim, Jong Wook and Hallacy, Chris and Ramesh, Aditya and Goh, Gabriel and Agarwal, Sandhini and Sastry, Girish and Askell, Amanda and Mishkin, Pamela and Clark, Jack and others},
  booktitle={International conference on machine learning},
  pages={8748--8763},
  year={2021},
  organization={PMLR}
}

@article{flamingo,
  title={Flamingo: a visual language model for few-shot learning},
  author={Alayrac, Jean-Baptiste and Donahue, Jeff and Luc, Pauline and Miech, Antoine and Barr, Iain and Hasson, Yana and Lenc, Karel and Mensch, Arthur and Millican, Katherine and Reynolds, Malcolm and others},
  journal={Advances in neural information processing systems},
  volume={35},
  pages={23716--23736},
  year={2022}
}

@article{fu2024vita,
  title={Vita: Towards open-source interactive omni multimodal llm},
  author={Fu, Chaoyou and Lin, Haojia and Long, Zuwei and Shen, Yunhang and Zhao, Meng and Zhang, Yifan and Dong, Shaoqi and Wang, Xiong and Yin, Di and Ma, Long and others},
  journal={arXiv preprint arXiv:2408.05211},
  year={2024}
}

@article{hu2024minicpm,
  title={{MiniCPM}: Unveiling the Potential of Small Language Models with Scalable Training Strategies},
  author={Hu, Shengding and Tu, Yuge and Han, Xu and He, Chaoqun and Cui, Ganqu and Long, Xiang and Zheng, Zhi and Fang, Yewei and Huang, Yuxiang and Zhao, Weilin and others},
  journal={arXiv preprint arXiv:2404.06395},
  year={2024}
}

@article{huang2023language,
  title={Language is not all you need: Aligning perception with language models},
  author={Huang, Shaohan and Dong, Li and Wang, Wenhui and Hao, Yaru and Singhal, Saksham and Ma, Shuming and Lv, Tengchao and Cui, Lei and Mohammed, Owais Khan and Patra, Barun and others},
  journal={Advances in Neural Information Processing Systems},
  volume={36},
  pages={72096--72109},
  year={2023}
}

@inproceedings{huang2024audiogpt,
  title={Audiogpt: Understanding and generating speech, music, sound, and talking head},
  author={Huang, Rongjie and Li, Mingze and Yang, Dongchao and Shi, Jiatong and Chang, Xuankai and Ye, Zhenhui and Wu, Yuning and Hong, Zhiqing and Huang, Jiawei and Liu, Jinglin and others},
  booktitle={Proceedings of the AAAI Conference on Artificial Intelligence},
  volume={38},
  number={21},
  pages={23802--23804},
  year={2024}
}

@article{kaplan2020scaling,
  title={Scaling laws for neural language models},
  author={Kaplan, Jared and McCandlish, Sam and Henighan, Tom and Brown, Tom B and Chess, Benjamin and Child, Rewon and Gray, Scott and Radford, Alec and Wu, Jeffrey and Amodei, Dario},
  journal={arXiv preprint arXiv:2001.08361},
  year={2020}
}

@inproceedings{li2023blip,
  title={Blip-2: Bootstrapping language-image pre-training with frozen image encoders and large language models},
  author={Li, Junnan and Li, Dongxu and Savarese, Silvio and Hoi, Steven},
  booktitle={International conference on machine learning},
  pages={19730--19742},
  year={2023},
  organization={PMLR}
}

@misc{li2024baichuanomni,
      title={Baichuan-Omni Technical Report}, 
      author={Yadong Li and Haoze Sun and Mingan Lin and Tianpeng Li and Guosheng Dong and Tao Zhang and Bowen Ding and Wei Song and Zhenglin Cheng and Yuqi Huo and Song Chen and Xu Li and Da Pan and Shusen Zhang and Xin Wu and Zheng Liang and Jun Liu and Tao Zhang and Keer Lu and Yaqi Zhao and Yanjun Shen and Fan Yang and Kaicheng Yu and Tao Lin and Jianhua Xu and Zenan Zhou and Weipeng Chen},
      year={2024},
      eprint={2410.08565},
      archivePrefix={arXiv},
      primaryClass={cs.AI},
      url={https://arxiv.org/abs/2410.08565}, 
}

@misc{liu2023improvedllava,
      title={Improved Baselines with Visual Instruction Tuning}, 
      author={Liu, Haotian and Li, Chunyuan and Li, Yuheng and Lee, Yong Jae},
      publisher={arXiv:2310.03744},
      year={2023},
}

@article{liu2023llava,
  title={Visual Instruction Tuning}, 
  author={Liu, Haotian and Li, Chunyuan and Wu, Qingyang and Lee, Yong Jae},
  journal={NeurIPS},
  volume={36},
  year={2024}
}

@misc{liu2024llavanext,
    title={LLaVA-NeXT: Improved reasoning, OCR, and world knowledge},
    url={https://llava-vl.github.io/blog/2024-01-30-llava-next/},
    author={Liu, Haotian and Li, Chunyuan and Li, Yuheng and Li, Bo and Zhang, Yuanhan and Shen, Sheng and Lee, Yong Jae},
    month={January},
    year={2024}
}

@article{peng2023kosmos,
  title={Kosmos-2: Grounding multimodal large language models to the world},
  author={Peng, Zhiliang and Wang, Wenhui and Dong, Li and Hao, Yaru and Huang, Shaohan and Ma, Shuming and Wei, Furu},
  journal={arXiv preprint arXiv:2306.14824},
  year={2023}
}

@article{shen2024hugginggpt,
  title={Hugginggpt: Solving ai tasks with chatgpt and its friends in hugging face},
  author={Shen, Yongliang and Song, Kaitao and Tan, Xu and Li, Dongsheng and Lu, Weiming and Zhuang, Yueting},
  journal={Advances in Neural Information Processing Systems},
  volume={36},
  year={2024}
}

@article{shu2023llasm,
  title={Llasm: Large language and speech model},
  author={Shu, Yu and Dong, Siwei and Chen, Guangyao and Huang, Wenhao and Zhang, Ruihua and Shi, Daochen and Xiang, Qiqi and Shi, Yemin},
  journal={arXiv preprint arXiv:2308.15930},
  year={2023}
}

@article{sun2023generative,
  title={Generative pretraining in multimodality},
  author={Sun, Quan and Yu, Qiying and Cui, Yufeng and Zhang, Fan and Zhang, Xiaosong and Wang, Yueze and Gao, Hongcheng and Liu, Jingjing and Huang, Tiejun and Wang, Xinlong},
  journal={arXiv preprint arXiv:2307.05222},
  year={2023}
}

@inproceedings{wang2022ofa,
  title={Ofa: Unifying architectures, tasks, and modalities through a simple sequence-to-sequence learning framework},
  author={Wang, Peng and Yang, An and Men, Rui and Lin, Junyang and Bai, Shuai and Li, Zhikang and Ma, Jianxin and Zhou, Chang and Zhou, Jingren and Yang, Hongxia},
  booktitle={International conference on machine learning},
  pages={23318--23340},
  year={2022},
  organization={PMLR}
}

@misc{wang2024blspbootstrappinglanguagespeechpretraining,
      title={BLSP: Bootstrapping Language-Speech Pre-training via Behavior Alignment of Continuation Writing}, 
      author={Chen Wang and Minpeng Liao and Zhongqiang Huang and Jinliang Lu and Junhong Wu and Yuchen Liu and Chengqing Zong and Jiajun Zhang},
      year={2024},
      eprint={2309.00916},
      archivePrefix={arXiv},
      primaryClass={cs.CL},
      url={https://arxiv.org/abs/2309.00916}, 
}

@article{yang2024qwen2,
  title={Qwen2 technical report},
  author={Yang, An and Yang, Baosong and Hui, Binyuan and Zheng, Bo and Yu, Bowen and Zhou, Chang and Li, Chengpeng and Li, Chengyuan and Liu, Dayiheng and Huang, Fei and others},
  journal={arXiv preprint arXiv:2407.10671},
  year={2024}
}

@article{ye2023mplug,
  title={mplug-owl: Modularization empowers large language models with multimodality},
  author={Ye, Qinghao and Xu, Haiyang and Xu, Guohai and Ye, Jiabo and Yan, Ming and Zhou, Yiyang and Wang, Junyang and Hu, Anwen and Shi, Pengcheng and Shi, Yaya and others},
  journal={arXiv preprint arXiv:2304.14178},
  year={2023}
}

@misc{zhang2023speechgpt,
      title={SpeechGPT: Empowering Large Language Models with Intrinsic Cross-Modal Conversational Abilities}, 
      author={Dong Zhang and Shimin Li and Xin Zhang and Jun Zhan and Pengyu Wang and Yaqian Zhou and Xipeng Qiu},
      year={2023},
      eprint={2305.11000},
      archivePrefix={arXiv},
      primaryClass={cs.CL}
}

@article{zhang2023video,
  title={Video-llama: An instruction-tuned audio-visual language model for video understanding},
  author={Zhang, Hang and Li, Xin and Bing, Lidong},
  journal={arXiv preprint arXiv:2306.02858},
  year={2023}
}

@article{zhu2023minigpt,
  title={Minigpt-4: Enhancing vision-language understanding with advanced large language models},
  author={Zhu, Deyao and Chen, Jun and Shen, Xiaoqian and Li, Xiang and Elhoseiny, Mohamed},
  journal={arXiv preprint arXiv:2304.10592},
  year={2023}
}

