@inproceedings{chng2024mask,
  title={Mask grounding for referring image segmentation},
  author={Chng, Yong Xien and Zheng, Henry and Han, Yizeng and Qiu, Xuchong and Huang, Gao},
  booktitle={Proceedings of the IEEE/CVF Conference on Computer Vision and Pattern Recognition},
  pages={26573--26583},
  year={2024}
}

@inproceedings{deng2021transvg,
  title={Transvg: End-to-end visual grounding with transformers},
  author={Deng, Jiajun and Yang, Zhengyuan and Chen, Tianlang and Zhou, Wengang and Li, Houqiang},
  booktitle={Proceedings of the IEEE/CVF International Conference on Computer Vision},
  pages={1769--1779},
  year={2021}
}

@inproceedings{hu2016segmentation,
  title={Segmentation from natural language expressions},
  author={Hu, Ronghang and Rohrbach, Marcus and Darrell, Trevor},
  booktitle={Computer Vision--ECCV 2016: 14th European Conference, Amsterdam, The Netherlands, October 11--14, 2016, Proceedings, Part I 14},
  pages={108--124},
  year={2016},
  organization={Springer}
}

@inproceedings{hu2020bi,
  title={Bi-directional relationship inferring network for referring image segmentation},
  author={Hu, Zhiwei and Feng, Guang and Sun, Jiayu and Zhang, Lihe and Lu, Huchuan},
  booktitle={Proceedings of the IEEE/CVF conference on computer vision and pattern recognition},
  pages={4424--4433},
  year={2020}
}

@inproceedings{kim2022restr,
  title={Restr: Convolution-free referring image segmentation using transformers},
  author={Kim, Namyup and Kim, Dongwon and Lan, Cuiling and Zeng, Wenjun and Kwak, Suha},
  booktitle={Proceedings of the IEEE/CVF Conference on Computer Vision and Pattern Recognition},
  pages={18145--18154},
  year={2022}
}

@inproceedings{li2018rrn,
  title={Referring image segmentation via recurrent refinement networks},
  author={Li, Ruiyu and Li, Kaican and Kuo, Yi-Chun and Shu, Michelle and Qi, Xiaojuan and Shen, Xiaoyong and Jia, Jiaya},
  booktitle={Proceedings of the IEEE Conference on Computer Vision and Pattern Recognition},
  pages={5745--5753},
  year={2018}
}

@inproceedings{liu2017recurrent,
  title={Recurrent multimodal interaction for referring image segmentation},
  author={Liu, Chenxi and Lin, Zhe and Shen, Xiaohui and Yang, Jimei and Lu, Xin and Yuille, Alan},
  booktitle={Proceedings of the IEEE international conference on computer vision},
  pages={1271--1280},
  year={2017}
}

@article{liu2023multi,
  title={[63]},
  author={Liu, Chang and Ding, Henghui and Zhang, Yulun and Jiang, Xudong},
  journal={IEEE Transactions on Image Processing},
  volume={32},
  pages={3054--3065},
  year={2023},
  publisher={IEEE}
}

@inproceedings{liu2024rotated,
  title={Rotated multi-scale interaction network for referring remote sensing image segmentation},
  author={Liu, Sihan and Ma, Yiwei and Zhang, Xiaoqing and Wang, Haowei and Ji, Jiayi and Sun, Xiaoshuai and Ji, Rongrong},
  booktitle={Proceedings of the IEEE/CVF Conference on Computer Vision and Pattern Recognition},
  pages={26658--26668},
  year={2024}
}

@inproceedings{luo2020cascade,
  title={Cascade grouped attention network for referring expression segmentation},
  author={Luo, Gen and Zhou, Yiyi and Ji, Rongrong and Sun, Xiaoshuai and Su, Jinsong and Lin, Chia-Wen and Tian, Qi},
  booktitle={Proceedings of the 28th ACM International Conference on Multimedia},
  pages={1274--1282},
  year={2020}
}

@inproceedings{margffoy2018dynamic,
  title={Dynamic multimodal instance segmentation guided by natural language queries},
  author={Margffoy-Tuay, Edgar and P{\'e}rez, Juan C and Botero, Emilio and Arbel{\'a}ez, Pablo},
  booktitle={Proceedings of the European Conference on Computer Vision (ECCV)},
  pages={630--645},
  year={2018}
}

@inproceedings{nagaraja2016modeling,
  title={Modeling context between objects for referring expression understanding},
  author={Nagaraja, Varun K and Morariu, Vlad I and Davis, Larry S},
  booktitle={Computer Vision--ECCV 2016: 14th European Conference, Amsterdam, The Netherlands, October 11--14, 2016, Proceedings, Part IV 14},
  pages={792--807},
  year={2016},
  organization={Springer}
}

@inproceedings{shi2018key,
  title={Key-word-aware network for referring expression image segmentation},
  author={Shi, Hengcan and Li, Hongliang and Meng, Fanman and Wu, Qingbo},
  booktitle={Proceedings of the European Conference on Computer Vision (ECCV)},
  pages={38--54},
  year={2018}
}

@inproceedings{sun2022visual,
  title={Visual grounding in remote sensing images},
  author={Sun, Yuxi and Feng, Shanshan and Li, Xutao and Ye, Yunming and Kang, Jian and Huang, Xu},
  booktitle={Proceedings of the 30th ACM International Conference on Multimedia},
  pages={404--412},
  year={2022}
}

@inproceedings{yang2019fast,
  title={A fast and accurate one-stage approach to visual grounding},
  author={Yang, Zhengyuan and Gong, Boqing and Wang, Liwei and Huang, Wenbing and Yu, Dong and Luo, Jiebo},
  booktitle={Proceedings of the IEEE/CVF international conference on computer vision},
  pages={4683--4693},
  year={2019}
}

@inproceedings{yang2022lavt,
  title={Lavt: Language-aware vision transformer for referring image segmentation},
  author={Yang, Zhao and Wang, Jiaqi and Tang, Yansong and Chen, Kai and Zhao, Hengshuang and Torr, Philip HS},
  booktitle={Proceedings of the IEEE/CVF Conference on Computer Vision and Pattern Recognition},
  pages={18155--18165},
  year={2022}
}

@inproceedings{ye2019cross,
  title={Cross-modal self-attention network for referring image segmentation},
  author={Ye, Linwei and Rochan, Mrigank and Liu, Zhi and Wang, Yang},
  booktitle={Proceedings of the IEEE/CVF conference on computer vision and pattern recognition},
  pages={10502--10511},
  year={2019}
}

@article{yuan2024rrsis,
  title={Rrsis: Referring remote sensing image segmentation},
  author={Yuan, Zhenghang and Mou, Lichao and Hua, Yuansheng and Zhu, Xiao Xiang},
  journal={IEEE Transactions on Geoscience and Remote Sensing},
  year={2024},
  publisher={IEEE}
}

