@inproceedings{abdrabou2024eyegaze,
  title={Where Do You Look When Unlocking Your Phone?: A Field Study of Gaze Behaviour During Smartphone Unlock},
  author={Abdrabou, Yasmeen and Omelina, Tatiana and Dietz, Felix and Khamis, Mohamed and Alt, Florian and Hassib, Mariam},
  booktitle={Extended Abstracts of the CHI Conference on Human Factors in Computing Systems},
  pages={1--7},
  year={2024}
}

@article{adler2022machine,
  title={Machine learning for passive mental health symptom prediction: Generalization across different longitudinal mobile sensing studies},
  author={Adler, Daniel A and Wang, Fei and Mohr, David C and Choudhury, Tanzeem},
  journal={Plos one},
  volume={17},
  number={4},
  pages={e0266516},
  year={2022},
  publisher={Public Library of Science San Francisco, CA USA}
}

@article{allcott2022digital,
  title={Digital addiction},
  author={Allcott, Hunt and Gentzkow, Matthew and Song, Lena},
  journal={American Economic Review},
  volume={112},
  number={7},
  pages={2424--2463},
  year={2022},
  publisher={American Economic Association 2014 Broadway, Suite 305, Nashville, TN 37203}
}

@article{buchi2024digital,
  title={Digital well-being theory and research},
  author={B{\"u}chi, Moritz},
  journal={New Media \& Society},
  volume={26},
  number={1},
  pages={172--189},
  year={2024},
  publisher={Sage Publications Sage UK: London, England}
}

@article{faurholt2019objective,
  title={Objective smartphone data as a potential diagnostic marker of bipolar disorder},
  author={Faurholt-Jepsen, Maria and Busk, Jonas and TH{\'o}rarinsd{\'o}ttir, Helga and Frost, Mads and Bardram, Jakob Eyvind and Vinberg, Maj and Kessing, Lars Vedel},
  journal={Australian \& New Zealand Journal of Psychiatry},
  volume={53},
  number={2},
  pages={119--128},
  year={2019},
  publisher={Sage Publications Sage UK: London, England}
}

@inproceedings{harbach2014survey,
  title={$\{$It’s$\}$ a hard lock life: A field study of smartphone ($\{$Un) Locking$\}$ behavior and risk perception},
  author={Harbach, Marian and Von Zezschwitz, Emanuel and Fichtner, Andreas and De Luca, Alexander and Smith, Matthew},
  booktitle={10th symposium on usable privacy and security (SOUPS 2014)},
  pages={213--230},
  year={2014}
}

@inproceedings{harbach2016anatomy,
  title={The anatomy of smartphone unlocking: A field study of android lock screens},
  author={Harbach, Marian and De Luca, Alexander and Egelman, Serge},
  booktitle={Proceedings of the 2016 chi conference on human factors in computing systems},
  pages={4806--4817},
  year={2016}
}

@inproceedings{li2019swipevlock,
  title={SwipeVLock: a supervised unlocking mechanism based on swipe behavior on smartphones},
  author={Li, Wenjuan and Tan, Jiao and Meng, Weizhi and Wang, Yu and Li, Jing},
  booktitle={Machine Learning for Cyber Security: Second International Conference, ML4CS 2019, Xi’an, China, September 19-21, 2019, Proceedings 2},
  pages={140--153},
  year={2019},
  organization={Springer}
}

@inproceedings{likamwa2013moodscope,
  title={Moodscope: Building a mood sensor from smartphone usage patterns},
  author={LiKamWa, Robert and Liu, Yunxin and Lane, Nicholas D and Zhong, Lin},
  booktitle={Proceeding of the 11th annual international conference on Mobile systems, applications, and services},
  pages={389--402},
  year={2013}
}

@inproceedings{lyngs2020just,
  title={'I Just Want to Hack Myself to Not Get Distracted' Evaluating Design Interventions for Self-Control on Facebook},
  author={Lyngs, Ulrik and Lukoff, Kai and Slovak, Petr and Seymour, William and Webb, Helena and Jirotka, Marina and Zhao, Jun and Van Kleek, Max and Shadbolt, Nigel},
  booktitle={Proceedings of the 2020 CHI Conference on Human Factors in Computing Systems},
  pages={1--15},
  year={2020}
}

@article{macleod2021mobile,
  title={A mobile sensing app to monitor youth mental health: observational pilot study},
  author={MacLeod, Lucy and Suruliraj, Banuchitra and Gall, Dominik and Bessenyei, Kitti and Hamm, Sara and Romkey, Isaac and Bagnell, Alexa and Mattheisen, Manuel and Muthukumaraswamy, Viswanath and Orji, Rita and others},
  journal={JMIR mHealth and uHealth},
  volume={9},
  number={10},
  pages={e20638},
  year={2021},
  publisher={JMIR Publications Toronto, Canada}
}

@article{meegahapola2020smartphone,
  title={Smartphone sensing for the well-being of young adults: A review},
  author={Meegahapola, Lakmal and Gatica-Perez, Daniel},
  journal={IEEE Access},
  volume={9},
  pages={3374--3399},
  year={2020},
  publisher={IEEE}
}

@article{meegahapola2023generalization,
  title={Generalization and personalization of mobile sensing-based mood inference models: an analysis of college students in eight countries},
  author={Meegahapola, Lakmal and Droz, William and Kun, Peter and De G{\"o}tzen, Amalia and Nutakki, Chaitanya and Diwakar, Shyam and Correa, Salvador Ruiz and Song, Donglei and Xu, Hao and Bidoglia, Miriam and others},
  journal={Proceedings of the ACM on interactive, mobile, wearable and ubiquitous technologies},
  volume={6},
  number={4},
  pages={1--32},
  year={2023},
  publisher={ACM New York, NY, USA}
}

@article{mehrotra2017mytraces,
  title={MyTraces: Investigating correlation and causation between users’ emotional states and mobile phone interaction},
  author={Mehrotra, Abhinav and Tsapeli, Fani and Hendley, Robert and Musolesi, Mirco},
  journal={Proceedings of the ACM on Interactive, Mobile, Wearable and Ubiquitous Technologies},
  volume={1},
  number={3},
  pages={1--21},
  year={2017},
  publisher={ACM New York, NY, USA}
}

@article{orzikulova2023finerme,
  title={FinerMe: Examining App-level and Feature-level Interventions to Regulate Mobile Social Media Use},
  author={Orzikulova, Adiba and Cho, Hyunsung and Chung, Hye-Young and Hong, Hwajung and Lee, Uichin and Lee, Sung-Ju},
  journal={Proceedings of the ACM on Human-Computer Interaction},
  volume={7},
  number={CSCW2},
  pages={1--30},
  year={2023},
  publisher={ACM New York, NY, USA}
}

@article{peper2018digital,
  title={Digital addiction: Increased loneliness, anxiety, and depression},
  author={Peper, Erik and Harvey, Richard},
  journal={NeuroRegulation},
  volume={5},
  number={1},
  pages={3--3},
  year={2018}
}

@article{roffarello2023achieving,
  title={Achieving digital wellbeing through digital self-control tools: A systematic review and meta-analysis},
  author={Roffarello, Alberto Monge and De Russis, Luigi},
  journal={ACM Transactions on Computer-Human Interaction},
  volume={30},
  number={4},
  pages={1--66},
  year={2023},
  publisher={ACM New York, NY}
}

@article{tag2022emotion,
  title={Emotion trajectories in smartphone use: Towards recognizing emotion regulation in-the-wild},
  author={Tag, Benjamin and Sarsenbayeva, Zhanna and Cox, Anna L and Wadley, Greg and Goncalves, Jorge and Kostakos, Vassilis},
  journal={International Journal of Human-Computer Studies},
  volume={166},
  pages={102872},
  year={2022},
  publisher={Elsevier}
}

@article{thomas2022digital,
  title={‘Digital Wellbeing’: The Need of the Hour in Today’s Digitalized and Technology Driven World!},
  author={Thomas, Nisha M and Choudhari, Sonali G and Gaidhane, Abhay M and Syed, Zahiruddin Quazi},
  journal={Cureus},
  volume={14},
  number={8},
  year={2022},
  publisher={Cureus Inc.}
}

@inproceedings{wang2021transition,
  title={On the transition of social interaction from in-person to online: Predicting changes in social media usage of college students during the COVID-19 pandemic based on Pre-COVID-19 on-campus colocation},
  author={Wang, Weichen and Wu, Jialing and Nepal, Subigya Kumar and DaSilva, Alex and Hedlund, Elin and Murphy, Eilis and Rogers, Courtney and Huckins, Jeremy F},
  booktitle={Proceedings of the 2021 International Conference on Multimodal Interaction},
  pages={425--434},
  year={2021}
}

@article{wang2022first,
  title={First-gen lens: Assessing mental health of first-generation students across their first year at college using mobile sensing},
  author={Wang, Weichen and Nepal, Subigya and Huckins, Jeremy F and Hernandez, Lessley and Vojdanovski, Vlado and Mack, Dante and Plomp, Jane and Pillai, Arvind and Obuchi, Mikio and Dasilva, Alex and others},
  journal={Proceedings of the ACM on interactive, mobile, wearable and ubiquitous technologies},
  volume={6},
  number={2},
  pages={1--32},
  year={2022},
  publisher={ACM New York, NY, USA}
}

@article{xu2019leveraging,
  title={Leveraging routine behavior and contextually-filtered features for depression detection among college students},
  author={Xu, Xuhai and Chikersal, Prerna and Doryab, Afsaneh and Villalba, Daniella K and Dutcher, Janine M and Tumminia, Michael J and Althoff, Tim and Cohen, Sheldon and Creswell, Kasey G and Creswell, J David and others},
  journal={Proceedings of the ACM on Interactive, Mobile, Wearable and Ubiquitous Technologies},
  volume={3},
  number={3},
  pages={1--33},
  year={2019},
  publisher={ACM New York, NY, USA}
}

@article{zimmermann2023digital,
  title={Digital strategies for screen time reduction: A randomized field experiment},
  author={Zimmermann, Laura and Sobolev, Michael},
  journal={Cyberpsychology, Behavior, and Social Networking},
  volume={26},
  number={1},
  pages={42--49},
  year={2023},
  publisher={Mary Ann Liebert, Inc., publishers 140 Huguenot Street, 3rd Floor New~…}
}

