
@misc{OurRepo,
	title = {Our study's public repository containing artifacts},
	year = {2025},
	url = {https://github.com/bill-wei-xuan/Unlocking-MentalHealth}
}

@inproceedings{harbach2016anatomy,
  title={The anatomy of smartphone unlocking: A field study of android lock screens},
  author={Harbach, Marian and De Luca, Alexander and Egelman, Serge},
  booktitle={Proceedings of the 2016 chi conference on human factors in computing systems},
  pages={4806--4817},
  year={2016}
}

@inproceedings{li2019swipevlock,
  title={SwipeVLock: a supervised unlocking mechanism based on swipe behavior on smartphones},
  author={Li, Wenjuan and Tan, Jiao and Meng, Weizhi and Wang, Yu and Li, Jing},
  booktitle={Machine Learning for Cyber Security: Second International Conference, ML4CS 2019, Xi’an, China, September 19-21, 2019, Proceedings 2},
  pages={140--153},
  year={2019},
  organization={Springer}
}

@inproceedings{harbach2014survey,
  title={$\{$It’s$\}$ a hard lock life: A field study of smartphone ($\{$Un) Locking$\}$ behavior and risk perception},
  author={Harbach, Marian and Von Zezschwitz, Emanuel and Fichtner, Andreas and De Luca, Alexander and Smith, Matthew},
  booktitle={10th symposium on usable privacy and security (SOUPS 2014)},
  pages={213--230},
  year={2014}
}

@inproceedings{abdrabou2024eyegaze,
  title={Where Do You Look When Unlocking Your Phone?: A Field Study of Gaze Behaviour During Smartphone Unlock},
  author={Abdrabou, Yasmeen and Omelina, Tatiana and Dietz, Felix and Khamis, Mohamed and Alt, Florian and Hassib, Mariam},
  booktitle={Extended Abstracts of the CHI Conference on Human Factors in Computing Systems},
  pages={1--7},
  year={2024}
}

@article{cullen2020mental,
  title={Mental health in the COVID-19 pandemic},
  author={Cullen, Walter and Gulati, Gautam and Kelly, Brendan D},
  journal={QJM: An International Journal of Medicine},
  volume={113},
  number={5},
  pages={311--312},
  year={2020},
  publisher={Oxford University Press}
}

@techreport{2015SAMHSA,
    author ={SAMHSA} ,
    title = {Key Substance Use and Mental Health Indicators in the United States: Results from the 2015 National Survey on Drug Use
and Health},
    year = {2015},
    url={https://www.samhsa.gov/data/sites/default/files/NSDUH-FFR1-2015/NSDUH-FFR1-2015/NSDUH-FFR1-2015.htm}
}

@article{anderson2012college,
  title={College-Student Personal-Growth and Attributions of Cause.},
  author={Anderson Jr, WP and Lopez-Baez, Sandra I},
  journal={Professional Counselor},
  volume={2},
  number={1},
  pages={66--80},
  year={2012},
  publisher={ERIC}
}

@article{magolda2006intellectual,
  title={Intellectual development in the college years},
  author={Magolda, Marcia B Baxter},
  journal={Change: The Magazine of Higher Learning},
  volume={38},
  number={3},
  pages={50--54},
  year={2006},
  publisher={Taylor \& Francis}
}


@article{harris2000cultural,
  title={Cultural orientation, family cohesion, and family support in suicide ideation and depression among African American college students},
  author={Harris, Treniece Lewis and Molock, Sherry Davis},
  journal={Suicide and Life-Threatening Behavior},
  volume={30},
  number={4},
  pages={341--353},
  year={2000},
  publisher={Wiley Online Library}
}

@article{crady2005college,
  title={College of the overwhelmed: The campus mental health crisis and what to do about it},
  author={Crady, Thomas},
  journal={Journal of College Student Development},
  volume={46},
  number={5},
  pages={556--558},
  year={2005},
  publisher={Johns Hopkins University Press}
}

@article{roberts2014invisible,
  title={The invisible addiction: Cell-phone activities and addiction among male and female college students},
  author={Roberts, James and Yaya, Luc and Manolis, Chris},
  journal={Journal of behavioral addictions},
  volume={3},
  number={4},
  pages={254--265},
  year={2014},
  publisher={Akad{\'e}miai Kiad{\'o}}
}


@inproceedings{ames2013managing,
  title={Managing mobile multitasking: The culture of iPhones on Stanford campus},
  author={Ames, Morgan G},
  booktitle={Proceedings of the 2013 conference on Computer supported cooperative work},
  pages={1487--1498},
  year={2013}
}


@article{lanaj2014beginning,
  title={Beginning the workday yet already depleted? Consequences of late-night smartphone use and sleep},
  author={Lanaj, Klodiana and Johnson, Russell E and Barnes, Christopher M},
  journal={Organizational Behavior and Human Decision Processes},
  volume={124},
  number={1},
  pages={11--23},
  year={2014},
  publisher={Elsevier}
}


@article{cho2021reflect,
  title={Reflect, not regret: Understanding regretful smartphone use with app feature-level analysis},
  author={Cho, Hyunsung and Choi, DaEun and Kim, Donghwi and Kang, Wan Ju and Choe, Eun Kyoung and Lee, Sung-Ju},
  journal={Proceedings of the ACM on human-computer interaction},
  volume={5},
  number={CSCW2},
  pages={1--36},
  year={2021},
  publisher={ACM New York, NY, USA}
}


@inproceedings{ruensuk2022sad,
  title={Sad or just jealous? Using Experience Sampling to Understand and Detect Negative Affective Experiences on Instagram},
  author={Ruensuk, Mintra and Kim, Taewan and Hong, Hwajung and Oakley, Ian},
  booktitle={Proceedings of the 2022 CHI Conference on Human Factors in Computing Systems},
  pages={1--18},
  year={2022}
}

@article{bevan2012negative,
  title={Negative emotional and cognitive responses to being unfriended on Facebook: An exploratory study},
  author={Bevan, Jennifer L and Pfyl, Jeanette and Barclay, Brett},
  journal={Computers in Human Behavior},
  volume={28},
  number={4},
  pages={1458--1464},
  year={2012},
  publisher={Elsevier}
}

@article{lin2016association,
  title={Association between social media use and depression among US young adults},
  author={Lin, Liu Yi and Sidani, Jaime E and Shensa, Ariel and Radovic, Ana and Miller, Elizabeth and Colditz, Jason B and Hoffman, Beth L and Giles, Leila M and Primack, Brian A},
  journal={Depression and anxiety},
  volume={33},
  number={4},
  pages={323--331},
  year={2016},
  publisher={Wiley Online Library}
}


@article{buchi2024digital,
  title={Digital well-being theory and research},
  author={B{\"u}chi, Moritz},
  journal={New Media \& Society},
  volume={26},
  number={1},
  pages={172--189},
  year={2024},
  publisher={Sage Publications Sage UK: London, England}
}


@inproceedings{zhao2024digital,
  title={Digital Wellbeing Redefined: Toward User-Centric Approach for Positive Social Media Engagement},
  author={Zhao, Yixue and Li, Tianyi and Sobolev, Michael},
  booktitle={Proceedings of the IEEE/ACM 11th International Conference on Mobile Software Engineering and Systems},
  pages={95--98},
  year={2024}
}

@article{nepal2024capturing,
  title={Capturing the College Experience: A Four-Year Mobile Sensing Study of Mental Health, Resilience and Behavior of College Students during the Pandemic},
  author={Nepal, Subigya and Liu, Wenjun and Pillai, Arvind and Wang, Weichen and Vojdanovski, Vlado and Huckins, Jeremy F and Rogers, Courtney and Meyer, Meghan L and Campbell, Andrew T},
  journal={Proceedings of the ACM on Interactive, Mobile, Wearable and Ubiquitous Technologies},
  volume={8},
  number={1},
  pages={1--37},
  year={2024},
  publisher={ACM New York, NY, USA}
}


@article{adler2022machine,
  title={Machine learning for passive mental health symptom prediction: Generalization across different longitudinal mobile sensing studies},
  author={Adler, Daniel A and Wang, Fei and Mohr, David C and Choudhury, Tanzeem},
  journal={Plos one},
  volume={17},
  number={4},
  pages={e0266516},
  year={2022},
  publisher={Public Library of Science San Francisco, CA USA}
}

@article{williams2014gad,
  title={The GAD-7 questionnaire},
  author={Williams, Nerys},
  journal={Occupational medicine},
  volume={64},
  number={3},
  pages={224--224},
  year={2014},
  publisher={Oxford University Press UK}
}

@article{faurholt2019objective,
  title={Objective smartphone data as a potential diagnostic marker of bipolar disorder},
  author={Faurholt-Jepsen, Maria and Busk, Jonas and TH{\'o}rarinsd{\'o}ttir, Helga and Frost, Mads and Bardram, Jakob Eyvind and Vinberg, Maj and Kessing, Lars Vedel},
  journal={Australian \& New Zealand Journal of Psychiatry},
  volume={53},
  number={2},
  pages={119--128},
  year={2019},
  publisher={Sage Publications Sage UK: London, England}
}


@article{wang2022first,
  title={First-gen lens: Assessing mental health of first-generation students across their first year at college using mobile sensing},
  author={Wang, Weichen and Nepal, Subigya and Huckins, Jeremy F and Hernandez, Lessley and Vojdanovski, Vlado and Mack, Dante and Plomp, Jane and Pillai, Arvind and Obuchi, Mikio and Dasilva, Alex and others},
  journal={Proceedings of the ACM on interactive, mobile, wearable and ubiquitous technologies},
  volume={6},
  number={2},
  pages={1--32},
  year={2022},
  publisher={ACM New York, NY, USA}
}

@inproceedings{likamwa2013moodscope,
  title={Moodscope: Building a mood sensor from smartphone usage patterns},
  author={LiKamWa, Robert and Liu, Yunxin and Lane, Nicholas D and Zhong, Lin},
  booktitle={Proceeding of the 11th annual international conference on Mobile systems, applications, and services},
  pages={389--402},
  year={2013}
}


@article{macleod2021mobile,
  title={A mobile sensing app to monitor youth mental health: observational pilot study},
  author={MacLeod, Lucy and Suruliraj, Banuchitra and Gall, Dominik and Bessenyei, Kitti and Hamm, Sara and Romkey, Isaac and Bagnell, Alexa and Mattheisen, Manuel and Muthukumaraswamy, Viswanath and Orji, Rita and others},
  journal={JMIR mHealth and uHealth},
  volume={9},
  number={10},
  pages={e20638},
  year={2021},
  publisher={JMIR Publications Toronto, Canada}
}


@article{mehrotra2017mytraces,
  title={MyTraces: Investigating correlation and causation between users’ emotional states and mobile phone interaction},
  author={Mehrotra, Abhinav and Tsapeli, Fani and Hendley, Robert and Musolesi, Mirco},
  journal={Proceedings of the ACM on Interactive, Mobile, Wearable and Ubiquitous Technologies},
  volume={1},
  number={3},
  pages={1--21},
  year={2017},
  publisher={ACM New York, NY, USA}
}


@article{tag2022emotion,
  title={Emotion trajectories in smartphone use: Towards recognizing emotion regulation in-the-wild},
  author={Tag, Benjamin and Sarsenbayeva, Zhanna and Cox, Anna L and Wadley, Greg and Goncalves, Jorge and Kostakos, Vassilis},
  journal={International Journal of Human-Computer Studies},
  volume={166},
  pages={102872},
  year={2022},
  publisher={Elsevier}
}


@article{meegahapola2023generalization,
  title={Generalization and personalization of mobile sensing-based mood inference models: an analysis of college students in eight countries},
  author={Meegahapola, Lakmal and Droz, William and Kun, Peter and De G{\"o}tzen, Amalia and Nutakki, Chaitanya and Diwakar, Shyam and Correa, Salvador Ruiz and Song, Donglei and Xu, Hao and Bidoglia, Miriam and others},
  journal={Proceedings of the ACM on interactive, mobile, wearable and ubiquitous technologies},
  volume={6},
  number={4},
  pages={1--32},
  year={2023},
  publisher={ACM New York, NY, USA}
}


@article{meegahapola2020smartphone,
  title={Smartphone sensing for the well-being of young adults: A review},
  author={Meegahapola, Lakmal and Gatica-Perez, Daniel},
  journal={IEEE Access},
  volume={9},
  pages={3374--3399},
  year={2020},
  publisher={IEEE}
}

@inproceedings{wang2021transition,
  title={On the transition of social interaction from in-person to online: Predicting changes in social media usage of college students during the COVID-19 pandemic based on Pre-COVID-19 on-campus colocation},
  author={Wang, Weichen and Wu, Jialing and Nepal, Subigya Kumar and DaSilva, Alex and Hedlund, Elin and Murphy, Eilis and Rogers, Courtney and Huckins, Jeremy F},
  booktitle={Proceedings of the 2021 International Conference on Multimodal Interaction},
  pages={425--434},
  year={2021}
}

@article{xu2019leveraging,
  title={Leveraging routine behavior and contextually-filtered features for depression detection among college students},
  author={Xu, Xuhai and Chikersal, Prerna and Doryab, Afsaneh and Villalba, Daniella K and Dutcher, Janine M and Tumminia, Michael J and Althoff, Tim and Cohen, Sheldon and Creswell, Kasey G and Creswell, J David and others},
  journal={Proceedings of the ACM on Interactive, Mobile, Wearable and Ubiquitous Technologies},
  volume={3},
  number={3},
  pages={1--33},
  year={2019},
  publisher={ACM New York, NY, USA}
}


@inproceedings{lyngs2020just,
  title={'I Just Want to Hack Myself to Not Get Distracted' Evaluating Design Interventions for Self-Control on Facebook},
  author={Lyngs, Ulrik and Lukoff, Kai and Slovak, Petr and Seymour, William and Webb, Helena and Jirotka, Marina and Zhao, Jun and Van Kleek, Max and Shadbolt, Nigel},
  booktitle={Proceedings of the 2020 CHI Conference on Human Factors in Computing Systems},
  pages={1--15},
  year={2020}
}


@article{orzikulova2023finerme,
  title={FinerMe: Examining App-level and Feature-level Interventions to Regulate Mobile Social Media Use},
  author={Orzikulova, Adiba and Cho, Hyunsung and Chung, Hye-Young and Hong, Hwajung and Lee, Uichin and Lee, Sung-Ju},
  journal={Proceedings of the ACM on Human-Computer Interaction},
  volume={7},
  number={CSCW2},
  pages={1--30},
  year={2023},
  publisher={ACM New York, NY, USA}
}


@article{roffarello2023achieving,
  title={Achieving digital wellbeing through digital self-control tools: A systematic review and meta-analysis},
  author={Roffarello, Alberto Monge and De Russis, Luigi},
  journal={ACM Transactions on Computer-Human Interaction},
  volume={30},
  number={4},
  pages={1--66},
  year={2023},
  publisher={ACM New York, NY}
}

@article{zimmermann2023digital,
  title={Digital strategies for screen time reduction: A randomized field experiment},
  author={Zimmermann, Laura and Sobolev, Michael},
  journal={Cyberpsychology, Behavior, and Social Networking},
  volume={26},
  number={1},
  pages={42--49},
  year={2023},
  publisher={Mary Ann Liebert, Inc., publishers 140 Huguenot Street, 3rd Floor New~…}
}


@article{allcott2022digital,
  title={Digital addiction},
  author={Allcott, Hunt and Gentzkow, Matthew and Song, Lena},
  journal={American Economic Review},
  volume={112},
  number={7},
  pages={2424--2463},
  year={2022},
  publisher={American Economic Association 2014 Broadway, Suite 305, Nashville, TN 37203}
}


@article{peper2018digital,
  title={Digital addiction: Increased loneliness, anxiety, and depression},
  author={Peper, Erik and Harvey, Richard},
  journal={NeuroRegulation},
  volume={5},
  number={1},
  pages={3--3},
  year={2018}
}


@article{thomas2022digital,
  title={‘Digital Wellbeing’: The Need of the Hour in Today’s Digitalized and Technology Driven World!},
  author={Thomas, Nisha M and Choudhari, Sonali G and Gaidhane, Abhay M and Syed, Zahiruddin Quazi},
  journal={Cureus},
  volume={14},
  number={8},
  year={2022},
  publisher={Cureus Inc.}
}

@article{lowe20104,
  title={A 4-item measure of depression and anxiety: validation and standardization of the Patient Health Questionnaire-4 (PHQ-4) in the general population},
  author={L{\"o}we, Bernd and Wahl, Inka and Rose, Matthias and Spitzer, Carsten and Glaesmer, Heide and Wingenfeld, Katja and Schneider, Antonius and Br{\"a}hler, Elmar},
  journal={Journal of affective disorders},
  volume={122},
  number={1-2},
  pages={86--95},
  year={2010},
  publisher={Elsevier}
}

@article{kroenke2009ultra,
  title={An ultra-brief screening scale for anxiety and depression: the PHQ--4},
  author={Kroenke, Kurt and Spitzer, Robert L and Williams, Janet BW and L{\"o}we, Bernd},
  journal={Psychosomatics},
  volume={50},
  number={6},
  pages={613--621},
  year={2009},
  publisher={Elsevier}
}

@article{wicke2022update,
  title={Update of the standardization of the Patient Health Questionnaire-4 (PHQ-4) in the general population},
  author={Wicke, Felix Sebastian and Krakau, Lina and L{\"o}we, Bernd and Beutel, Manfred E and Br{\"a}hler, Elmar},
  journal={Journal of Affective Disorders},
  volume={312},
  pages={310--314},
  year={2022},
  publisher={Elsevier}
}

@article{bohning1992multinomial,
  title={Multinomial logistic regression algorithm},
  author={B{\"o}hning, Dankmar},
  journal={Annals of the institute of Statistical Mathematics},
  volume={44},
  number={1},
  pages={197--200},
  year={1992},
  publisher={Springer}
}
