@book{williams2006gaussian,
  title={Gaussian processes for machine learning},
  author={Williams, Christopher KI and Rasmussen, Carl Edward},
  volume={2},
  year={2006},
  publisher={MIT press Cambridge, MA}
}

@article{alvarez2012kernels,
  title={Kernels for vector-valued functions: A review},
  author={Alvarez, Mauricio A and Rosasco, Lorenzo and Lawrence, Neil D and others},
  journal={Foundations and Trends{\textregistered} in Machine Learning},
  volume={4},
  number={3},
  pages={195--266},
  year={2012},
  publisher={Now Publishers, Inc.}
}

@inproceedings{chu2005preference,
  title={Preference learning with Gaussian processes},
  author={Chu, Wei and Ghahramani, Zoubin},
  booktitle={Proceedings of the 22nd international conference on Machine learning},
  pages={137--144},
  year={2005}
}

@inproceedings{lin2022preference,
  title={Preference exploration for efficient bayesian optimization with multiple outcomes},
  author={Lin, Zhiyuan Jerry and Astudillo, Raul and Frazier, Peter and Bakshy, Eytan},
  booktitle={International Conference on Artificial Intelligence and Statistics},
  pages={4235--4258},
  year={2022},
  organization={PMLR}
}

@article{wilson2018maximizing,
  title={Maximizing acquisition functions for Bayesian optimization},
  author={Wilson, James and Hutter, Frank and Deisenroth, Marc},
  journal={Advances in neural information processing systems},
  volume={31},
  year={2018}
}

@article{balandat2020botorch,
  title={BoTorch: A framework for efficient Monte-Carlo Bayesian optimization},
  author={Balandat, Maximilian and Karrer, Brian and Jiang, Daniel and Daulton, Samuel and Letham, Ben and Wilson, Andrew G and Bakshy, Eytan},
  journal={Advances in neural information processing systems},
  volume={33},
  pages={21524--21538},
  year={2020}
}

@InProceedings{astudillo20a,
  title = 	 {Multi-attribute Bayesian optimization with interactive preference learning},
  author =       {Astudillo, Raul and Frazier, Peter},
  booktitle = 	 {Proceedings of the Twenty Third International Conference on Artificial Intelligence and Statistics},
  pages = 	 {4496--4507},
  year = 	 {2020},
  editor = 	 {Chiappa, Silvia and Calandra, Roberto},
  volume = 	 {108},
  series = 	 {Proceedings of Machine Learning Research},
  month = 	 {26--28 Aug},
  publisher =    {PMLR},
  pdf = 	 {http://proceedings.mlr.press/v108/astudillo20a/astudillo20a.pdf},
  url = 	 {https://proceedings.mlr.press/v108/astudillo20a.html},
  abstract = 	 {We consider black-box global optimization of time-consuming-to-evaluate functions on behalf of a decision-maker (DM) whose preferences must be learned. Each feasible design is associated with a time-consuming-to-evaluate vector of attributes and each vector of attributes is assigned a utility by the DM’s utility function, which may be learned approximately using preferences expressed over pairs of attribute vectors. Past work has used a point estimate of this utility function as if it were error-free within single-objective optimization. However, utility estimation errors may yield a poor suggested design. Furthermore, this approach produces a single suggested ‘best’ design, whereas DMs often prefer to choose from a menu. We propose a novel multi-attribute Bayesian optimization with preference learning approach. Our approach acknowledges the uncertainty in preference estimation and implicitly chooses designs to evaluate that are good not just for a single estimated utility function but a range of likely ones. The outcome of our approach is a menu of designs and evaluated attributes from which the DM makes a final selection. We demonstrate the value and flexibility of our approach in a variety of experiments. }
}

@incollection{bechikh2015preference,
  title={Preference incorporation in evolutionary multiobjective optimization: A survey of the state-of-the-art},
  author={Bechikh, Slim and Kessentini, Marouane and Said, Lamjed Ben and Gh{\'e}dira, Khaled},
  booktitle={Advances in computers},
  volume={98},
  pages={141--207},
  year={2015},
  publisher={Elsevier}
}

@book{em:86,
  editor  = "Engelmore, Robert and Morgan, Anthony",
  title   = "Blackboard Systems",
  year    = 1986,
  address = "Reading, Mass.",
  publisher = "Addison-Wesley",
}

@article{giagkiozis2015methods,
  title={Methods for multi-objective optimization: An analysis},
  author={Giagkiozis, Ioannis and Fleming, Peter J},
  journal={Information Sciences},
  volume={293},
  pages={338--350},
  year={2015},
  publisher={Elsevier}
}

@inproceedings{c:83,
  author  = "Clancey, William J.",
  year    = 1983,
  title   = "{Communication, Simulation, and Intelligent
Agents: Implications of Personal Intelligent Machines
for Medical Education}",
  booktitle="Proceedings of the Eighth International Joint Conference on Artificial Intelligence {(IJCAI-83)}", 
  pages   = "556-560",
  address = "Menlo Park, Calif",
  publisher = "{IJCAI Organization}",
}
@inproceedings{c:84,
  author  = "Clancey, William J.",
  year    = 1984,
  title   = "{Classification Problem Solving}",
  booktitle = "Proceedings of the Fourth National 
              Conference on Artificial Intelligence",
  pages   = "45-54",
  address = "Menlo Park, Calif.",
  publisher="AAAI Press",
}

@article{sener2018multi,
  title={Multi-task learning as multi-objective optimization},
  author={Sener, Ozan and Koltun, Vladlen},
  journal={Advances in neural information processing systems},
  volume={31},
  year={2018}
}

@article{desideri2012multiple,
  title={Multiple-gradient descent algorithm (MGDA) for multiobjective optimization},
  author={D{\'e}sid{\'e}ri, Jean-Antoine},
  journal={Comptes Rendus Mathematique},
  volume={350},
  number={5-6},
  pages={313--318},
  year={2012},
  publisher={Elsevier}
}

@article{muller2021local,
  title={Local policy search with Bayesian optimization},
  author={M{\"u}ller, Sarah and von Rohr, Alexander and Trimpe, Sebastian},
  journal={Advances in Neural Information Processing Systems},
  volume={34},
  pages={20708--20720},
  year={2021}
}

@article{fliege2000steepest,
  title={Steepest descent methods for multicriteria optimization},
  author={Fliege, J{\"o}rg and Svaiter, Benar Fux},
  journal={Mathematical methods of operations research},
  volume={51},
  pages={479--494},
  year={2000},
  publisher={Springer}
}

@article{schaffler2002stochastic,
  title={Stochastic method for the solution of unconstrained vector optimization problems},
  author={Sch{\"a}ffler, Stefan and Schultz, Reinhart and Weinzierl, Klaus},
  journal={Journal of Optimization Theory and Applications},
  volume={114},
  pages={209--222},
  year={2002},
  publisher={Springer}
}

@inproceedings{jaggi2013revisiting,
  title={Revisiting Frank-Wolfe: Projection-free sparse convex optimization},
  author={Jaggi, Martin},
  booktitle={International conference on machine learning},
  pages={427--435},
  year={2013},
  organization={PMLR}
}

@article{fedorov2010optimal,
  title={Optimal experimental design},
  author={Fedorov, Valerii},
  journal={Wiley Interdisciplinary Reviews: Computational Statistics},
  volume={2},
  number={5},
  pages={581--589},
  year={2010},
  publisher={Wiley Online Library}
}

@article{r:80,
  author = {Robinson, Arthur L.},
  title = {New Ways to Make Microcircuits Smaller},
  volume = {208},
  number = {4447},
  pages = {1019--1022},
  year = {1980},
  doi = {10.1126/science.208.4447.1019},
  publisher = {American Association for the Advancement of Science},
  issn = {0036-8075},
  URL = {https://science.sciencemag.org/content/208/4447/1019},
  eprint = {https://science.sciencemag.org/content/208/4447/1019.full.pdf},
  journal = {Science},
}

@incollection{deb2005scalable,
  title={Scalable test problems for evolutionary multiobjective optimization},
  author={Deb, Kalyanmoy and Thiele, Lothar and Laumanns, Marco and Zitzler, Eckart},
  booktitle={Evolutionary multiobjective optimization: theoretical advances and applications},
  pages={105--145},
  year={2005},
  publisher={Springer}
}
@article{r:80x,
  author  = "Robinson, Arthur L.",
  year    = 1980,
  title   = "{New Ways to Make Microcircuits Smaller---Duplicate Entry}",
  journal = "Science",
  volume  =  208,
  pages   = "1019-1026",
}
@article{hcr:83,
title = {Strategic explanations for a diagnostic consultation system},
journal = {International Journal of Man-Machine Studies},
volume = {20},
number = {1},
pages = {3-19},
year = {1984},
issn = {0020-7373},
doi = {https://doi.org/10.1016/S0020-7373(84)80003-6},
url = {https://www.sciencedirect.com/science/article/pii/S0020737384800036},
author = {Diane Warner Hasling and William J. Clancey and Glenn Rennels},
abstract = {This article examines the problem of automatte explanation of reasoning, especially as it relates to expert systems. By explanation we mean the ability of a program to discuss what it is doing in some understandable way. We first present a general framework in which to view explanation and review some of the research done in this area. We then focus on the explanation system for NEOMYCIN, a medical consultation program. A consultation program interactively helps a user to solve a problem. Our goal is to have NEOMYCIN explain its problem-solving strategies. An explanation of strategy describes the plan the program is using to reach a solution. Such an explanation is usually concrete, referring to aspects of the current problem situation. Abstract explanations articulate a general principle, which can be applied in different situations; such explanations are useful in teaching and in explaining by analogy. We describe the aspects of NEOMYCIN that make abstract strategic explanations possible—the representation of strategic knowledge explicitly and separately from domain knowledge— and demonstrate how this representation can be used to generate explanations.}
}
@article{hcrt:83,
  author  = "Hasling, Diane Warner and Clancey, William J. and Rennels, Glenn R. and Test, Thomas",
  year    = 1983,
  title   = "{Strategic Explanations in Consultation---Duplicate}",
  journal = "The International Journal of Man-Machine Studies",
  volume  = 20,
  number  = 1,
  pages   = "3-19",
}
@techreport{r:86,
  author  = "Rice, James",
  year    = 1986,
  title   = "{Poligon: A System for Parallel Problem Solving}",
  type    = "Technical Report", 
  number  = "KSL-86-19", 
  institution = "Dept.\ of Computer Science, Stanford Univ.",
}
@phdthesis{c:79,
  author  = "Clancey, William J.",
  year    = 1979,
  title   = "{Transfer of Rule-Based Expertise
through a Tutorial Dialogue}",
  type    = "{Ph.D.} diss.",
  school  = "Dept.\ of Computer Science, Stanford Univ.",
  address = "Stanford, Calif.",
}
@unpublished{c:21,
  author  = "Clancey, William J.",
  title   = "{The Engineering of Qualitative Models}",
  year    = 2021,
  note    = "Forthcoming",
}
@misc{c:22,
      title={Attention Is All You Need}, 
      author={Ashish Vaswani and Noam Shazeer and Niki Parmar and Jakob Uszkoreit and Llion Jones and Aidan N. Gomez and Lukasz Kaiser and Illia Polosukhin},
      year={2017},
      eprint={1706.03762},
      archivePrefix={arXiv},
      primaryClass={cs.CL}
}
@misc{c:23,
  title        = "Pluto: The 'Other' Red Planet",
  author       = "{NASA}",
  howpublished = "\url{https://www.nasa.gov/nh/pluto-the-other-red-planet}",
  year         = 2015,
  note         = "Accessed: 2018-12-06"
}

@article{chakrabarty2013model,
  title={Model-based design of experiments for cellular processes},
  author={Chakrabarty, Ankush and Buzzard, Gregery T and Rundell, Ann E},
  journal={Wiley Interdisciplinary Reviews: Systems Biology and Medicine},
  volume={5},
  number={2},
  pages={181--203},
  year={2013},
  publisher={Wiley Online Library}
}

@inproceedings{deb2005searching,
  title={Searching for robust {P}areto-optimal solutions in multi-objective optimization},
  author={Deb, Kalyanmoy and Gupta, Himanshu},
  booktitle={International conference on evolutionary multi-criterion optimization},
  pages={150--164},
  year={2005},
  organization={Springer}
}

@article{liao2008multiobjective,
  title={Multiobjective optimization for crash safety design of vehicles using stepwise regression model},
  author={Liao, Xingtao and Li, Qing and Yang, Xujing and Zhang, Weigang and Li, Wei},
  journal={Structural and multidisciplinary optimization},
  volume={35},
  pages={561--569},
  year={2008},
  publisher={Springer}
}

@article{parsons2004formulation,
  title={Formulation of multicriterion design optimization problems for solution with scalar numerical optimization methods},
  author={Parsons, Michael G and Scott, Randall L},
  journal={Journal of Ship Research},
  volume={48},
  number={01},
  pages={61--76},
  year={2004},
  publisher={SNAME}
}

@article{jain2013evolutionary,
  title={An evolutionary many-objective optimization algorithm using reference-point based nondominated sorting approach, part II: Handling constraints and extending to an adaptive approach},
  author={Jain, Himanshu and Deb, Kalyanmoy},
  journal={IEEE Transactions on evolutionary computation},
  volume={18},
  number={4},
  pages={602--622},
  year={2013},
  publisher={IEEE}
}

@article{tanabe2020easy,
  title={An easy-to-use real-world multi-objective optimization problem suite},
  author={Tanabe, Ryoji and Ishibuchi, Hisao},
  journal={Applied Soft Computing},
  volume={89},
  pages={106078},
  year={2020},
  publisher={Elsevier}
}

@article{chiandussi2012comparison,
  title={Comparison of multi-objective optimization methodologies for engineering applications},
  author={Chiandussi, Giorgio and Codegone, Marco and Ferrero, Simone and Varesio, Federico Erminio},
  journal={Computers \& Mathematics with Applications},
  volume={63},
  number={5},
  pages={912--942},
  year={2012},
  publisher={Elsevier}
}

@book{miettinen1999nonlinear,
  title={Nonlinear multiobjective optimization},
  author={Miettinen, Kaisa},
  volume={12},
  year={1999},
  publisher={Springer Science \& Business Media}
}

@inproceedings{mcleod2018optimization,
  title={Optimization, fast and slow: optimally switching between local and Bayesian optimization},
  author={McLeod, Mark and Roberts, Stephen and Osborne, Michael A},
  booktitle={International Conference on Machine Learning},
  pages={3443--3452},
  year={2018},
  organization={PMLR}
}

@article{nguyen2022local,
  title={Local Bayesian optimization via maximizing probability of descent},
  author={Nguyen, Quan and Wu, Kaiwen and Gardner, Jacob and Garnett, Roman},
  journal={Advances in neural information processing systems},
  volume={35},
  pages={13190--13202},
  year={2022}
}

@inproceedings{hakanen2016connections,
  title={Connections of reference vectors and different types of preference information in interactive multiobjective evolutionary algorithms},
  author={Hakanen, Jussi and Chugh, Tinkle and Sindhya, Karthik and Jin, Yaochu and Miettinen, Kaisa},
  booktitle={2016 IEEE Symposium Series on Computational Intelligence (SSCI)},
  pages={1--8},
  year={2016},
  organization={IEEE}
}

@article{paszke2019pytorch,
  title={Pytorch: An imperative style, high-performance deep learning library},
  author={Paszke, Adam and Gross, Sam and Massa, Francisco and Lerer, Adam and Bradbury, James and Chanan, Gregory and Killeen, Trevor and Lin, Zeming and Gimelshein, Natalia and Antiga, Luca and others},
  journal={Advances in neural information processing systems},
  volume={32},
  year={2019}
}

@inproceedings{taylor2021bayesian,
  title={Bayesian preference learning for interactive multi-objective optimisation},
  author={Taylor, Kendall and Ha, Huong and Li, Minyi and Chan, Jeffrey and Li, Xiaodong},
  booktitle={Proceedings of the Genetic and Evolutionary Computation Conference},
  pages={466--475},
  year={2021}
}

@article{hansen2001completely,
  title={Completely derandomized self-adaptation in evolution strategies},
  author={Hansen, Nikolaus and Ostermeier, Andreas},
  journal={Evolutionary computation},
  volume={9},
  number={2},
  pages={159--195},
  year={2001},
  publisher={MIT Press}
}

@article{konakovic2020diversity,
  title={Diversity-guided multi-objective bayesian optimization with batch evaluations},
  author={Konakovic Lukovic, Mina and Tian, Yunsheng and Matusik, Wojciech},
  journal={Advances in Neural Information Processing Systems},
  volume={33},
  pages={17708--17720},
  year={2020}
}

@article{daulton2020differentiable,
  title={Differentiable expected hypervolume improvement for parallel multi-objective Bayesian optimization},
  author={Daulton, Samuel and Balandat, Maximilian and Bakshy, Eytan},
  journal={Advances in Neural Information Processing Systems},
  volume={33},
  pages={9851--9864},
  year={2020}
}

%----------------------------------
@article{jones1998efficient,
  title={Efficient global optimization of expensive black-box functions},
  author={Jones, Donald R and Schonlau, Matthias and Welch, William J},
  journal={Journal of Global Optimization},
  volume={13},
  number={4},
  pages={455--492},
  year={1998},
  publisher={Springer}
}

@article{emmerich2018tutorial,
  title={A tutorial on multiobjective optimization: Fundamentals and evolutionary methods},
  author={Emmerich, Michael TM and Deutz, Anton HA},
  journal={Natural Computing},
  volume={17},
  number={3},
  pages={585--609},
  year={2018},
  publisher={Springer}
}

@article{deb2002fast,
  title={A fast and elitist multiobjective genetic algorithm: NSGA-II},
  author={Deb, Kalyanmoy and Pratap, Amrit and Agarwal, Sameer and Meyarivan, T},
  journal={IEEE transactions on evolutionary computation},
  volume={6},
  number={2},
  pages={182--197},
  year={2002},
  publisher={IEEE}
}

@inproceedings{hernandez2016pesmo,
  title={Predictive entropy search for multi-objective bayesian optimization},
  author={Hern{\'a}ndez-Lobato, Jos{\'e} Miguel and Hern{\'a}ndez-Lobato, Daniel and Shah, Aditi and Adams, Ryan},
  booktitle={International Conference on Machine Learning},
  pages={1492--1501},
  year={2016},
  organization={PMLR}
}

@article{keane2006statistical,
  title={Statistical improvement criteria for use in multiobjective design optimization},
  author={Keane, Andy J},
  journal={AIAA journal},
  volume={44},
  number={4},
  pages={879--891},
  year={2006},
  publisher={American Institute of Aeronautics and Astronautics}
}

@inproceedings{knowles2006parego,
  title={Parego: a hybrid algorithm with on-line landscape approximation for expensive multiobjective optimization problems},
  author={Knowles, Joshua},
  booktitle={IEEE transactions on evolutionary computation},
  year={2006},
  volume={10},
  pages={50--66},
  organization={IEEE}
}

@article{gonzalez2017preference,
  title={Preference learning with Gaussian processes},
  author={Gonz{\'a}lez, Javier and Dai, Zhiyuan and Damianou, Andreas and Lawrence, Neil D},
  journal={arXiv preprint arXiv:1706.02041},
  year={2017}
}

@inproceedings{lin2023active,
  title={Multi-objective Bayesian optimization with active preference learning},
  author={Lin, Yuxin and Binois, Mickael and Picheny, Victor},
  booktitle={Proceedings of the 40th International Conference on Machine Learning},
  pages={17643--17663},
  year={2023},
  organization={PMLR}
}

@article{benavoli2020preference,
  title={Preference exploration for efficient bayesian optimization with multiple outcomes},
  author={Benavoli, Alessio and Piga, Dario and Zaffalon, Marco},
  journal={Machine Learning},
  volume={109},
  pages={1121--1141},
  year={2020},
  publisher={Springer}
}

@inproceedings{eriksson2019turbo,
  title={Scalable global optimization via local Bayesian optimization},
  author={Eriksson, David and Pearce, Michael and Gardner, Jacob R and Turner, Ryan D and Poloczek, Matthias},
  booktitle={Advances in Neural Information Processing Systems},
  pages={5496--5507},
  year={2019},
  organization={NeurIPS}
}

@article{manton2023blossom,
  title={Bayesian and local optimisation sample-wise switching optimisation method (BLOSSOM)},
  author={Manton, Jonathan and Vasudevan, Vijay and Emonet, R{\'e}mi and Lal, Mayuresh},
  journal={arXiv preprint arXiv:2303.02151},
  year={2023}
}

@inproceedings{wu2017gradient,
  title={Gradient-augmented Bayesian optimization},
  author={Wu, Jian and Poloczek, Matthias and Wilson, Andrew Gordon and Frazier, Peter I},
  booktitle={Advances in Neural Information Processing Systems},
  pages={1033--1043},
  year={2017},
  organization={NeurIPS}
}

@article{qu2021gradient,
  title={A gradient-based approach to multi-objective optimization using Gaussian process surrogates},
  author={Qu, Shaocheng and Lin, Mingzhi and Hu, Chunwei},
  journal={Structural and Multidisciplinary Optimization},
  volume={64},
  number={5},
  pages={2259--2272},
  year={2021},
  publisher={Springer}
}

@inproceedings{shah2016pareto,
  title={Pareto frontier entropy for multi-objective Bayesian optimization},
  author={Shah, Aditi and Wang, Zhenwen and Freitas, Nando de},
  booktitle={Proceedings of the 32nd Conference on Uncertainty in Artificial Intelligence},
  pages={795--804},
  year={2016},
  organization={UAI}
}

@article{storn1997differential,
  title={Differential evolution–a simple and efficient heuristic for global optimization over continuous spaces},
  author={Storn, Rainer and Price, Kenneth},
  journal={Journal of Global Optimization},
  volume={11},
  number={4},
  pages={341--359},
  year={1997},
  publisher={Springer}
}


@article{abdolshah2019multi,
  title={Multi-objective {B}ayesian optimisation with preferences over objectives},
  author={Abdolshah, Majid and Shilton, Alistair and Rana, Santu and Gupta, Sunil and Venkatesh, Svetha},
  journal={Advances in neural information processing systems},
  volume={32},
  year={2019}
}

@inproceedings{ozaki2024multi,
  title={Multi-Objective {B}ayesian Optimization with Active Preference Learning},
  author={Ozaki, Ryota and Ishikawa, Kazuki and Kanzaki, Youhei and Takeno, Shion and Takeuchi, Ichiro and Karasuyama, Masayuki},
  booktitle={Proceedings of the AAAI Conference on Artificial Intelligence},
  volume={38},
  pages={14490--14498},
  year={2024}
}

@inproceedings{shao2023preference,
  title={Preference-Guided {B}ayesian Optimization for Control Policy Learning: Application to Personalized Plasma Medicine},
  author={Shao, Ketong and Romeres, Diego and Chakrabarty, Ankush and Mesbah, Ali},
  booktitle={NeurIPS 2023 Workshop on Adaptive Experimental Design and Active Learning in the Real World},
  year={2023}
}

@inproceedings{makrygiorgos2023no,
  title={No-Regret {B}ayesian Optimization with Gradients Using Local Optimality-Based Constraints: Application to Closed-Loop Policy Search},
  author={Makrygiorgos, Georgios and Paulson, Joel A and Mesbah, Ali},
  booktitle={Proceedings of the 62nd IEEE Conference on Decision and Control},
  pages={20--25},
  year={2023}
}

@inproceedings{ahmadianshalchi2024preference,
  title={Preference-Aware Constrained Multi-Objective Bayesian Optimization},
  author={Ahmadianshalchi, Alaleh and Belakaria, Syrine and Doppa, Janardhan Rao},
  booktitle={Proceedings of the 7th Joint International Conference on Data Science \& Management of Data (11th ACM IKDD CODS and 29th COMAD)},
  pages={182--191},
  year={2024}
}

@article{woolson2005wilcoxon,
  title={Wilcoxon signed-rank test},
  author={Woolson, Robert F},
  journal={Encyclopedia of Biostatistics},
  volume={8},
  year={2005},
  publisher={Wiley Online Library}
}

@phdthesis{osborne2010bayesian,
  title={Bayesian Gaussian processes for sequential prediction, optimisation and quadrature},
  author={Osborne, Michael and Osborne, Michael Alan},
  year={2010},
  school={Oxford University, UK}
}

@article{gardner2018gpytorch,
  title={Gpytorch: Blackbox matrix-matrix gaussian process inference with gpu acceleration},
  author={Gardner, Jacob and Pleiss, Geoff and Weinberger, Kilian Q and Bindel, David and Wilson, Andrew G},
  journal={Advances in neural information processing systems},
  volume={31},
  year={2018}
}

@article{mcknight2010mann,
  title={Mann-Whitney U Test},
  author={McKnight, Patrick E and Najab, Julius},
  journal={The Corsini encyclopedia of psychology},
  pages={1--1},
  year={2010},
  publisher={Wiley Online Library}
}