@article{ye2023ip,
  title={Ip-adapter: Text compatible image prompt adapter for text-to-image diffusion models},
  author={Ye, Hu and Zhang, Jun and Liu, Sibo and Han, Xiao and Yang, Wei},
  journal={arXiv preprint arXiv:2308.06721},
  year={2023}
}

@article{wang2024instantid,
  title={Instantid: Zero-shot identity-preserving generation in seconds},
  author={Wang, Qixun and Bai, Xu and Wang, Haofan and Qin, Zekui and Chen, Anthony and Li, Huaxia and Tang, Xu and Hu, Yao},
  journal={arXiv preprint arXiv:2401.07519},
  year={2024}
}

@article{he2024uniportrait,
  title={UniPortrait: A Unified Framework for Identity-Preserving Single-and Multi-Human Image Personalization},
  author={He, Junjie and Geng, Yifeng and Bo, Liefeng},
  journal={arXiv preprint arXiv:2408.05939},
  year={2024}
}

@article{yan2023facestudio,
  title={Facestudio: Put your face everywhere in seconds},
  author={Yan, Yuxuan and Zhang, Chi and Wang, Rui and Zhou, Yichao and Zhang, Gege and Cheng, Pei and Yu, Gang and Fu, Bin},
  journal={arXiv preprint arXiv:2312.02663},
  year={2023}
}
@article{gal2022image,
  title={An image is worth one word: Personalizing text-to-image generation using textual inversion},
  author={Gal, Rinon and Alaluf, Yuval and Atzmon, Yuval and Patashnik, Or and Bermano, Amit H and Chechik, Gal and Cohen-Or, Daniel},
  journal={arXiv preprint arXiv:2208.01618},
  year={2022}
}
@inproceedings{li2024photomaker,
  title={Photomaker: Customizing realistic human photos via stacked id embedding},
  author={Li, Zhen and Cao, Mingdeng and Wang, Xintao and Qi, Zhongang and Cheng, Ming-Ming and Shan, Ying},
  booktitle={Proceedings of the IEEE/CVF Conference on Computer Vision and Pattern Recognition},
  pages={8640--8650},
  year={2024}
}
@article{ma2024magic,
  title={Magic-me: Identity-specific video customized diffusion},
  author={Ma, Ze and Zhou, Daquan and Yeh, Chun-Hsiao and Wang, Xue-She and Li, Xiuyu and Yang, Huanrui and Dong, Zhen and Keutzer, Kurt and Feng, Jiashi},
  journal={arXiv preprint arXiv:2402.09368},
  year={2024}
}
@article{he2024id,
  title={Id-animator: Zero-shot identity-preserving human video generation},
  author={He, Xuanhua and Liu, Quande and Qian, Shengju and Wang, Xin and Hu, Tao and Cao, Ke and Yan, Keyu and Zhang, Jie},
  journal={arXiv preprint arXiv:2404.15275},
  year={2024}
}
@article{wu2024videomaker,
  title={VideoMaker: Zero-shot Customized Video Generation with the Inherent Force of Video Diffusion Models},
  author={Wu, Tao and Zhang, Yong and Cun, Xiaodong and Qi, Zhongang and Pu, Junfu and Dou, Huanzhang and Zheng, Guangcong and Shan, Ying and Li, Xi},
  journal={arXiv preprint arXiv:2412.19645},
  year={2024}
}
@article{feng2021learning,
  title={Learning an animatable detailed 3D face model from in-the-wild images},
  author={Feng, Yao and Feng, Haiwen and Black, Michael J and Bolkart, Timo},
  journal={ACM Transactions on Graphics (ToG)},
  volume={40},
  number={4},
  pages={1--13},
  year={2021},
  publisher={ACM New York, NY, USA}
}
@inproceedings{gong2019spiralnet++,
  title={Spiralnet++: A fast and highly efficient mesh convolution operator},
  author={Gong, Shunwang and Chen, Lei and Bronstein, Michael and Zafeiriou, Stefanos},
  booktitle={Proceedings of the IEEE/CVF international conference on computer vision workshops},
  pages={0--0},
  year={2019}
}
@article{chefer2024still,
  title={Still-moving: Customized video generation without customized video data},
  author={Chefer, Hila and Zada, Shiran and Paiss, Roni and Ephrat, Ariel and Tov, Omer and Rubinstein, Michael and Wolf, Lior and Dekel, Tali and Michaeli, Tomer and Mosseri, Inbar},
  journal={ACM Transactions on Graphics (TOG)},
  volume={43},
  number={6},
  pages={1--11},
  year={2024},
  publisher={ACM New York, NY, USA}
}
@inproceedings{wei2024dreamvideo,
  title={Dreamvideo: Composing your dream videos with customized subject and motion},
  author={Wei, Yujie and Zhang, Shiwei and Qing, Zhiwu and Yuan, Hangjie and Liu, Zhiheng and Liu, Yu and Zhang, Yingya and Zhou, Jingren and Shan, Hongming},
  booktitle={Proceedings of the IEEE/CVF Conference on Computer Vision and Pattern Recognition},
  pages={6537--6549},
  year={2024}
}
@article{wu2024customcrafter,
  title={Customcrafter: Customized video generation with preserving motion and concept composition abilities},
  author={Wu, Tao and Zhang, Yong and Wang, Xintao and Zhou, Xianpan and Zheng, Guangcong and Qi, Zhongang and Shan, Ying and Li, Xi},
  journal={arXiv preprint arXiv:2408.13239},
  year={2024}
}
@inproceedings{wu2025infinite,
  title={Infinite-ID: Identity-preserved Personalization via ID-semantics Decoupling Paradigm},
  author={Wu, Yi and Li, Ziqiang and Zheng, Heliang and Wang, Chaoyue and Li, Bin},
  booktitle={European Conference on Computer Vision},
  pages={279--296},
  year={2025},
  organization={Springer}
}
@article{zhang2024flashface,
  title={FlashFace: Human Image Personalization with High-fidelity Identity Preservation},
  author={Zhang, Shilong and Huang, Lianghua and Chen, Xi and Zhang, Yifei and Wu, Zhi-Fan and Feng, Yutong and Wang, Wei and Shen, Yujun and Liu, Yu and Luo, Ping},
  journal={arXiv preprint arXiv:2403.17008},
  year={2024}
}
@inproceedings{radford2021learning,
  title={Learning transferable visual models from natural language supervision},
  author={Radford, Alec and Kim, Jong Wook and Hallacy, Chris and Ramesh, Aditya and Goh, Gabriel and Agarwal, Sandhini and Sastry, Girish and Askell, Amanda and Mishkin, Pamela and Clark, Jack and others},
  booktitle={International conference on machine learning},
  pages={8748--8763},
  year={2021},
  organization={PMLR}
}
@article{sun2023eva,
  title={Eva-clip: Improved training techniques for clip at scale},
  author={Sun, Quan and Fang, Yuxin and Wu, Ledell and Wang, Xinlong and Cao, Yue},
  journal={arXiv preprint arXiv:2303.15389},
  year={2023}
}
@article{guo2024pulid,
  title={Pulid: Pure and lightning id customization via contrastive alignment},
  author={Guo, Zinan and Wu, Yanze and Chen, Zhuowei and Chen, Lang and Zhang, Peng and He, Qian},
  journal={arXiv preprint arXiv:2404.16022},
  year={2024}
}
@inproceedings{deng2019arcface,
  title={Arcface: Additive angular margin loss for deep face recognition},
  author={Deng, Jiankang and Guo, Jia and Xue, Niannan and Zafeiriou, Stefanos},
  booktitle={Proceedings of the IEEE/CVF conference on computer vision and pattern recognition},
  pages={4690--4699},
  year={2019}
}
@inproceedings{ruiz2023dreambooth,
  title={Dreambooth: Fine tuning text-to-image diffusion models for subject-driven generation},
  author={Ruiz, Nataniel and Li, Yuanzhen and Jampani, Varun and Pritch, Yael and Rubinstein, Michael and Aberman, Kfir},
  booktitle={Proceedings of the IEEE/CVF conference on computer vision and pattern recognition},
  pages={22500--22510},
  year={2023}
}
@article{polyak2024movie,
  title={Movie gen: A cast of media foundation models},
  author={Polyak, Adam and Zohar, Amit and Brown, Andrew and Tjandra, Andros and Sinha, Animesh and Lee, Ann and Vyas, Apoorv and Shi, Bowen and Ma, Chih-Yao and Chuang, Ching-Yao and others},
  journal={arXiv preprint arXiv:2410.13720},
  year={2024}
}
@article{yang2024cogvideox,
  title={Cogvideox: Text-to-video diffusion models with an expert transformer},
  author={Yang, Zhuoyi and Teng, Jiayan and Zheng, Wendi and Ding, Ming and Huang, Shiyu and Xu, Jiazheng and Yang, Yuanming and Hong, Wenyi and Zhang, Xiaohan and Feng, Guanyu and others},
  journal={arXiv preprint arXiv:2408.06072},
  year={2024}
}
@software{opensora,
  author = {Zangwei Zheng and Xiangyu Peng and Tianji Yang and Chenhui Shen and Shenggui Li and Hongxin Liu and Yukun Zhou and Tianyi Li and Yang You},
  title = {Open-Sora: Democratizing Efficient Video Production for All},
  month = {March},
  year = {2024},
  url = {https://github.com/hpcaitech/Open-Sora}
}
@inproceedings{deng2020retinaface,
  title={Retinaface: Single-shot multi-level face localisation in the wild},
  author={Deng, Jiankang and Guo, Jia and Ververas, Evangelos and Kotsia, Irene and Zafeiriou, Stefanos},
  booktitle={Proceedings of the IEEE/CVF conference on computer vision and pattern recognition},
  pages={5203--5212},
  year={2020}
}
@article{blattmann2023stable,
  title={Stable video diffusion: Scaling latent video diffusion models to large datasets},
  author={Blattmann, Andreas and Dockhorn, Tim and Kulal, Sumith and Mendelevitch, Daniel and Kilian, Maciej and Lorenz, Dominik and Levi, Yam and English, Zion and Voleti, Vikram and Letts, Adam and others},
  journal={arXiv preprint arXiv:2311.15127},
  year={2023}
}
@software{opensora,
  author = {Zangwei Zheng and Xiangyu Peng and Tianji Yang and Chenhui Shen and Shenggui Li and Hongxin Liu and Yukun Zhou and Tianyi Li and Yang You},
  title = {Open-Sora: Democratizing Efficient Video Production for All},
  month = {March},
  year = {2024},
  url = {https://github.com/hpcaitech/Open-Sora}
}
@article{he2024uniportrait,
  title={UniPortrait: A Unified Framework for Identity-Preserving Single-and Multi-Human Image Personalization},
  author={He, Junjie and Geng, Yifeng and Bo, Liefeng},
  journal={arXiv preprint arXiv:2408.05939},
  year={2024}
}
@inproceedings{khakhulin2022realistic,
  title={Realistic one-shot mesh-based head avatars},
  author={Khakhulin, Taras and Sklyarova, Vanessa and Lempitsky, Victor and Zakharov, Egor},
  booktitle={European Conference on Computer Vision},
  pages={345--362},
  year={2022},
  organization={Springer}
}
@article{yu2024representation,
  title={Representation alignment for generation: Training diffusion transformers is easier than you think},
  author={Yu, Sihyun and Kwak, Sangkyung and Jang, Huiwon and Jeong, Jongheon and Huang, Jonathan and Shin, Jinwoo and Xie, Saining},
  journal={arXiv preprint arXiv:2410.06940},
  year={2024}
}
@inproceedings{wiles2018x2face,
  title={X2face: A network for controlling face generation using images, audio, and pose codes},
  author={Wiles, Olivia and Koepke, A and Zisserman, Andrew},
  booktitle={Proceedings of the European conference on computer vision (ECCV)},
  pages={670--686},
  year={2018}
}
@article{hu2021lora,
  title={Lora: Low-rank adaptation of large language models},
  author={Hu, Edward J and Shen, Yelong and Wallis, Phillip and Allen-Zhu, Zeyuan and Li, Yuanzhi and Wang, Shean and Wang, Lu and Chen, Weizhu},
  journal={arXiv preprint arXiv:2106.09685},
  year={2021}
}
@article{wu2024videomaker,
  title={VideoMaker: Zero-shot Customized Video Generation with the Inherent Force of Video Diffusion Models},
  author={Wu, Tao and Zhang, Yong and Cun, Xiaodong and Qi, Zhongang and Pu, Junfu and Dou, Huanzhang and Zheng, Guangcong and Shan, Ying and Li, Xi},
  journal={arXiv preprint arXiv:2412.19645},
  year={2024}
}
@inproceedings{yao2020mesh,
  title={Mesh guided one-shot face reenactment using graph convolutional networks},
  author={Yao, Guangming and Yuan, Yi and Shao, Tianjia and Zhou, Kun},
  booktitle={Proceedings of the 28th ACM international conference on multimedia},
  pages={1773--1781},
  year={2020}
}
@article{yang2024cogvideox,
  title={CogVideoX: Text-to-Video Diffusion Models with An Expert Transformer},
  author={Yang, Zhuoyi and Teng, Jiayan and Zheng, Wendi and Ding, Ming and Huang, Shiyu and Xu, Jiazheng and Yang, Yuanming and Hong, Wenyi and Zhang, Xiaohan and Feng, Guanyu and others},
  journal={arXiv preprint arXiv:2408.06072},
  year={2024}
}
@inproceedings{pang2023dpe,
  title={Dpe: Disentanglement of pose and expression for general video portrait editing},
  author={Pang, Youxin and Zhang, Yong and Quan, Weize and Fan, Yanbo and Cun, Xiaodong and Shan, Ying and Yan, Dong-ming},
  booktitle={Proceedings of the IEEE/CVF Conference on Computer Vision and Pattern Recognition},
  pages={427--436},
  year={2023}
}
@inproceedings{wang2021one,
  title={One-shot free-view neural talking-head synthesis for video conferencing},
  author={Wang, Ting-Chun and Mallya, Arun and Liu, Ming-Yu},
  booktitle={Proceedings of the IEEE/CVF conference on computer vision and pattern recognition},
  pages={10039--10049},
  year={2021}
}
@incollection{blanz2023morphable,
  title={A morphable model for the synthesis of 3D faces},
  author={Blanz, Volker and Vetter, Thomas},
  booktitle={Seminal Graphics Papers: Pushing the Boundaries, Volume 2},
  pages={157--164},
  year={2023}
}
@article{li2017learning,
  title={Learning a model of facial shape and expression from 4D scans.},
  author={Li, Tianye and Bolkart, Timo and Black, Michael J and Li, Hao and Romero, Javier},
  journal={ACM Trans. Graph.},
  volume={36},
  number={6},
  pages={194--1},
  year={2017}
}
@inproceedings{DECA:Siggraph2021,
  title={Learning an Animatable Detailed {3D} Face Model from In-The-Wild Images},
  author={Feng, Yao and Feng, Haiwen and Black, Michael J. and Bolkart, Timo},
  journal = {ACM Transactions on Graphics, (Proc. SIGGRAPH)}, 
  volume = {40}, 
  number = {8}, 
  year = {2021}, 
  url = {https://doi.org/10.1145/3450626.3459936} 
}
@article{chen2024echomimic,
  title={Echomimic: Lifelike audio-driven portrait animations through editable landmark conditions},
  author={Chen, Zhiyuan and Cao, Jiajiong and Chen, Zhiquan and Li, Yuming and Ma, Chenguang},
  journal={arXiv preprint arXiv:2407.08136},
  year={2024}
}
@article{lugaresi2019mediapipe,
  title={Mediapipe: A framework for building perception pipelines},
  author={Lugaresi, Camillo and Tang, Jiuqiang and Nash, Hadon and McClanahan, Chris and Uboweja, Esha and Hays, Michael and Zhang, Fan and Chang, Chuo-Ling and Yong, Ming Guang and Lee, Juhyun and others},
  journal={arXiv preprint arXiv:1906.08172},
  year={2019}
}
@inproceedings{zhang2023sadtalker,
  title={Sadtalker: Learning realistic 3d motion coefficients for stylized audio-driven single image talking face animation},
  author={Zhang, Wenxuan and Cun, Xiaodong and Wang, Xuan and Zhang, Yong and Shen, Xi and Guo, Yu and Shan, Ying and Wang, Fei},
  booktitle={Proceedings of the IEEE/CVF Conference on Computer Vision and Pattern Recognition},
  pages={8652--8661},
  year={2023}
}
@inproceedings{cha2024honeybee,
  title={Honeybee: Locality-enhanced projector for multimodal llm},
  author={Cha, Junbum and Kang, Wooyoung and Mun, Jonghwan and Roh, Byungseok},
  booktitle={Proceedings of the IEEE/CVF Conference on Computer Vision and Pattern Recognition},
  pages={13817--13827},
  year={2024}
}
@inproceedings{li2023blip,
  title={Blip-2: Bootstrapping language-image pre-training with frozen image encoders and large language models},
  author={Li, Junnan and Li, Dongxu and Savarese, Silvio and Hoi, Steven},
  booktitle={International conference on machine learning},
  pages={19730--19742},
  year={2023},
  organization={PMLR}
}
@inproceedings{li2023blip,
  title={Blip-2: Bootstrapping language-image pre-training with frozen image encoders and large language models},
  author={Li, Junnan and Li, Dongxu and Savarese, Silvio and Hoi, Steven},
  booktitle={International conference on machine learning},
  pages={19730--19742},
  year={2023},
  organization={PMLR}
}
@article{kong2024hunyuanvideo,
  title={HunyuanVideo: A Systematic Framework For Large Video Generative Models},
  author={Kong, Weijie and Tian, Qi and Zhang, Zijian and Min, Rox and Dai, Zuozhuo and Zhou, Jin and Xiong, Jiangfeng and Li, Xin and Wu, Bo and Zhang, Jianwei and others},
  journal={arXiv preprint arXiv:2412.03603},
  year={2024}
}
@article{yuan2024identity,
  title={Identity-Preserving Text-to-Video Generation by Frequency Decomposition},
  author={Yuan, Shenghai and Huang, Jinfa and He, Xianyi and Ge, Yunyuan and Shi, Yujun and Chen, Liuhan and Luo, Jiebo and Yuan, Li},
  journal={arXiv preprint arXiv:2411.17440},
  year={2024}
}
@inproceedings{ma2024cvthead,
  title={CVTHead: One-shot Controllable Head Avatar with Vertex-feature Transformer},
  author={Ma, Haoyu and Zhang, Tong and Sun, Shanlin and Yan, Xiangyi and Han, Kun and Xie, Xiaohui},
  booktitle={Proceedings of the IEEE/CVF Winter Conference on Applications of Computer Vision},
  pages={6131--6141},
  year={2024}
}
@inproceedings{Deng2020CVPR,
title = {RetinaFace: Single-Shot Multi-Level Face Localisation in the Wild},
author = {Deng, Jiankang and Guo, Jia and Ververas, Evangelos and Kotsia, Irene and Zafeiriou, Stefanos},
booktitle = {CVPR},
year = {2020}
}
@inproceedings{zhu2022celebvhq,
  title={{CelebV-HQ}: A Large-Scale Video Facial Attributes Dataset},
  author={Zhu, Hao and Wu, Wayne and Zhu, Wentao and Jiang, Liming and Tang, Siwei and Zhang, Li and Liu, Ziwei and Loy, Chen Change},
  booktitle={ECCV},
  year={2022}
}
@article{nan2024openvid,
  title={OpenVid-1M: A Large-Scale High-Quality Dataset for Text-to-video Generation},
  author={Nan, Kepan and Xie, Rui and Zhou, Penghao and Fan, Tiehan and Yang, Zhenheng and Chen, Zhijie and Li, Xiang and Yang, Jian and Tai, Ying},
  journal={arXiv preprint arXiv:2407.02371},
  year={2024}
}
@inproceedings{redmon2016you,
  title={You only look once: Unified, real-time object detection},
  author={Redmon, J},
  booktitle={Proceedings of the IEEE conference on computer vision and pattern recognition},
  year={2016}
}
@article{wang2024yolov10,
  title={Yolov10: Real-time end-to-end object detection},
  author={Wang, Ao and Chen, Hui and Liu, Lihao and Chen, Kai and Lin, Zijia and Han, Jungong and Ding, Guiguang},
  journal={arXiv preprint arXiv:2405.14458},
  year={2024}
}
@inproceedings{zhou2017east,
  title={East: an efficient and accurate scene text detector},
  author={Zhou, Xinyu and Yao, Cong and Wen, He and Wang, Yuzhi and Zhou, Shuchang and He, Weiran and Liang, Jiajun},
  booktitle={Proceedings of the IEEE conference on Computer Vision and Pattern Recognition},
  pages={5551--5560},
  year={2017}
}
@article{liao2022real,
  title={Real-time scene text detection with differentiable binarization and adaptive scale fusion},
  author={Liao, Minghui and Zou, Zhisheng and Wan, Zhaoyi and Yao, Cong and Bai, Xiang},
  journal={IEEE transactions on pattern analysis and machine intelligence},
  volume={45},
  number={1},
  pages={919--931},
  year={2022},
  publisher={IEEE}
}
@article{heusel2017gans,
  title={Gans trained by a two time-scale update rule converge to a local nash equilibrium},
  author={Heusel, Martin and Ramsauer, Hubert and Unterthiner, Thomas and Nessler, Bernhard and Hochreiter, Sepp},
  journal={Advances in neural information processing systems},
  volume={30},
  year={2017}
}
@inproceedings{farneback2003two,
  title={Two-frame motion estimation based on polynomial expansion},
  author={Farneb{\"a}ck, Gunnar},
  booktitle={Image Analysis: 13th Scandinavian Conference, SCIA 2003 Halmstad, Sweden, June 29--July 2, 2003 Proceedings 13},
  pages={363--370},
  year={2003},
  organization={Springer}
}
@article{comas2024magicmirror,
  title={MagicMirror: Fast and High-Quality Avatar Generation with a Constrained Search Space},
  author={Comas-Massagu{\'e}, Armand and Qiu, Di and Chai, Menglei and B{\"u}hler, Marcel and Raj, Amit and Gao, Ruiqi and Xu, Qiangeng and Matthews, Mark and Gotardo, Paulo and Camps, Octavia and others},
  journal={arXiv preprint arXiv:2404.01296},
  year={2024}
}
@article{guo2023animatediff,
  title={Animatediff: Animate your personalized text-to-image diffusion models without specific tuning},
  author={Guo, Yuwei and Yang, Ceyuan and Rao, Anyi and Liang, Zhengyang and Wang, Yaohui and Qiao, Yu and Agrawala, Maneesh and Lin, Dahua and Dai, Bo},
  journal={arXiv preprint arXiv:2307.04725},
  year={2023}
}
@article{yu2023language,
  title={Language Model Beats Diffusion--Tokenizer is Key to Visual Generation},
  author={Yu, Lijun and Lezama, Jos{\'e} and Gundavarapu, Nitesh B and Versari, Luca and Sohn, Kihyuk and Minnen, David and Cheng, Yong and Birodkar, Vighnesh and Gupta, Agrim and Gu, Xiuye and others},
  journal={arXiv preprint arXiv:2310.05737},
  year={2023}
}
@inproceedings{peebles2023scalable,
  title={Scalable diffusion models with transformers},
  author={Peebles, William and Xie, Saining},
  booktitle={Proceedings of the IEEE/CVF International Conference on Computer Vision},
  pages={4195--4205},
  year={2023}
}
@inproceedings{ronneberger2015u,
  title={U-net: Convolutional networks for biomedical image segmentation},
  author={Ronneberger, Olaf and Fischer, Philipp and Brox, Thomas},
  booktitle={Medical image computing and computer-assisted intervention--MICCAI 2015: 18th international conference, Munich, Germany, October 5-9, 2015, proceedings, part III 18},
  pages={234--241},
  year={2015},
  organization={Springer}
}