@ARTICLE{10288131,
  author={Chaddad, Ahmad and Wu, Yihang and Desrosiers, Christian},
  journal={IEEE Internet of Things Journal}, 
  title={Federated Learning for Healthcare Applications}, 
  year={2024},
  volume={11},
  number={5},
  pages={7339-7358},
  keywords={Medical services;Data models;Training;Data privacy;Artificial intelligence;Federated learning;Medical diagnostic imaging;Artificial intelligence (AI);data privacy;federated learning (FL);healthcare;medical imaging},
  doi={10.1109/JIOT.2023.3325822}}

@article{chen2024benchmarking,
  title={Benchmarking robustness of adaptation methods on pre-trained vision-language models},
  author={Chen, Shuo and Gu, Jindong and Han, Zhen and Ma, Yunpu and Torr, Philip and Tresp, Volker},
  journal={Advances in Neural Information Processing Systems},
  volume={36},
  year={2024}
}

@inproceedings{chen2024feddat,
  title={Feddat: An approach for foundation model finetuning in multi-modal heterogeneous federated learning},
  author={Chen, Haokun and Zhang, Yao and Krompass, Denis and Gu, Jindong and Tresp, Volker},
  booktitle={Proceedings of the AAAI Conference on Artificial Intelligence},
  volume={38},
  number={10},
  pages={11285--11293},
  year={2024}
}

@article{fan2024improving,
  title={Improving clip training with language rewrites},
  author={Fan, Lijie and Krishnan, Dilip and Isola, Phillip and Katabi, Dina and Tian, Yonglong},
  journal={Advances in Neural Information Processing Systems},
  volume={36},
  year={2024}
}

@inproceedings{guo2023pfedprompt,
  title={Pfedprompt: Learning personalized prompt for vision-language models in federated learning},
  author={Guo, Tao and Guo, Song and Wang, Junxiao},
  booktitle={Proceedings of the ACM Web Conference 2023},
  pages={1364--1374},
  year={2023}
}

@article{guo2023promptfl,
  title={Promptfl: Let federated participants cooperatively learn prompts instead of models-federated learning in age of foundation model},
  author={Guo, Tao and Guo, Song and Wang, Junxiao and Tang, Xueyang and Xu, Wenchao},
  journal={IEEE Transactions on Mobile Computing},
  year={2023},
  publisher={IEEE}
}

@article{lee2024federated,
  title={Federated Learning-Empowered Mobile Network Management for 5G and Beyond Networks: From Access to Core},
  author={Lee, Joohyung and Solat, Faranaksadat and Kim, Tae Yeon and Poor, H Vincent},
  journal={IEEE Communications Surveys \& Tutorials},
  year={2024},
  publisher={IEEE}
}

@article{li2020federated,
  title={Federated optimization in heterogeneous networks},
  author={Li, Tian and Sahu, Anit Kumar and Zaheer, Manzil and Sanjabi, Maziar and Talwalkar, Ameet and Smith, Virginia},
  journal={Proceedings of Machine learning and systems},
  volume={2},
  pages={429--450},
  year={2020}
}

@article{li2021fedbn,
  title={Fedbn: Federated learning on non-iid features via local batch normalization},
  author={Li, Xiaoxiao and Jiang, Meirui and Zhang, Xiaofei and Kamp, Michael and Dou, Qi},
  journal={arXiv preprint arXiv:2102.07623},
  year={2021}
}

@inproceedings{li2021model,
  title={Model-contrastive federated learning},
  author={Li, Qinbin and He, Bingsheng and Song, Dawn},
  booktitle={Proceedings of the IEEE/CVF conference on computer vision and pattern recognition},
  pages={10713--10722},
  year={2021}
}

@inproceedings{lu2023fedclip,
title={{Fedclip}: {Fast} {Generalization} {and} {Personalization} {for} {CLIP} {in} {Federated} {Learning}},
author={Wang Lu and Xixu HU and Jindong Wang and Xing Xie},
booktitle={ICLR 2023 Workshop on Trustworthy and Reliable Large-Scale Machine Learning Models },
year={2023},
}

@inproceedings{mcmahan2017communication,
  title={Communication-efficient learning of deep networks from decentralized data},
  author={McMahan, Brendan and Moore, Eider and Ramage, Daniel and Hampson, Seth and y Arcas, Blaise Aguera},
  booktitle={Artificial intelligence and statistics},
  pages={1273--1282},
  year={2017},
  organization={PMLR}
}

@inproceedings{qin2023fedapen,
  title={FedAPEN: personalized cross-silo federated learning with adaptability to statistical heterogeneity},
  author={Qin, Zhen and Deng, Shuiguang and Zhao, Mingyu and Yan, Xueqiang},
  booktitle={Proceedings of the 29th ACM SIGKDD Conference on Knowledge Discovery and Data Mining},
  pages={1954--1964},
  year={2023}
}

@inproceedings{qu2022generalized,
  title={Generalized federated learning via sharpness aware minimization},
  author={Qu, Zhe and Li, Xingyu and Duan, Rui and Liu, Yao and Tang, Bo and Lu, Zhuo},
  booktitle={International conference on machine learning},
  pages={18250--18280},
  year={2022},
  organization={PMLR}
}

@inproceedings{radford2021learning,
  title={Learning transferable visual models from natural language supervision},
  author={Radford, Alec and Kim, Jong Wook and Hallacy, Chris and Ramesh, Aditya and Goh, Gabriel and Agarwal, Sandhini and Sastry, Girish and Askell, Amanda and Mishkin, Pamela and Clark, Jack and others},
  booktitle={International conference on machine learning},
  pages={8748--8763},
  year={2021},
  organization={PMLR}
}

@article{sattler2019robust,
  title={Robust and communication-efficient federated learning from non-iid data},
  author={Sattler, Felix and Wiedemann, Simon and M{\"u}ller, Klaus-Robert and Samek, Wojciech},
  journal={IEEE transactions on neural networks and learning systems},
  volume={31},
  number={9},
  pages={3400--3413},
  year={2019},
  publisher={IEEE}
}

@inproceedings{shi2024clip,
  title={CLIP-Guided Federated Learning on Heterogeneity and Long-Tailed Data},
  author={Shi, Jiangming and Zheng, Shanshan and Yin, Xiangbo and Lu, Yang and Xie, Yuan and Qu, Yanyun},
  booktitle={Proceedings of the AAAI Conference on Artificial Intelligence},
  volume={38},
  number={13},
  pages={14955--14963},
  year={2024}
}

@inproceedings{singha2023ad,
  title={Ad-clip: Adapting domains in prompt space using clip},
  author={Singha, Mainak and Pal, Harsh and Jha, Ankit and Banerjee, Biplab},
  booktitle={Proceedings of the IEEE/CVF International Conference on Computer Vision},
  pages={4355--4364},
  year={2023}
}

@article{tu2024closer,
  title={A closer look at the robustness of contrastive language-image pre-training (clip)},
  author={Tu, Weijie and Deng, Weijian and Gedeon, Tom},
  journal={Advances in Neural Information Processing Systems},
  volume={36},
  year={2024}
}

@article{voigt2017eu,
  title={The eu general data protection regulation (gdpr)},
  author={Voigt, Paul and Von dem Bussche, Axel},
  journal={A Practical Guide, 1st Ed., Cham: Springer International Publishing},
  volume={10},
  number={3152676},
  pages={10--5555},
  year={2017},
  publisher={Springer}
}

@inproceedings{yuan2021we,
  title={What Do We Mean by Generalization in Federated Learning?},
  author={Yuan, Honglin and Morningstar, Warren Richard and Ning, Lin and Singhal, Karan},
  booktitle={International Conference on Learning Representations},
  year={2022}
}

@inproceedings{zanella2024low,
  title={Low-Rank Few-Shot Adaptation of Vision-Language Models},
  author={Zanella, Maxime and Ben Ayed, Ismail},
  booktitle={Proceedings of the IEEE/CVF Conference on Computer Vision and Pattern Recognition},
  pages={1593--1603},
  year={2024}
}

@inproceedings{zhang2023federated,
  title={Federated domain generalization with generalization adjustment},
  author={Zhang, Ruipeng and Xu, Qinwei and Yao, Jiangchao and Zhang, Ya and Tian, Qi and Wang, Yanfeng},
  booktitle={Proceedings of the IEEE/CVF Conference on Computer Vision and Pattern Recognition},
  pages={3954--3963},
  year={2023}
}

