@inproceedings{venkateswara2017deep,
  title={Deep hashing network for unsupervised domain adaptation},
  author={Venkateswara, Hemanth and Eusebio, Jose and Chakraborty, Shayok and Panchanathan, Sethuraman},
  booktitle={Proceedings of the IEEE conference on computer vision and pattern recognition},
  pages={5018--5027},
  year={2017}
}


@inproceedings{galdran2021balanced,
  title={Balanced-mixup for highly imbalanced medical image classification},
  author={Galdran, Adrian and Carneiro, Gustavo and Gonz{\'a}lez Ballester, Miguel A},
  booktitle={Medical Image Computing and Computer Assisted Intervention--MICCAI 2021: 24th International Conference, Strasbourg, France, September 27--October 1, 2021, Proceedings, Part V 24},
  pages={323--333},
  year={2021},
  organization={Springer}
}
@article{Borgli2020,
  title = {{HyperKvasir, a comprehensive multi-class
    image and video dataset for gastrointestinal endoscopy}},
  author = {
    Borgli, Hanna and Thambawita, Vajira and
    Smedsrud, Pia H and Hicks, Steven and Jha, Debesh and
    Eskeland, Sigrun L and Randel, Kristin Ranheim and
    Pogorelov, Konstantin and Lux, Mathias and
    Nguyen, Duc Tien Dang and Johansen, Dag and
    Griwodz, Carsten and Stensland, H{\aa}kon K and
    Garcia-Ceja, Enrique and Schmidt, Peter T and
    Hammer, Hugo L and Riegler, Michael A and
    Halvorsen, P{\aa}l and de Lange, Thomas
  },
  doi = {10.1038/s41597-020-00622-y},
  issn = {2052-4463},
  journal = {Scientific Data},
  number = {1},
  pages = {283},
  url = {https://doi.org/10.1038/s41597-020-00622-y},
  volume = {7},
  year = {2020}
}

@misc{DermNet,
	title={Dermnet},
	url={https://www.kaggle.com/datasets/shubhamgoel27/dermnet},
	DOI={},
	publisher={Kaggle},
howpublished = {\url{https://www.kaggle.com/datasets/shubhamgoel27/dermnet}},
	author={DermNet NZ},
	year={2020}
}

@article{peng2017visda,
  title={Visda: The visual domain adaptation challenge},
  author={Peng, Xingchao and Usman, Ben and Kaushik, Neela and Hoffman, Judy and Wang, Dequan and Saenko, Kate},
  journal={arXiv preprint arXiv:1710.06924},
  year={2017}
}
@INPROCEEDINGS{Adaptiope,
  author={Ringwald, Tobias and Stiefelhagen, Rainer},
  booktitle={2021 IEEE Winter Conference on Applications of Computer Vision (WACV)}, 
  title={Adaptiope: {A} Modern Benchmark for Unsupervised Domain Adaptation}, 
  year={2021},
  volume={},
  number={},
  pages={101-110},
  }
@inproceedings{zhou2022conditional,
  title={Conditional prompt learning for vision-language models},
  author={Zhou, Kaiyang and Yang, Jingkang and Loy, Chen Change and Liu, Ziwei},
  booktitle={Proceedings of the IEEE/CVF conference on computer vision and pattern recognition},
  pages={16816--16825},
  year={2022}
}
@article{chen2024benchmarking,
  title={Benchmarking robustness of adaptation methods on pre-trained vision-language models},
  author={Chen, Shuo and Gu, Jindong and Han, Zhen and Ma, Yunpu and Torr, Philip and Tresp, Volker},
  journal={Advances in Neural Information Processing Systems},
  volume={36},
  year={2024}
}
@inproceedings{qin2023fedapen,
  title={FedAPEN: personalized cross-silo federated learning with adaptability to statistical heterogeneity},
  author={Qin, Zhen and Deng, Shuiguang and Zhao, Mingyu and Yan, Xueqiang},
  booktitle={Proceedings of the 29th ACM SIGKDD Conference on Knowledge Discovery and Data Mining},
  pages={1954--1964},
  year={2023}
}
@ARTICLE{10083185,
  author={You, Chaoqun and Guo, Kun and Feng, Gang and Yang, Peng and Quek, Tony Q. S.},
  journal={IEEE Internet of Things Journal}, 
  title={Automated Federated Learning in Mobile-Edge Networks—Fast Adaptation and Convergence}, 
  year={2023},
  volume={10},
  number={15},
  pages={13571-13586},
  keywords={Adaptation models;Convergence;Data models;Computational modeling;Servers;Resource management;Optimization;Fast adaptation and convergence;federated learning (FL);mobile-edge networks;model-agnostic meta learning (MAML)},
  doi={10.1109/JIOT.2023.3262664}}
@ARTICLE{10681457,
  author={Rafi, Houda and Benezeth, Yannick and Song, Fan Yang and Reynaud, Philippe and Arnoux, Emmanuel and Demonceaux, Cedric},
  journal={IEEE Internet of Things Journal}, 
  title={Tree-Based Personalized Clustered Federated Learning: A Driver Stress Monitoring Through Physiological Data Case Study}, 
  year={2024},
  volume={},
  number={},
  pages={1-1},
  keywords={Biomedical monitoring;Stress;Vehicles;Federated learning;Data models;Monitoring;Data privacy;Artificial intelligence;Driver stress monitoring;Physiological data;Privacy preserving machine learning;Federated Learning;Clustered Federated Learning;Non-IID data;Model personalization},
  doi={10.1109/JIOT.2024.3462302}}
@ARTICLE{9868083,
  author={Khoa, Tran Viet and Hoang, Dinh Thai and Trung, Nguyen Linh and Nguyen, Cong T. and Quynh, Tran Thi Thuy and Nguyen, Diep N. and Ha, Nguyen Viet and Dutkiewicz, Eryk},
  journal={IEEE Internet of Things Journal}, 
  title={Deep Transfer Learning: A Novel Collaborative Learning Model for Cyberattack Detection Systems in IoT Networks}, 
  year={2023},
  volume={10},
  number={10},
  pages={8578-8589},
  keywords={Cyberattack;Data models;Transfer learning;Collaborative work;Feature extraction;Deep learning;Servers;Cyberattack detection;cybersecurity;deep learning (DL);federated learning (FL);Internet of Things (IoT);transfer learning (TL)},
  doi={10.1109/JIOT.2022.3202029}}
@inproceedings{li2017deeper,
  title={Deeper, broader and artier domain generalization},
  author={Li, Da and Yang, Yongxin and Song, Yi-Zhe and Hospedales, Timothy M},
  booktitle={Proceedings of the IEEE international conference on computer vision},
  pages={5542--5550},
  year={2017}
}
@inproceedings{wu2024facmic,
  title={FACMIC: Federated Adaptative CLIP Model for Medical Image Classification},
  author={Wu, Yihang and Desrosiers, Christian and Chaddad, Ahmad},
  booktitle={International Conference on Medical Image Computing and Computer-Assisted Intervention},
  pages={531--541},
  year={2024},
  organization={Springer}
}

@ARTICLE{10330583,
  author={Zhang, Huaicheng and Liu, Wenhan and Li, Zhoutong and Shi, Jiguang and Chang, Sheng and Wang, Hao and He, Jin and Huang, Qijun},
  journal={IEEE Internet of Things Journal}, 
  title={SIGxCL: A Signal–Image–Graph Cross-Modal Contrastive Learning Framework for CVD Diagnosis Based on Internet of Medical Things}, 
  year={2024},
  volume={11},
  number={7},
  pages={12984-13001},
  keywords={Electrocardiography;Task analysis;Internet of Medical Things;Data models;Tuning;Physiology;Training;Contrastive learning (CL);cross-modal;electrocardiogram (ECG);Internet of Medical Things (IoMT);self-supervised learning (SSL)},
  doi={10.1109/JIOT.2023.3336915}}

@inproceedings{singha2023ad,
  title={Ad-clip: Adapting domains in prompt space using clip},
  author={Singha, Mainak and Pal, Harsh and Jha, Ankit and Banerjee, Biplab},
  booktitle={Proceedings of the IEEE/CVF International Conference on Computer Vision},
  pages={4355--4364},
  year={2023}
}
@article{pan2010domain,
  title={Domain adaptation via transfer component analysis},
  author={Pan, Sinno Jialin and Tsang, Ivor W and Kwok, James T and Yang, Qiang},
  journal={IEEE transactions on neural networks},
  volume={22},
  number={2},
  pages={199--210},
  year={2010},
  publisher={IEEE}
}
@article{tschandl2018ham10000,
  title={The HAM10000 dataset, a large collection of multi-source dermatoscopic images of common pigmented skin lesions},
  author={Tschandl, Philipp and Rosendahl, Cliff and Kittler, Harald},
  journal={Scientific data},
  volume={5},
  number={1},
  pages={1--9},
  year={2018},
  publisher={Nature Publishing Group}
}
@article{combalia2019bcn20000,
  title={Bcn20000: Dermoscopic lesions in the wild},
  author={Combalia, Marc and Codella, Noel CF and Rotemberg, Veronica and Helba, Brian and Vilaplana, Veronica and Reiter, Ofer and Carrera, Cristina and Barreiro, Alicia and Halpern, Allan C and Puig, Susana and others},
  journal={arXiv preprint arXiv:1908.02288},
  year={2019}
}
@inproceedings{zanella2024low,
  title={Low-Rank Few-Shot Adaptation of Vision-Language Models},
  author={Zanella, Maxime and Ben Ayed, Ismail},
  booktitle={Proceedings of the IEEE/CVF Conference on Computer Vision and Pattern Recognition},
  pages={1593--1603},
  year={2024}
}

@article{hu2021lora,
  title={Lora: Low-rank adaptation of large language models},
  author={Hu, Edward J and Shen, Yelong and Wallis, Phillip and Allen-Zhu, Zeyuan and Li, Yuanzhi and Wang, Shean and Wang, Lu and Chen, Weizhu},
  journal={arXiv preprint arXiv:2106.09685},
  year={2021}
}
@inproceedings{codella2018skin,
  title={Skin lesion analysis toward melanoma detection: A challenge at the 2017 international symposium on biomedical imaging (isbi), hosted by the international skin imaging collaboration (isic)},
  author={Codella, Noel CF and Gutman, David and Celebi, M Emre and Helba, Brian and Marchetti, Michael A and Dusza, Stephen W and Kalloo, Aadi and Liopyris, Konstantinos and Mishra, Nabin and Kittler, Harald and others},
  booktitle={2018 IEEE 15th international symposium on biomedical imaging (ISBI 2018)},
  pages={168--172},
  year={2018},
  organization={IEEE}
}


@article{wang2019learning,
  title={Learning robust global representations by penalizing local predictive power},
  author={Wang, Haohan and Ge, Songwei and Lipton, Zachary and Xing, Eric P},
  journal={Advances in Neural Information Processing Systems},
  volume={32},
  year={2019}
}

@article{girshick2015region,
  title={Region-based convolutional networks for accurate object detection and segmentation},
  author={Girshick, Ross and Donahue, Jeff and Darrell, Trevor and Malik, Jitendra},
  journal={IEEE transactions on pattern analysis and machine intelligence},
  volume={38},
  number={1},
  pages={142--158},
  year={2015},
  publisher={IEEE}
}

@article{vaswani2017attention,
  title={Attention is all you need},
  author={Vaswani, Ashish and Shazeer, Noam and Parmar, Niki and Uszkoreit, Jakob and Jones, Llion and Gomez, Aidan N and Kaiser, {\L}ukasz and Polosukhin, Illia},
  journal={Advances in neural information processing systems},
  volume={30},
  year={2017}
}

@article{kingma2014adam,
  title={Adam: A method for stochastic optimization},
  author={Kingma, Diederik P and Ba, Jimmy},
  journal={arXiv preprint arXiv:1412.6980},
  year={2014}
}

@inproceedings{fei2021z,
  title={Z-score normalization, hubness, and few-shot learning},
  author={Fei, Nanyi and Gao, Yizhao and Lu, Zhiwu and Xiang, Tao},
  booktitle={Proceedings of the IEEE/CVF International Conference on Computer Vision},
  pages={142--151},
  year={2021}
}

@article{voigt2017eu,
  title={The eu general data protection regulation (gdpr)},
  author={Voigt, Paul and Von dem Bussche, Axel},
  journal={A Practical Guide, 1st Ed., Cham: Springer International Publishing},
  volume={10},
  number={3152676},
  pages={10--5555},
  year={2017},
  publisher={Springer}
}

@article{chaddad2023federated,
  title={Federated learning for healthcare applications},
  author={Chaddad, Ahmad and Wu, Yihang and Desrosiers, Christian},
  journal={IEEE Internet of Things Journal},
  year={2023},
  publisher={IEEE}
}

@article{lee2024federated,
  title={Federated Learning-Empowered Mobile Network Management for 5G and Beyond Networks: From Access to Core},
  author={Lee, Joohyung and Solat, Faranaksadat and Kim, Tae Yeon and Poor, H Vincent},
  journal={IEEE Communications Surveys \& Tutorials},
  year={2024},
  publisher={IEEE}
}

@inproceedings{kim2023mixup,
  title={Mixup-Privacy: A simple yet effective approach for privacy-preserving segmentation},
  author={Kim, Bach Ngoc and Dolz, Jose and Jodoin, Pierre-Marc and Desrosiers, Christian},
  booktitle={International Conference on Information Processing in Medical Imaging},
  pages={717--729},
  year={2023},
  organization={Springer}
}

@ARTICLE{10288131,
  author={Chaddad, Ahmad and Wu, Yihang and Desrosiers, Christian},
  journal={IEEE Internet of Things Journal}, 
  title={Federated Learning for Healthcare Applications}, 
  year={2024},
  volume={11},
  number={5},
  pages={7339-7358},
  keywords={Medical services;Data models;Training;Data privacy;Artificial intelligence;Federated learning;Medical diagnostic imaging;Artificial intelligence (AI);data privacy;federated learning (FL);healthcare;medical imaging},
  doi={10.1109/JIOT.2023.3325822}}

@article{hou2022exploiting,
  title={Exploiting Adapters for Cross-Lingual Low-Resource Speech Recognition},
  author={Hou, Wenxin and Zhu, Han and Wang, Yidong and Wang, Jindong and Qin, Tao and Xu, Renjun and Shinozaki, Takahiro},
  journal={IEEE/ACM Transactions on Audio, Speech, and Language Processing},
  volume={30},
  pages={317--329},
  year={2022},
  publisher={IEEE}
}

@article{drissi2023state,
  title={A state-of-the-art on federated learning for vehicular communications},
  author={Drissi, Maroua},
  journal={Vehicular Communications},
  pages={100709},
  year={2023},
  publisher={Elsevier}
}

@article{zhang2023challenges,
  title={On the challenges and perspectives of foundation models for medical image analysis},
  author={Zhang, Shaoting and Metaxas, Dimitris},
  journal={Medical Image Analysis},
  pages={102996},
  year={2023},
  publisher={Elsevier}
}
@inproceedings{chaddad2023enhancing,
  title={Enhancing Classification Tasks through Domain Adaptation Strategies},
  author={Chaddad, Ahmad and Wu, Yihang},
  booktitle={2023 IEEE International Conference on Bioinformatics and Biomedicine (BIBM)},
  pages={1832--1835},
  year={2023},
  organization={IEEE}
}

@inproceedings{gupta2022fl,
  title={FL Games: A Federated Learning Framework for Distribution Shifts},
  author={Gupta, Sharut and Ahuja, Kartik and Havaei, Mohammad and Chatterjee, Niladri and Bengio, Yoshua},
  booktitle={Workshop on Federated Learning: Recent Advances and New Challenges (in Conjunction with NeurIPS 2022)},
  year={2022}
}
@inproceedings{qu2022generalized,
  title={Generalized federated learning via sharpness aware minimization},
  author={Qu, Zhe and Li, Xingyu and Duan, Rui and Liu, Yao and Tang, Bo and Lu, Zhuo},
  booktitle={International conference on machine learning},
  pages={18250--18280},
  year={2022},
  organization={PMLR}
}

@inproceedings{yuan2021we,
  title={What Do We Mean by Generalization in Federated Learning?},
  author={Yuan, Honglin and Morningstar, Warren Richard and Ning, Lin and Singhal, Karan},
  booktitle={International Conference on Learning Representations},
  year={2022}
}

@inproceedings{zhang2023grace,
  title={Grace: A generalized and personalized federated learning method for medical imaging},
  author={Zhang, Ruipeng and Fan, Ziqing and Xu, Qinwei and Yao, Jiangchao and Zhang, Ya and Wang, Yanfeng},
  booktitle={International Conference on Medical Image Computing and Computer-Assisted Intervention},
  pages={14--24},
  year={2023},
  organization={Springer}
}
@inproceedings{mcmahan2017communication,
  title={Communication-efficient learning of deep networks from decentralized data},
  author={McMahan, Brendan and Moore, Eider and Ramage, Daniel and Hampson, Seth and y Arcas, Blaise Aguera},
  booktitle={Artificial intelligence and statistics},
  pages={1273--1282},
  year={2017},
  organization={PMLR}
}
@inproceedings{shi2024clip,
  title={CLIP-Guided Federated Learning on Heterogeneity and Long-Tailed Data},
  author={Shi, Jiangming and Zheng, Shanshan and Yin, Xiangbo and Lu, Yang and Xie, Yuan and Qu, Yanyun},
  booktitle={Proceedings of the AAAI Conference on Artificial Intelligence},
  volume={38},
  number={13},
  pages={14955--14963},
  year={2024}
}
@article{bansal2022systematic,
  title={A systematic review on data scarcity problem in deep learning: solution and applications},
  author={Bansal, Ms Aayushi and Sharma, Dr Rewa and Kathuria, Dr Mamta},
  journal={ACM Computing Surveys (CSUR)},
  volume={54},
  number={10s},
  pages={1--29},
  year={2022},
  publisher={ACM New York, NY}
}
@inproceedings{zhang2023federated,
  title={Federated domain generalization with generalization adjustment},
  author={Zhang, Ruipeng and Xu, Qinwei and Yao, Jiangchao and Zhang, Ya and Tian, Qi and Wang, Yanfeng},
  booktitle={Proceedings of the IEEE/CVF Conference on Computer Vision and Pattern Recognition},
  pages={3954--3963},
  year={2023}
}
@inproceedings{huix2024natural,
  title={Are Natural Domain Foundation Models Useful for Medical Image Classification?},
  author={Huix, Joana Pal{\'e}s and Ganeshan, Adithya Raju and Haslum, Johan Fredin and S{\"o}derberg, Magnus and Matsoukas, Christos and Smith, Kevin},
  booktitle={Proceedings of the IEEE/CVF Winter Conference on Applications of Computer Vision},
  pages={7634--7643},
  year={2024}
}

@inproceedings{brodersen2010balanced,
  title={The balanced accuracy and its posterior distribution},
  author={Brodersen, Kay Henning and Ong, Cheng Soon and Stephan, Klaas Enno and Buhmann, Joachim M},
  booktitle={2010 20th international conference on pattern recognition},
  pages={3121--3124},
  year={2010},
  organization={IEEE}
}

@article{ganin2016domain,
  title={Domain-adversarial training of neural networks},
  author={Ganin, Yaroslav and Ustinova, Evgeniya and Ajakan, Hana and Germain, Pascal and Larochelle, Hugo and Laviolette, Fran{\c{c}}ois and March, Mario and Lempitsky, Victor},
  journal={Journal of machine learning research},
  volume={17},
  number={59},
  pages={1--35},
  year={2016}
}
@article{ruby2020binary,
  title={Binary cross entropy with deep learning technique for image classification},
  author={Ruby, Usha and Yendapalli, Vamsidhar},
  journal={Int. J. Adv. Trends Comput. Sci. Eng},
  volume={9},
  number={10},
  year={2020}
}
@article{lecun2015deep,
  title={Deep learning},
  author={LeCun, Yann and Bengio, Yoshua and Hinton, Geoffrey},
  journal={nature},
  volume={521},
  number={7553},
  pages={436--444},
  year={2015},
  publisher={Nature Publishing Group UK London}
}
@article{sattler2019robust,
  title={Robust and communication-efficient federated learning from non-iid data},
  author={Sattler, Felix and Wiedemann, Simon and M{\"u}ller, Klaus-Robert and Samek, Wojciech},
  journal={IEEE transactions on neural networks and learning systems},
  volume={31},
  number={9},
  pages={3400--3413},
  year={2019},
  publisher={IEEE}
}
@inproceedings{li2021model,
  title={Model-contrastive federated learning},
  author={Li, Qinbin and He, Bingsheng and Song, Dawn},
  booktitle={Proceedings of the IEEE/CVF conference on computer vision and pattern recognition},
  pages={10713--10722},
  year={2021}
}

@misc{BrainTumor2,
	title={Brain Tumor Classification (MRI)},
	url={https://www.kaggle.com/dsv/1183165},
	DOI={10.34740/KAGGLE/DSV/1183165},
	publisher={Kaggle},
howpublished = {\url{https://www.kaggle.com/datasets/sartajbhuvaji/brain-tumor-classification-mri}},
	author={Sartaj Bhuvaji and Ankita Kadam and Prajakta Bhumkar and Sameer Dedge and Swati Kanchan},
	year={2020}
}
@inproceedings{feng2021can,
  title={Can cross entropy loss be robust to label noise?},
  author={Feng, Lei and Shu, Senlin and Lin, Zhuoyi and Lv, Fengmao and Li, Li and An, Bo},
  booktitle={Proceedings of the twenty-ninth international conference on international joint conferences on artificial intelligence},
  pages={2206--2212},
  year={2021}
}

@inproceedings{lu2023fedclip,
title={{Fedclip}: {Fast} {Generalization} {and} {Personalization} {for} {CLIP} {in} {Federated} {Learning}},
author={Wang Lu and Xixu HU and Jindong Wang and Xing Xie},
booktitle={ICLR 2023 Workshop on Trustworthy and Reliable Large-Scale Machine Learning Models },
year={2023},
}
@ARTICLE{10835760,
  author={Chaddad, Ahmad and Wu, Yihang and Jiang, Yuchen and Bouridane, Ahmed and Desrosiers, Christian},
  journal={IEEE Transactions on Instrumentation and Measurement}, 
  title={Simulations of Common Unsupervised Domain Adaptation Algorithms for Image Classification}, 
  year={2025},
  volume={74},
  number={},
  pages={1-17},
  keywords={Training;Deep learning;Data models;Internet;Feature extraction;Adaptation models;Transformers;Training data;Sun;Medical services;Domain adaptation (DA);image classification;machine learning;medical imaging},
  doi={10.1109/TIM.2025.3527531}}
@inproceedings{chen2024feddat,
  title={Feddat: An approach for foundation model finetuning in multi-modal heterogeneous federated learning},
  author={Chen, Haokun and Zhang, Yao and Krompass, Denis and Gu, Jindong and Tresp, Volker},
  booktitle={Proceedings of the AAAI Conference on Artificial Intelligence},
  volume={38},
  number={10},
  pages={11285--11293},
  year={2024}
}
@article{tu2024closer,
  title={A closer look at the robustness of contrastive language-image pre-training (clip)},
  author={Tu, Weijie and Deng, Weijian and Gedeon, Tom},
  journal={Advances in Neural Information Processing Systems},
  volume={36},
  year={2024}
}
@inproceedings{murugesan2025robust,
  title={Robust calibration of large vision-language adapters},
  author={Murugesan, Balamurali and Silva-Rodr{\'\i}guez, Julio and Ayed, Ismail Ben and Dolz, Jose},
  booktitle={European Conference on Computer Vision},
  pages={147--165},
  year={2025},
  organization={Springer}
}
@article{mora2024enhancing,
  title={Enhancing generalization in federated learning with heterogeneous data: A comparative literature review},
  author={Mora, Alessio and Bujari, Armir and Bellavista, Paolo},
  journal={Future Generation Computer Systems},
  year={2024},
  publisher={Elsevier}
}
@inproceedings{guo2023pfedprompt,
  title={Pfedprompt: Learning personalized prompt for vision-language models in federated learning},
  author={Guo, Tao and Guo, Song and Wang, Junxiao},
  booktitle={Proceedings of the ACM Web Conference 2023},
  pages={1364--1374},
  year={2023}
}
@article{vickers2006decision,
  title={Decision curve analysis: a novel method for evaluating prediction models},
  author={Vickers, Andrew J and Elkin, Elena B},
  journal={Medical Decision Making},
  volume={26},
  number={6},
  pages={565--574},
  year={2006},
  publisher={Sage Publications Sage CA: Thousand Oaks, CA}
}

@inproceedings{peng2019moment,
  title={Moment matching for multi-source domain adaptation},
  author={Peng, Xingchao and Bai, Qinxun and Xia, Xide and Huang, Zijun and Saenko, Kate and Wang, Bo},
  booktitle={Proceedings of the IEEE/CVF international conference on computer vision},
  pages={1406--1415},
  year={2019}
}
@article{min2023large,
  title={Large scale visual food recognition},
  author={Min, Weiqing and Wang, Zhiling and Liu, Yuxin and Luo, Mengjiang and Kang, Liping and Wei, Xiaoming and Wei, Xiaolin and Jiang, Shuqiang},
  journal={IEEE Transactions on Pattern Analysis and Machine Intelligence},
  year={2023},
  publisher={IEEE}
}
@article{li2020federated,
  title={Federated optimization in heterogeneous networks},
  author={Li, Tian and Sahu, Anit Kumar and Zaheer, Manzil and Sanjabi, Maziar and Talwalkar, Ameet and Smith, Virginia},
  journal={Proceedings of Machine learning and systems},
  volume={2},
  pages={429--450},
  year={2020}
}
@article{guo2023promptfl,
  title={Promptfl: Let federated participants cooperatively learn prompts instead of models-federated learning in age of foundation model},
  author={Guo, Tao and Guo, Song and Wang, Junxiao and Tang, Xueyang and Xu, Wenchao},
  journal={IEEE Transactions on Mobile Computing},
  year={2023},
  publisher={IEEE}
}
@article{li2021fedbn,
  title={Fedbn: Federated learning on non-iid features via local batch normalization},
  author={Li, Xiaoxiao and Jiang, Meirui and Zhang, Xiaofei and Kamp, Michael and Dou, Qi},
  journal={arXiv preprint arXiv:2102.07623},
  year={2021}
}
@article{pan2009survey,
  title={A survey on transfer learning},
  author={Pan, Sinno Jialin and Yang, Qiang},
  journal={IEEE Transactions on knowledge and data engineering},
  volume={22},
  number={10},
  pages={1345--1359},
  year={2009},
  publisher={IEEE}
}
@inproceedings{radford2021learning,
  title={Learning transferable visual models from natural language supervision},
  author={Radford, Alec and Kim, Jong Wook and Hallacy, Chris and Ramesh, Aditya and Goh, Gabriel and Agarwal, Sandhini and Sastry, Girish and Askell, Amanda and Mishkin, Pamela and Clark, Jack and others},
  booktitle={International conference on machine learning},
  pages={8748--8763},
  year={2021},
  organization={PMLR}
}
@article{li2019exponential,
  title={An exponential learning rate schedule for deep learning},
  author={Li, Zhiyuan and Arora, Sanjeev},
  journal={arXiv preprint arXiv:1910.07454},
  year={2019}
}
@article{longo2023enabling,
  title={Enabling real-time remote monitoring of ships by lossless protocol transformations},
  author={Longo, Giacomo and Orlich, Alessandro and Merlo, Alessio and Russo, Enrico},
  journal={IEEE Transactions on Intelligent Transportation Systems},
  year={2023},
  publisher={IEEE}
}

@inproceedings{wu2023fediic,
  title={FedIIC: Towards robust federated learning for class-imbalanced medical image classification},
  author={Wu, Nannan and Yu, Li and Yang, Xin and Cheng, Kwang-Ting and Yan, Zengqiang},
  booktitle={International Conference on Medical Image Computing and Computer-Assisted Intervention},
  pages={692--702},
  year={2023},
  organization={Springer}
}
@inproceedings{lai2023padclip,
  title={Padclip: Pseudo-labeling with adaptive debiasing in clip for unsupervised domain adaptation},
  author={Lai, Zhengfeng and Vesdapunt, Noranart and Zhou, Ning and Wu, Jun and Huynh, Cong Phuoc and Li, Xuelu and Fu, Kah Kuen and Chuah, Chen-Nee},
  booktitle={Proceedings of the IEEE/CVF International Conference on Computer Vision},
  pages={16155--16165},
  year={2023}
}

@inproceedings{singha2023applenet,
  title={Applenet: Visual attention parameterized prompt learning for few-shot remote sensing image generalization using clip},
  author={Singha, Mainak and Jha, Ankit and Solanki, Bhupendra and Bose, Shirsha and Banerjee, Biplab},
  booktitle={Proceedings of the IEEE/CVF Conference on Computer Vision and Pattern Recognition},
  year={2023}
}
@article{gao2024clip,
  title={Clip-adapter: Better vision-language models with feature adapters},
  author={Gao, Peng and Geng, Shijie and Zhang, Renrui and Ma, Teli and Fang, Rongyao and Zhang, Yongfeng and Li, Hongsheng and Qiao, Yu},
  journal={International Journal of Computer Vision},
  volume={132},
  number={2},
  pages={581--595},
  year={2024},
  publisher={Springer}
}

@article{zirak2024improving,
  title={Improving automated program repair with domain adaptation},
  author={Zirak, Armin and Hemmati, Hadi},
  journal={ACM Transactions on Software Engineering and Methodology},
  volume={33},
  number={3},
  pages={1--43},
  year={2024},
  publisher={ACM New York, NY}
}
@ARTICLE{10454017,
  author={Wang, Hui and Zheng, Liangli and Zhao, Hanbin and Li, Shijian and Li, Xi},
  journal={IEEE Transactions on Neural Networks and Learning Systems}, 
  title={Unsupervised Domain Adaptation With Class-Aware Memory Alignment}, 
  year={2024},
  volume={},
  number={},
  pages={1-13},
  keywords={Adaptation models;Filtering;Training;Feature extraction;Task analysis;Reliability engineering;Measurement;Classification;domain adaptation;memory-based alignment;reliability-based filtering},
  doi={10.1109/TNNLS.2023.3238063}}

@ARTICLE{10275051,
  author={Zhang, Yuanming and Li, Zheng and Han, Xiangmin and Ding, Saisai and Li, Juncheng and Wang, Jun and Ying, Shihui and Shi, Jun},
  journal={IEEE Transactions on Medical Imaging}, 
  title={Pseudo-Data Based Self-Supervised Federated Learning for Classification of Histopathological Images}, 
  year={2024},
  volume={43},
  number={3},
  pages={902-915},
  keywords={Solid modeling;Data models;Training;Task analysis;Moon;Multitasking;Hospitals;Histopathological image;federated learning;multi-center learning;self-supervised learning;Barlow twins contrastive learning},
  doi={10.1109/TMI.2023.3323540}}

@ARTICLE{10250843,
  author={Wu, Huisi and Zhang, Baiming and Chen, Cheng and Qin, Jing},
  journal={IEEE Transactions on Medical Imaging}, 
  title={Federated Semi-Supervised Medical Image Segmentation via Prototype-Based Pseudo-Labeling and Contrastive Learning}, 
  year={2024},
  volume={43},
  number={2},
  pages={649-661},
  keywords={Data models;Biomedical imaging;Prototypes;Training;Distributed databases;Servers;COVID-19;Federated learning;semi-supervised segmentation;federated semi-supervised segmentation;medical imaging segmentation},
  doi={10.1109/TMI.2023.3314430}}

@ARTICLE{10198494,
  author={Lei, Baiying and Zhu, Yun and Liang, Enmin and Yang, Peng and Chen, Shaobin and Hu, Huoyou and Xie, Haoran and Wei, Ziyi and Hao, Fei and Song, Xuegang and Wang, Tianfu and Xiao, Xiaohua and Wang, Shuqiang and Han, Hongbin},
  journal={IEEE Transactions on Medical Imaging}, 
  title={Federated Domain Adaptation via Transformer for Multi-Site Alzheimer’s Disease Diagnosis}, 
  year={2023},
  volume={42},
  number={12},
  pages={3651-3664},
  keywords={Transformers;Federated learning;Adaptation models;Feature extraction;Magnetic resonance imaging;Data privacy;Hospitals;Alzheimer’s disease;domain adaptation;federated learning;transformer},
  doi={10.1109/TMI.2023.3300725}}
@ARTICLE{10107904,
  author={Xu, Xuanang and Deng, Hannah H. and Gateno, Jamie and Yan, Pingkun},
  journal={IEEE Transactions on Medical Imaging}, 
  title={Federated Multi-Organ Segmentation With Inconsistent Labels}, 
  year={2023},
  volume={42},
  number={10},
  pages={2948-2960},
  keywords={Data models;Training;Image segmentation;Feature extraction;Task analysis;Image analysis;Federated learning;Federated learning;deep learning;medical image segmentation;inconsistent labels},
  doi={10.1109/TMI.2023.3270140}}

@ARTICLE{9656127,
  author={Yao, Peng and Shen, Shuwei and Xu, Mengjuan and Liu, Peng and Zhang, Fan and Xing, Jinyu and Shao, Pengfei and Kaffenberger, Benjamin and Xu, Ronald X.},
  journal={IEEE Transactions on Medical Imaging}, 
  title={Single Model Deep Learning on Imbalanced Small Datasets for Skin Lesion Classification}, 
  year={2022},
  volume={41},
  number={5},
  pages={1242-1254},
  keywords={Lesions;Skin;Training;Task analysis;Data models;Melanoma;Medical diagnostic imaging;Skin lesion classification;dermoscopy;medical image analysis;deep learning;class imbalanced},
  doi={10.1109/TMI.2021.3136682}}
@inproceedings{lee2023image,
  title={Image-free domain generalization via clip for 3d hand pose estimation},
  author={Lee, Seongyeong and Park, Hansoo and Kim, Dong Uk and Kim, Jihyeon and Boboev, Muhammadjon and Baek, Seungryul},
  booktitle={Proceedings of the IEEE/CVF Winter Conference on Applications of Computer Vision},
  pages={2934--2944},
  year={2023}
}

@article{fan2024improving,
  title={Improving clip training with language rewrites},
  author={Fan, Lijie and Krishnan, Dilip and Isola, Phillip and Katabi, Dina and Tian, Yonglong},
  journal={Advances in Neural Information Processing Systems},
  volume={36},
  year={2024}
}

@article{sudlow2015uk,
  title={UK biobank: an open access resource for identifying the causes of a wide range of complex diseases of middle and old age},
  author={Sudlow, Cathie and Gallacher, John and Allen, Naomi and Beral, Valerie and Burton, Paul and Danesh, John and Downey, Paul and Elliott, Paul and Green, Jane and Landray, Martin and others},
  journal={PLoS medicine},
  volume={12},
  number={3},
  pages={e1001779},
  year={2015},
  publisher={Public Library of Science San Francisco, CA USA}
}

@article{van2012human,
  title={The Human Connectome Project: a data acquisition perspective},
  author={Van Essen, David C and Ugurbil, Kamil and Auerbach, Edward and Barch, Deanna and Behrens, Timothy EJ and Bucholz, Richard and Chang, Acer and Chen, Liyong and Corbetta, Maurizio and Curtiss, Sandra W and others},
  journal={Neuroimage},
  volume={62},
  number={4},
  pages={2222--2231},
  year={2012},
  publisher={Elsevier}
}

