@article{arndt2023model,
  title={Model-based deep learning approaches to the Helsinki Tomography Challenge 2022},
  author={Arndt, Clemens and Denker, Alexander and Dittmer, S{\"o}ren and Leuschner, Johannes and Nickel, Judith and Schmidt, Maximilian},
  journal={Applied Mathematics for Modern Challenges},
  volume={1},
  number={2},
  pages={87--104},
  year={2023},
  publisher={Applied Mathematics for Modern Challenges}
}

@article{barutcu2021limited,
  title={Limited-angle computed tomography with deep image and physics priors},
  author={Barutcu, Semih and Aslan, Selin and Katsaggelos, Aggelos K and G{\"u}rsoy, Do{\u{g}}a},
  journal={Scientific reports},
  volume={11},
  number={1},
  pages={17740},
  year={2021},
  publisher={Nature Publishing Group UK London}
}

@article{candes2006robust,
  title={Robust uncertainty principles: Exact signal reconstruction from highly incomplete frequency information},
  author={Cand{\`e}s, Emmanuel J and Romberg, Justin and Tao, Terence},
  journal={IEEE Transactions on information theory},
  volume={52},
  number={2},
  pages={489--509},
  year={2006},
  publisher={IEEE}
}

@incollection{estrela2016total,
  title={Total variation applications in computer vision},
  author={Estrela, Vania Vieira and Magalhaes, Hermes Aguiar and Saotome, Osamu},
  booktitle={Handbook of Research on Emerging Perspectives in Intelligent Pattern Recognition, Analysis, and Image Processing},
  pages={41--64},
  year={2016},
  publisher={IGI Global}
}

@article{ferreira2023deep,
  title={Deep image prior with sparsity constraint for limited-angle computed tomography reconstruction},
  author={Ferreira, Leonardo A and Beraldo, Roberto G and Suyama, Ricardo and Takahata, Andr{\'e} K and Sims, John A},
  journal={Applied Mathematics for Modern Challenges},
  volume={1},
  number={2},
  pages={105--125},
  year={2023},
  publisher={Applied Mathematics for Modern Challenges}
}

@article{germer2023limited,
  title={Limited-angle tomography reconstruction via deep end-to-end learning on synthetic data},
  author={Germer, Thomas and Robine, Jan and Konietzny, Sebastian and Harmeling, Stefan and Uelwer, Tobias},
  journal={arXiv preprint arXiv:2309.06948},
  year={2023}
}

@article{gilbert1972iterative,
  title={Iterative methods for the three-dimensional reconstruction of an object from projections},
  author={Gilbert, Peter},
  journal={Journal of theoretical biology},
  volume={36},
  number={1},
  pages={105--117},
  year={1972},
  publisher={Elsevier}
}

@article{gordon1970algebraic,
  title={Algebraic reconstruction techniques (ART) for three-dimensional electron microscopy and X-ray photography},
  author={Gordon, Richard and Bender, Robert and Herman, Gabor T},
  journal={Journal of theoretical Biology},
  volume={29},
  number={3},
  pages={471--481},
  year={1970},
  publisher={Elsevier}
}

@article{hounsfield1973computerized,
  title={Computerized transverse axial scanning (tomography): Part 1. Description of system},
  author={Hounsfield, Godfrey N},
  journal={The British journal of radiology},
  volume={46},
  number={552},
  pages={1016--1022},
  year={1973},
  publisher={The British Institute of Radiology}
}

@article{huang2020limited,
  title={Limited angle tomography for transmission X-ray microscopy using deep learning},
  author={Huang, Yixing and Wang, Shengxiang and Guan, Yong and Maier, Andreas},
  journal={Journal of Synchrotron Radiation},
  volume={27},
  number={2},
  pages={477--485},
  year={2020},
  publisher={International Union of Crystallography}
}

@article{kim2019extreme,
  title={Extreme few-view ct reconstruction using deep inference},
  author={Kim, Hyojin and Anirudh, Rushil and Mohan, K Aditya and Champley, Kyle},
  journal={arXiv preprint arXiv:1910.05375},
  year={2019}
}

@article{shen2018intelligent,
  title={Intelligent parameter tuning in optimization-based iterative CT reconstruction via deep reinforcement learning},
  author={Shen, Chenyang and Gonzalez, Yesenia and Chen, Liyuan and Jiang, Steve B and Jia, Xun},
  journal={IEEE transactions on medical imaging},
  volume={37},
  number={6},
  pages={1430--1439},
  year={2018},
  publisher={IEEE}
}

@inproceedings{ulyanov2018deep,
  title={Deep image prior},
  author={Ulyanov, Dmitry and Vedaldi, Andrea and Lempitsky, Victor},
  booktitle={Proceedings of the IEEE conference on computer vision and pattern recognition},
  pages={9446--9454},
  year={2018}
}

@article{wang2020deep,
  title={Deep learning based image reconstruction algorithm for limited-angle translational computed tomography},
  author={Wang, Jiaxi and Liang, Jun and Cheng, Jingye and Guo, Yumeng and Zeng, Li},
  journal={Plos one},
  volume={15},
  number={1},
  pages={e0226963},
  year={2020},
  publisher={Public Library of Science San Francisco, CA USA}
}

@article{xu2024hybrid,
  title={Hybrid U-Net and Swin-transformer network for limited-angle cardiac computed tomography},
  author={Xu, Yongshun and Han, Shuo and Wang, Dayang and Wang, Ge and Maltz, Jonathan S and Yu, Hengyong},
  journal={Physics in Medicine \& Biology},
  volume={69},
  number={10},
  pages={105012},
  year={2024},
  publisher={IOP Publishing}
}

@article{zhang2016image,
  title={Image prediction for limited-angle tomography via deep learning with convolutional neural network},
  author={Zhang, Hanming and Li, Liang and Qiao, Kai and Wang, Linyuan and Yan, Bin and Li, Lei and Hu, Guoen},
  journal={arXiv preprint arXiv:1607.08707},
  year={2016}
}

@inproceedings{zhou2019limited,
  title={Limited angle tomography reconstruction: synthetic reconstruction via unsupervised sinogram adaptation},
  author={Zhou, Bo and Lin, Xunyu and Eck, Brendan},
  booktitle={Information Processing in Medical Imaging: 26th International Conference, IPMI 2019, Hong Kong, China, June 2--7, 2019, Proceedings 26},
  pages={141--152},
  year={2019},
  organization={Springer}
}

