@article{dubey2018investigating,
  title={Investigating human priors for playing video games},
  author={Dubey, Rachit and Agrawal, Pulkit and Pathak, Deepak and Griffiths, Thomas L and Efros, Alexei A},
  journal={arXiv preprint arXiv:1802.10217},
  year={2018}
}

@article{barutcu2021limited,
  title={Limited-angle computed tomography with deep image and physics priors},
  author={Barutcu, Semih and Aslan, Selin and Katsaggelos, Aggelos K and G{\"u}rsoy, Do{\u{g}}a},
  journal={Scientific reports},
  volume={11},
  number={1},
  pages={17740},
  year={2021},
  publisher={Nature Publishing Group UK London}
}

@article{wang2023hd,
  title={HD-DCDM: Hybrid-domain network for limited-angle computed tomography with deconvolution and conditional diffusion model},
  author={Wang, Jianyu and Wang, Rongqian and Cai, Lide and Liu, Xintong and Lin, Guochang and Chen, Fukai and Qiu, Lingyun},
  journal={Applied Mathematics for Modern Challenges},
  volume={1},
  number={2},
  pages={202--218},
  year={2023},
  publisher={Applied Mathematics for Modern Challenges}
}

@article{wang2023deep,
  title={A deep learning approach using boundary shape information for limited-angle tomography reconstruction},
  author={Wang, Chao and Li, Ji},
  journal={Applied Mathematics for Modern Challenges},
  volume={1},
  number={2},
  pages={219--231},
  year={2023},
  publisher={Applied Mathematics for Modern Challenges}
}


@article{yousefi2011image,
  title={Image binarization using Otsu thresholding algorithm},
  author={Yousefi, Jamileh},
  journal={Ontario, Canada: University of Guelph},
  volume={10},
  year={2011}
}

@article{matthews1975comparison,
  title={Comparison of the predicted and observed secondary structure of T4 phage lysozyme},
  author={Matthews, Brian W},
  journal={Biochimica et Biophysica Acta (BBA)-Protein Structure},
  volume={405},
  number={2},
  pages={442--451},
  year={1975},
  publisher={Elsevier}
}

@misc{csheaff_filt_back_proj,
  author = {csheaff},
  title = {Filtered backprojection in Python without explicit use of Radon transform functions},
  year = {2018},
  howpublished = {\url{https://github.com/csheaff/filt-back-proj/blob/master/py/filtbackproj.py}},
  note = {Commit OID: a174f51aa8d9c19c1c943e725f1befd83a582088}
}

@article{paszke2017automatic,
  title={Automatic differentiation in PyTorch},
  author={Paszke, Adam and Gross, Sam and Chintala, Soumith and Chanan, Gregory and Yang, Edward and DeVito, Zachary and Lin, Zeming and Desmaison, Alban and Antiga, Luca and Lerer, Adam},
  year={2017}
}

@article{torch_radon,
Author = {Matteo Ronchetti},
Title = {TorchRadon: Fast Differentiable Routines for Computed Tomography},
Year = {2020},
Eprint = {arXiv:2009.14788},
journal={arXiv preprint arXiv:2009.14788},
}

@misc{rice_dsp_project_1996,
  author       = {Rice University},
  title        = {Digital Signal Processing Project},
  year         = {1996},
  howpublished = {\url{https://www.clear.rice.edu/elec431/projects96/DSP/index.html}},
  note         = {Accessed: 24 Nov 2024}
}

@article{gordon1970algebraic,
  title={Algebraic reconstruction techniques (ART) for three-dimensional electron microscopy and X-ray photography},
  author={Gordon, Richard and Bender, Robert and Herman, Gabor T},
  journal={Journal of theoretical Biology},
  volume={29},
  number={3},
  pages={471--481},
  year={1970},
  publisher={Elsevier}
}

@book{hadamard2014lectures,
  title={Lectures on Cauchy's problem in linear partial differential equations},
  author={Hadamard, Jacques},
  year={2014},
  publisher={Courier Corporation}
}

@article{shen2018intelligent,
  title={Intelligent parameter tuning in optimization-based iterative CT reconstruction via deep reinforcement learning},
  author={Shen, Chenyang and Gonzalez, Yesenia and Chen, Liyuan and Jiang, Steve B and Jia, Xun},
  journal={IEEE transactions on medical imaging},
  volume={37},
  number={6},
  pages={1430--1439},
  year={2018},
  publisher={IEEE}
}

@article{kim2019extreme,
  title={Extreme few-view ct reconstruction using deep inference},
  author={Kim, Hyojin and Anirudh, Rushil and Mohan, K Aditya and Champley, Kyle},
  journal={arXiv preprint arXiv:1910.05375},
  year={2019}
}

@article{huang2019traditional,
  title={Traditional machine learning for limited angle tomography},
  author={Huang, Yixing and Lu, Yanye and Taubmann, Oliver and Lauritsch, Guenter and Maier, Andreas},
  journal={International journal of computer assisted radiology and surgery},
  volume={14},
  pages={11--19},
  year={2019},
  publisher={Springer}
}

@article{beylkin1987discrete,
  title={Discrete radon transform},
  author={Beylkin, Gregory},
  journal={IEEE transactions on acoustics, speech, and signal processing},
  volume={35},
  number={2},
  pages={162--172},
  year={1987},
  publisher={IEEE}
}

@article{zhang2016image,
  title={Image prediction for limited-angle tomography via deep learning with convolutional neural network},
  author={Zhang, Hanming and Li, Liang and Qiao, Kai and Wang, Linyuan and Yan, Bin and Li, Lei and Hu, Guoen},
  journal={arXiv preprint arXiv:1607.08707},
  year={2016}
}

@article{wang2021early,
  title={Early stopping for deep image prior},
  author={Wang, Hengkang and Li, Taihui and Zhuang, Zhong and Chen, Tiancong and Liang, Hengyue and Sun, Ju},
  journal={arXiv preprint arXiv:2112.06074},
  year={2021}
}

@article{shannon1948mathematical,
  title={A mathematical theory of communication},
  author={Shannon, Claude Elwood},
  journal={The Bell system technical journal},
  volume={27},
  number={3},
  pages={379--423},
  year={1948},
  publisher={Nokia Bell Labs}
}

@article{candes2006robust,
  title={Robust uncertainty principles: Exact signal reconstruction from highly incomplete frequency information},
  author={Cand{\`e}s, Emmanuel J and Romberg, Justin and Tao, Terence},
  journal={IEEE Transactions on information theory},
  volume={52},
  number={2},
  pages={489--509},
  year={2006},
  publisher={IEEE}
}

@article{ferreira2023deep,
  title={Deep image prior with sparsity constraint for limited-angle computed tomography reconstruction},
  author={Ferreira, Leonardo A and Beraldo, Roberto G and Suyama, Ricardo and Takahata, Andr{\'e} K and Sims, John A},
  journal={Applied Mathematics for Modern Challenges},
  volume={1},
  number={2},
  pages={105--125},
  year={2023},
  publisher={Applied Mathematics for Modern Challenges}
}

@article{gilbert1972iterative,
  title={Iterative methods for the three-dimensional reconstruction of an object from projections},
  author={Gilbert, Peter},
  journal={Journal of theoretical biology},
  volume={36},
  number={1},
  pages={105--117},
  year={1972},
  publisher={Elsevier}
}

@article{wang2020end,
  title={An end-to-end deep network for reconstructing CT images directly from sparse sinograms},
  author={Wang, Wei and Xia, Xiang-Gen and He, Chuanjiang and Ren, Zemin and Lu, Jian and Wang, Tianfu and Lei, Baiying},
  journal={IEEE Transactions on Computational Imaging},
  volume={6},
  pages={1548--1560},
  year={2020},
  publisher={IEEE}
}

@inproceedings{zhou2019limited,
  title={Limited angle tomography reconstruction: synthetic reconstruction via unsupervised sinogram adaptation},
  author={Zhou, Bo and Lin, Xunyu and Eck, Brendan},
  booktitle={Information Processing in Medical Imaging: 26th International Conference, IPMI 2019, Hong Kong, China, June 2--7, 2019, Proceedings 26},
  pages={141--152},
  year={2019},
  organization={Springer}
}

@article{arndt2023model,
  title={Model-based deep learning approaches to the Helsinki Tomography Challenge 2022},
  author={Arndt, Clemens and Denker, Alexander and Dittmer, S{\"o}ren and Leuschner, Johannes and Nickel, Judith and Schmidt, Maximilian},
  journal={Applied Mathematics for Modern Challenges},
  volume={1},
  number={2},
  pages={87--104},
  year={2023},
  publisher={Applied Mathematics for Modern Challenges}
}

@article{wang2020deep,
  title={Deep learning based image reconstruction algorithm for limited-angle translational computed tomography},
  author={Wang, Jiaxi and Liang, Jun and Cheng, Jingye and Guo, Yumeng and Zeng, Li},
  journal={Plos one},
  volume={15},
  number={1},
  pages={e0226963},
  year={2020},
  publisher={Public Library of Science San Francisco, CA USA}
}

@article{xu2024hybrid,
  title={Hybrid U-Net and Swin-transformer network for limited-angle cardiac computed tomography},
  author={Xu, Yongshun and Han, Shuo and Wang, Dayang and Wang, Ge and Maltz, Jonathan S and Yu, Hengyong},
  journal={Physics in Medicine \& Biology},
  volume={69},
  number={10},
  pages={105012},
  year={2024},
  publisher={IOP Publishing}
}

@article{huang2020limited,
  title={Limited angle tomography for transmission X-ray microscopy using deep learning},
  author={Huang, Yixing and Wang, Shengxiang and Guan, Yong and Maier, Andreas},
  journal={Journal of Synchrotron Radiation},
  volume={27},
  number={2},
  pages={477--485},
  year={2020},
  publisher={International Union of Crystallography}
}

@article{hounsfield1973computerized,
  title={Computerized transverse axial scanning (tomography): Part 1. Description of system},
  author={Hounsfield, Godfrey N},
  journal={The British journal of radiology},
  volume={46},
  number={552},
  pages={1016--1022},
  year={1973},
  publisher={The British Institute of Radiology}
}


@article{baguer2020computed,
  title={Computed tomography reconstruction using deep image prior and learned reconstruction methods},
  author={Baguer, Daniel Otero and Leuschner, Johannes and Schmidt, Maximilian},
  journal={Inverse Problems},
  volume={36},
  number={9},
  pages={094004},
  year={2020},
  publisher={IOP Publishing}
}

@article{meaney2023helsinki,
  title={Helsinki tomography challenge 2022: Description of the competition and dataset},
  author={Meaney, Alexander and de Moura, Fernando Silva and Juvonen, Markus and Siltanen, Samuli},
  journal={Applied Mathematics for Modern Challenges},
  volume={1},
  number={2},
  pages={170--201},
  year={2023},
  publisher={Applied Mathematics for Modern Challenges}
}

@article{kingma2014adam,
  title={Adam: A method for stochastic optimization},
  author={Kingma, Diederik P},
  journal={arXiv preprint arXiv:1412.6980},
  year={2014}
}

@incollection{estrela2016total,
  title={Total variation applications in computer vision},
  author={Estrela, Vania Vieira and Magalhaes, Hermes Aguiar and Saotome, Osamu},
  booktitle={Handbook of Research on Emerging Perspectives in Intelligent Pattern Recognition, Analysis, and Image Processing},
  pages={41--64},
  year={2016},
  publisher={IGI Global}
}

@inproceedings{ulyanov2018deep,
  title={Deep image prior},
  author={Ulyanov, Dmitry and Vedaldi, Andrea and Lempitsky, Victor},
  booktitle={Proceedings of the IEEE conference on computer vision and pattern recognition},
  pages={9446--9454},
  year={2018}
}

@article{germer2023limited,
  title={Limited-angle tomography reconstruction via deep end-to-end learning on synthetic data},
  author={Germer, Thomas and Robine, Jan and Konietzny, Sebastian and Harmeling, Stefan and Uelwer, Tobias},
  journal={arXiv preprint arXiv:2309.06948},
  year={2023}
}

@inproceedings{he2016deep,
  title={Deep residual learning for image recognition},
  author={He, Kaiming and Zhang, Xiangyu and Ren, Shaoqing and Sun, Jian},
  booktitle={Proceedings of the IEEE conference on computer vision and pattern recognition},
  pages={770--778},
  year={2016}
}

@article{ruoss2024grandmaster,
  title={Grandmaster-level chess without search},
  author={Ruoss, Anian and Del{\'e}tang, Gr{\'e}goire and Medapati, Sourabh and Grau-Moya, Jordi and Wenliang, Li Kevin and Catt, Elliot and Reid, John and Genewein, Tim},
  journal={arXiv preprint arXiv:2402.04494},
  year={2024}
}

@article{schulman2017proximal,
  title={Proximal policy optimization algorithms},
  author={Schulman, John and Wolski, Filip and Dhariwal, Prafulla and Radford, Alec and Klimov, Oleg},
  journal={arXiv preprint arXiv:1707.06347},
  year={2017}
}

@book{marsland1991computer,
  title={Computer chess and search},
  author={Marsland, T Anthony},
  year={1991},
  publisher={Department of Computing Science, University of Alberta}
}

@article{schulman2017proximal,
  title={Proximal policy optimization algorithms},
  author={Schulman, John and Wolski, Filip and Dhariwal, Prafulla and Radford, Alec and Klimov, Oleg},
  journal={arXiv preprint arXiv:1707.06347},
  year={2017}
}

@article{browne2012survey,
  title={A survey of monte carlo tree search methods},
  author={Browne, Cameron B and Powley, Edward and Whitehouse, Daniel and Lucas, Simon M and Cowling, Peter I and Rohlfshagen, Philipp and Tavener, Stephen and Perez, Diego and Samothrakis, Spyridon and Colton, Simon},
  journal={IEEE Transactions on Computational Intelligence and AI in games},
  volume={4},
  number={1},
  pages={1--43},
  year={2012},
  publisher={IEEE}
}

@article{dubey2018investigating,
  title={Investigating human priors for playing video games},
  author={Dubey, Rachit and Agrawal, Pulkit and Pathak, Deepak and Griffiths, Thomas L and Efros, Alexei A},
  journal={arXiv preprint arXiv:1802.10217},
  year={2018}
}

@article{konda1999actor,
  title={Actor-critic algorithms},
  author={Konda, Vijay and Tsitsiklis, John},
  journal={Advances in neural information processing systems},
  volume={12},
  year={1999}
}

@inproceedings{zhao2016deep,
  title={Deep reinforcement learning with experience replay based on SARSA},
  author={Zhao, Dongbin and Wang, Haitao and Shao, Kun and Zhu, Yuanheng},
  booktitle={2016 IEEE symposium series on computational intelligence (SSCI)},
  pages={1--6},
  year={2016},
  organization={IEEE}
}

@inproceedings{zhang2021sample,
  title={Sample efficient reinforcement learning with REINFORCE},
  author={Zhang, Junzi and Kim, Jongho and O'Donoghue, Brendan and Boyd, Stephen},
  booktitle={Proceedings of the AAAI conference on artificial intelligence},
  volume={35},
  number={12},
  pages={10887--10895},
  year={2021}
}


@article{bertsekas2011approximate,
  title={Approximate policy iteration: A survey and some new methods},
  author={Bertsekas, Dimitri P},
  journal={Journal of Control Theory and Applications},
  volume={9},
  number={3},
  pages={310--335},
  year={2011},
  publisher={Springer}
}

@article{tamar2016value,
  title={Value iteration networks},
  author={Tamar, Aviv and Wu, Yi and Thomas, Garrett and Levine, Sergey and Abbeel, Pieter},
  journal={Advances in neural information processing systems},
  volume={29},
  year={2016}
}

@article{kiefer1953sequential,
  title={Sequential minimax search for a maximum},
  author={Kiefer, Jack},
  journal={Proceedings of the American mathematical society},
  volume={4},
  number={3},
  pages={502--506},
  year={1953}
}

@article{watkins1992q,
  title={Q-learning},
  author={Watkins, Christopher JCH and Dayan, Peter},
  journal={Machine learning},
  volume={8},
  pages={279--292},
  year={1992},
  publisher={Springer}
}


@article{browne2012survey,
  title={A survey of monte carlo tree search methods},
  author={Browne, Cameron B and Powley, Edward and Whitehouse, Daniel and Lucas, Simon M and Cowling, Peter I and Rohlfshagen, Philipp and Tavener, Stephen and Perez, Diego and Samothrakis, Spyridon and Colton, Simon},
  journal={IEEE Transactions on Computational Intelligence and AI in games},
  volume={4},
  number={1},
  pages={1--43},
  year={2012},
  publisher={IEEE}
}

@article{baker2022video,
  title={Video pretraining (vpt): Learning to act by watching unlabeled online videos},
  author={Baker, Bowen and Akkaya, Ilge and Zhokov, Peter and Huizinga, Joost and Tang, Jie and Ecoffet, Adrien and Houghton, Brandon and Sampedro, Raul and Clune, Jeff},
  journal={Advances in Neural Information Processing Systems},
  volume={35},
  pages={24639--24654},
  year={2022}
}

@inproceedings{badia2020agent57,
  title={Agent57: Outperforming the atari human benchmark},
  author={Badia, Adri{\`a} Puigdom{\`e}nech and Piot, Bilal and Kapturowski, Steven and Sprechmann, Pablo and Vitvitskyi, Alex and Guo, Zhaohan Daniel and Blundell, Charles},
  booktitle={International conference on machine learning},
  pages={507--517},
  year={2020},
  organization={PMLR}
}

@article{tesauro1994td,
  title={TD-Gammon, a self-teaching backgammon program, achieves master-level play},
  author={Tesauro, Gerald},
  journal={Neural computation},
  volume={6},
  number={2},
  pages={215--219},
  year={1994},
  publisher={MIT Press One Rogers Street, Cambridge, MA 02142-1209, USA journals-info~…}
}

@article{sutton1988learning,
  title={Learning to predict by the methods of temporal differences},
  author={Sutton, Richard S},
  journal={Machine learning},
  volume={3},
  pages={9--44},
  year={1988},
  publisher={Springer}
}

@article{mnih2013playing,
  title={Playing atari with deep reinforcement learning},
  author={Mnih, Volodymyr and Kavukcuoglu, Koray and Silver, David and Graves, Alex and Antonoglou, Ioannis and Wierstra, Daan and Riedmiller, Martin},
  journal={arXiv preprint arXiv:1312.5602},
  year={2013}
}

@article{silver2017mastering,
  title={Mastering chess and shogi by self-play with a general reinforcement learning algorithm},
  author={Silver, David and Hubert, Thomas and Schrittwieser, Julian and Antonoglou, Ioannis and Lai, Matthew and Guez, Arthur and Lanctot, Marc and Sifre, Laurent and Kumaran, Dharshan and Graepel, Thore and others},
  journal={arXiv preprint arXiv:1712.01815},
  year={2017}
}

@misc{Authors06,
 author = {Authors},
 title = {The frobnicatable foo filter},
 note = {ECCV06 submission ID 324. Supplied as additional material {\tt eccv06.pdf}},
 year = 2006
}

@misc{Authors06b,
 author = {Authors},
 title = {Frobnication tutorial},
 note = {Supplied as additional material {\tt tr.pdf}},
 year = 2006
}

@article{Alpher02,
author = {A. Alpher},
title = {Frobnication},
journal = {Journal of Foo},
volume = 12, 
number = 1, 
pages = {234--778}, 
year = 2002
}

@article{Alpher03,
author = {A. Alpher and J.~P.~N. Fotheringham-Smythe},
title = {Frobnication revisited},
journal = {Journal of Foo},
volume = 13, 
number = 1, 
pages = {234--778}, 
year = 2003
}

@article{Alpher04,
author = {A. Alpher and J.~P.~N. Fotheringham-Smythe and G. Gamow},
title = {Can a machine frobnicate?},
journal = {Journal of Foo},
volume = 14, 
number = 1, 
pages = {234--778}, 
year = 2004
}

@article{Mermin89,
author = {N. David Mermin},
title = {What's wrong with these equations?},
journal = {Physics Today},
year = 1989,
month = oct,
note = {\small\url{http://www.cvpr.org/doc/mermin.pdf}}
}

@Book{Hartley00,
  author       = "Hartley, R.~I. and Zisserman, A.",
  title        = "Multiple View Geometry in Computer Vision",
  year         = "2000",
  publisher    = "Cambridge University Press, ISBN: 0521623049",
}

@InProceedings{Claus05,
  author       = "Claus, D. and Fitzgibbon, A.~W.",
  title        = "A Rational Function Lens Distortion Model for General
                 Cameras",
  booktitle    = "Proc. CVPR",
  year         = "2005",
  pages        = "213--219",
}

@InProceedings{Zhang96,
  author =	 "Z. Zhang",
  title =	 "On the Epipolar Geometry Between Two Images With
                  Lens Distortion",
  booktitle =	 "Proc. ICPR",
  year =	 "1996",
  pages =	 "407--411",
}

@InProceedings{Fitzgibbon01,
  author       = "Fitzgibbon, A.~W.",
  title        = "Simultaneous Linear Estimation of Multiple View
                 Geometry and Lens Distortion",
  booktitle    = "Proc. CVPR",
  year         = "2001"
}

@article{Brown71,
author = {D.~C. Brown},
title = {Close-range camera calibration},
journal = {Photogrammetric Eng.},
volume = 37,
number = 8,
pages = {855--866}, 
year = 1971
}

@article{Devernay01,
author = {F. Devernay and O. Faugeras},
title = {Straight lines have to be straight},
journal = {MVA},
volume = 13,
pages = {14--24}, 
year = 2001
}

@article{Swaminathan00,
author = {R. Swaminathan and S. Nayar},
title = {Nonmetric calibration of wide-angle lenses and polycameras},
journal = {IEEE T-PAMI},
volume = 22,
number = 10,
pages = {1172--1178}, 
year = 2000
}

@article{rolnick2017deep,
  title={Deep learning is robust to massive label noise},
  author={Rolnick, David and Veit, Andreas and Belongie, Serge and Shavit, Nir},
  journal={arXiv preprint arXiv:1705.10694},
  year={2017}
}

@InProceedings{Tsai86,
  author =	 "Tsai, Y.~R.",
  title =	 "An Efficient and Accurate Camera Calibration
                  Technique for {3D} Machine Vision",
  booktitle =	 "Proc. CVPR",
  year =	 "1986",
}

@inproceedings{he2016deep,
  title={Deep residual learning for image recognition},
  author={He, Kaiming and Zhang, Xiangyu and Ren, Shaoqing and Sun, Jian},
  booktitle={Proceedings of the IEEE conference on computer vision and pattern recognition},
  pages={770--778},
  year={2016}
}