@article{deffuant2000mixing,
  title={Mixing beliefs among interacting agents},
  author={Deffuant, Guillaume and Neau, David and Amblard, Frederic and Weisbuch, Gerard},
  journal={Advances in Complex Systems},
  volume={3},
  number={1-4},
  pages={87--98},
  year={2000},
  publisher={World Scientific}
}

@article{friedkin1990social,
  title={Social influence and opinions},
  author={Friedkin, Noah E. and Johnsen, Eugene C.},
  journal={Journal of Mathematical Sociology},
  volume={15},
  number={3-4},
  pages={193--206},
  year={1990},
  publisher={Taylor \& Francis}
}

@article{gao2023s,
  title={S3: Social-network Simulation System with Large Language Model-Empowered Agents},
  author={Gao, Chen and Lan, Xiaochong and Lu, Zhihong and Mao, Jinzhu and Piao, Jinghua and Wang, Huandong and Jin, Depeng and Li, Yong},
  journal={arXiv preprint arXiv:2307.14984},
  year={2023}
}

@inproceedings{park2022social,
  title={Social simulacra: Creating populated prototypes for social computing systems},
  author={Park, Joon Sung and Popowski, Lindsay and Cai, Carrie and Morris, Meredith Ringel and Liang, Percy and Bernstein, Michael S},
  booktitle={Proceedings of the 35th Annual ACM Symposium on User Interface Software and Technology},
  pages={1--18},
  year={2022}
}

@inproceedings{park2023generative,
  title={Generative agents: Interactive simulacra of human behavior},
  author={Park, Joon Sung and O'Brien, Joseph and Cai, Carrie Jun and Morris, Meredith Ringel and Liang, Percy and Bernstein, Michael S},
  booktitle={Proceedings of the 36th annual acm symposium on user interface software and technology},
  pages={1--22},
  year={2023}
}

@article{sasahara2021social,
  title={Social influence and unfollowing accelerate the emergence of echo chambers},
  author={Sasahara, Kazutoshi and Chen, Wen and Peng, Hao and Ciampaglia, Giovanni Luca and Flammini, Alessandro and Menczer, Filippo},
  journal={Journal of Computational Social Science},
  volume={4},
  number={1},
  pages={381--402},
  year={2021},
  publisher={Springer}
}

@article{wang2024decoding,
  title={Decoding Echo Chambers: LLM-Powered Simulations Revealing Polarization in Social Networks},
  author={Wang, Chenxi and Liu, Zongfang and Yang, Dequan and Chen, Xiuying},
  journal={arXiv preprint arXiv:2409.19338},
  year={2024}
}

