@article{bonabeau2009decisions,
  title={Decisions 2.0: The power of collective intelligence},
  author={Bonabeau, Eric},
  journal={MIT Sloan Management Review},
  volume={50},
  number={2},
  pages={45},
  year={2009},
  publisher={Massachusetts Institute of Technology, Cambridge, MA}
}

@article{anderson2019recent,
  title={Recent advances in the modelling and analysis of opinion dynamics on influence networks},
  author={Anderson, Brian DO and Ye, Mengbin},
  journal={International Journal of Automation and Computing},
  volume={16},
  number={2},
  pages={129--149},
  year={2019},
  publisher={Springer}
}

@article{friedkin1990social,
  title={Social influence and opinions},
  author={Friedkin, Noah E. and Johnsen, Eugene C.},
  journal={Journal of Mathematical Sociology},
  volume={15},
  number={3-4},
  pages={193--206},
  year={1990},
  publisher={Taylor \& Francis}
}

@article{cinelli2021echo,
  title={The echo chamber effect on social media},
  author={Cinelli, Matteo and De Francisci Morales, Giovanni and Galeazzi, Alessandro and Quattrociocchi, Walter and Starnini, Michele},
  journal={Proceedings of the National Academy of Sciences},
  volume={118},
  number={9},
  pages={e2023301118},
  year={2021},
  publisher={National Acad Sciences}
}

@article{deffuant2000mixing,
  title={Mixing beliefs among interacting agents},
  author={Deffuant, Guillaume and Neau, David and Amblard, Frederic and Weisbuch, Gerard},
  journal={Advances in Complex Systems},
  volume={3},
  number={1-4},
  pages={87--98},
  year={2000},
  publisher={World Scientific}
}

@article{zhou2020survey,
  title={A survey of fake news: Fundamental theories, detection methods, and opportunities},
  author={Zhou, Xiaoyi and Zafarani, Reza},
  journal={ACM Computing Surveys (CSUR)},
  volume={53},
  number={5},
  pages={1--40},
  year={2020},
  publisher={ACM New York, NY, USA}
}

@inproceedings{cinus2022effect,
  title={The effect of people recommenders on echo chambers and polarization},
  author={Cinus, Francesco and Minici, Marco and Monti, Claudio and Bonchi, Francesco},
  booktitle={ICWSM},
  volume={16},
  pages={90--101},
  year={2022}
}

@article{orbach2020out,
  title={Out of the echo chamber: Detecting countering debate speeches},
  author={Orbach, Matan and Bilu, Yonatan and Toledo, Ami and Lahav, Dana and Jacovi, Michal and Aharonov, Ranit and Slonim, Noam},
  journal={arXiv preprint arXiv:2005.01157},
  year={2020}
}

@article{sasahara2021social,
  title={Social influence and unfollowing accelerate the emergence of echo chambers},
  author={Sasahara, Kazutoshi and Chen, Wen and Peng, Hao and Ciampaglia, Giovanni Luca and Flammini, Alessandro and Menczer, Filippo},
  journal={Journal of Computational Social Science},
  volume={4},
  number={1},
  pages={381--402},
  year={2021},
  publisher={Springer}
}

@inproceedings{park2023generative,
  title={Generative agents: Interactive simulacra of human behavior},
  author={Park, Joon Sung and O'Brien, Joseph and Cai, Carrie Jun and Morris, Meredith Ringel and Liang, Percy and Bernstein, Michael S},
  booktitle={Proceedings of the 36th annual acm symposium on user interface software and technology},
  pages={1--22},
  year={2023}
}

@article{gao2023s,
  title={S3: Social-network Simulation System with Large Language Model-Empowered Agents},
  author={Gao, Chen and Lan, Xiaochong and Lu, Zhihong and Mao, Jinzhu and Piao, Jinghua and Wang, Huandong and Jin, Depeng and Li, Yong},
  journal={arXiv preprint arXiv:2307.14984},
  year={2023}
}

@inproceedings{park2022social,
  title={Social simulacra: Creating populated prototypes for social computing systems},
  author={Park, Joon Sung and Popowski, Lindsay and Cai, Carrie and Morris, Meredith Ringel and Liang, Percy and Bernstein, Michael S},
  booktitle={Proceedings of the 35th Annual ACM Symposium on User Interface Software and Technology},
  pages={1--18},
  year={2022}
}
@article{degroot1974reaching,
  title={Reaching a consensus},
  author={DeGroot, Morris H},
  journal={Journal of the American Statistical association},
  volume={69},
  number={345},
  pages={118--121},
  year={1974},
  publisher={Taylor \& Francis}
}

@article{wei2022chain,
  title={Chain-of-thought prompting elicits reasoning in large language models},
  author={Wei, Jason and Wang, Xuezhi and Schuurmans, Dale and Bosma, Maarten and Xia, Fei and Chi, Ed and Le, Quoc V and Zhou, Denny and others},
  journal={Advances in neural information processing systems},
  volume={35},
  pages={24824--24837},
  year={2022}
}

@article{Lamsal2021,
title={Design and analysis of a large-scale COVID-19 tweets dataset},
author={Lamsal, Rabindra},
journal={Applied Intelligence},
volume={51},
number={5},
pages={2790--2804},
year={2021},
publisher={Springer},
}

@article{zaidi2023topics,
  title={Topics in antivax and provax discourse: yearlong synoptic study of COVID-19 vaccine tweets},
  author={Zaidi, Zainab and Ye, Mengbin and Samon, Fergus and Jama, Abdisalan and Gopalakrishnan, Binduja and Gu, Chenhao and Karunasekera, Shanika and Evans, Jamie and Kashima, Yoshihisa},
  journal={Journal of Medical Internet Research},
  volume={25},
  pages={e45069},
  year={2023},
  publisher={JMIR Publications Toronto, Canada}
}

@inproceedings{perera2024quantifying,
  title={Quantifying Opinion Rejection: A Method to Detect Social Media Echo Chambers},
  author={Perera, Kushani and Karunasekera, Shanika},
  booktitle={PAKDD},
  pages={57--69},
  year={2024},
  organization={Springer}
}

@article{newman2004finding,
  title={Finding and evaluating community structure in networks},
  author={Newman, Mark EJ and Girvan, Michelle},
  journal={Physical review E},
  volume={69},
  number={2},
  pages={026113},
  year={2004},
  publisher={APS}
}

@article{botte2022clustering,
  title={Clustering and stubbornness regulate the formation of echo chambers in personalised opinion dynamics},
  author={Botte, Nina and Ryckebusch, Jan and Rocha, Luis EC},
  journal={Physica A: Statistical Mechanics and its Applications},
  volume={599},
  pages={127423},
  year={2022},
  publisher={Elsevier}
}

@inproceedings{reimers2019,
  title = "Sentence-BERT: Sentence Embeddings using Siamese BERT-Networks",
  author = "Reimers, Nils and Gurevych, Iryna",
  booktitle = "Proceedings of the 2019 Conference on EMNLP",
  month = "11",
  year = "2019",
}

@article{wang2024decoding,
  title={Decoding Echo Chambers: LLM-Powered Simulations Revealing Polarization in Social Networks},
  author={Wang, Chenxi and Liu, Zongfang and Yang, Dequan and Chen, Xiuying},
  journal={arXiv preprint arXiv:2409.19338},
  year={2024}
}