@article{carlini2024aligned,
  title={Are aligned neural networks adversarially aligned?},
  author={Carlini, Nicholas and Nasr, Milad and Choquette-Choo, Christopher A and Jagielski, Matthew and Gao, Irena and Koh, Pang Wei W and Ippolito, Daphne and Tramer, Florian and Schmidt, Ludwig},
  journal={Advances in Neural Information Processing Systems},
  volume={36},
  year={2024}
}

@inproceedings{coattack,
  author    = {Jiaming Zhang and
               Qi Yi and
               Jitao Sang},
  title     = {Towards Adversarial Attack on Vision-Language Pre-training Models},
  booktitle = {{ACM} Multimedia},
  pages     = {5005--5013},
  publisher = {{ACM}},
  year      = {2022}
}

@article{gu2024agent,
  title={Agent smith: A single image can jailbreak one million multimodal llm agents exponentially fast},
  author={Gu, Xiangming and Zheng, Xiaosen and Pang, Tianyu and Du, Chao and Liu, Qian and Wang, Ye and Jiang, Jing and Lin, Min},
  journal={arXiv preprint arXiv:2402.08567},
  year={2024}
}

@article{guo2021gradient,
  title={Gradient-based adversarial attacks against text transformers},
  author={Guo, Chuan and Sablayrolles, Alexandre and J{\'e}gou, Herv{\'e} and Kiela, Douwe},
  journal={arXiv preprint arXiv:2104.13733},
  year={2021}
}

@inproceedings{jones2023automatically,
  title={Automatically auditing large language models via discrete optimization},
  author={Jones, Erik and Dragan, Anca and Raghunathan, Aditi and Steinhardt, Jacob},
  booktitle={International Conference on Machine Learning},
  pages={15307--15329},
  year={2023},
  organization={PMLR}
}

@incollection{kurakin2016adversarial,
  title={Adversarial examples in the physical world},
  author={Kurakin, Alexey and Goodfellow, Ian J and Bengio, Samy},
  booktitle={Artificial intelligence safety and security},
  pages={99--112},
  year={2018},
  publisher={Chapman and Hall/CRC}
}

@article{moosavi2017universal,
  author       = {Seyed{-}Mohsen Moosavi{-}Dezfooli and
                  Alhussein Fawzi and
                  Omar Fawzi and
                  Pascal Frossard},
  title        = {Universal adversarial perturbations},
  journal      = {CoRR},
  volume       = {abs/1610.08401},
  year         = {2016},
  url          = {http://arxiv.org/abs/1610.08401},
  eprinttype    = {arXiv},
  eprint       = {1610.08401},
  timestamp    = {Mon, 13 Aug 2018 16:48:58 +0200},
  biburl       = {https://dblp.org/rec/journals/corr/Moosavi-Dezfooli16.bib},
  bibsource    = {dblp computer science bibliography, https://dblp.org}
}

@article{neekhara2018adversarial,
  title={Adversarial reprogramming of text classification neural networks},
  author={Neekhara, Paarth and Hussain, Shehzeen and Dubnov, Shlomo and Koushanfar, Farinaz},
  journal={arXiv preprint arXiv:1809.01829},
  year={2018}
}

@article{szegedy2013intriguing,
  title={Intriguing properties of neural networks},
  author={Szegedy, C},
  journal={arXiv preprint arXiv:1312.6199},
  year={2013}
}

@article{zou2023universal,
  title={Universal and transferable adversarial attacks on aligned language models},
  author={Zou, Andy and Wang, Zifan and Kolter, J Zico and Fredrikson, Matt},
  journal={arXiv preprint arXiv:2307.15043},
  year={2023}
}

