@ARTICLE{10445007,
  author={Zhang, Jingyi and Huang, Jiaxing and Jin, Sheng and Lu, Shijian},
  journal={IEEE Transactions on Pattern Analysis and Machine Intelligence}, 
  title={Vision-Language Models for Vision Tasks: A Survey}, 
  year={2024},
  volume={46},
  number={8},
  pages={5625-5644}
}

@article{dong2024progressive,
  title={Progressive multimodal reasoning via active retrieval},
  author={Dong, Guanting and Zhang, Chenghao and Deng, Mengjie and Zhu, Yutao and Dou, Zhicheng and Wen, Ji-Rong},
  journal={arXiv preprint arXiv:2412.14835},
  year={2024}
}

@article{du2025virgo,
  title={Virgo: A Preliminary Exploration on Reproducing o1-like MLLM},
  author={Du, Yifan and Liu, Zikang and Li, Yifan and Zhao, Wayne Xin and Huo, Yuqi and Wang, Bingning and Chen, Weipeng and Liu, Zheng and Wang, Zhongyuan and Wen, Ji-Rong},
  journal={arXiv preprint arXiv:2501.01904},
  year={2025}
}

@article{qi2024mutual,
  title={Mutual reasoning makes smaller llms stronger problem-solvers},
  author={Qi, Zhenting and Ma, Mingyuan and Xu, Jiahang and Zhang, Li Lyna and Yang, Fan and Yang, Mao},
  journal={arXiv preprint arXiv:2408.06195},
  year={2024}
}

@article{thawakar2025llamav,
  title={LlamaV-o1: Rethinking Step-by-step Visual Reasoning in LLMs},
  author={Thawakar, Omkar and Dissanayake, Dinura and More, Ketan and Thawkar, Ritesh and Heakl, Ahmed and Ahsan, Noor and Li, Yuhao and Zumri, Mohammed and Lahoud, Jean and Anwer, Rao Muhammad and others},
  journal={arXiv preprint arXiv:2501.06186},
  year={2025}
}

@article{wang2024enhancing,
  title={Enhancing the reasoning ability of multimodal large language models via mixed preference optimization},
  author={Wang, Weiyun and Chen, Zhe and Wang, Wenhai and Cao, Yue and Liu, Yangzhou and Gao, Zhangwei and Zhu, Jinguo and Zhu, Xizhou and Lu, Lewei and Qiao, Yu and others},
  journal={arXiv preprint arXiv:2411.10442},
  year={2024}
}

@article{wu2024beyond,
  title={Beyond examples: High-level automated reasoning paradigm in in-context learning via mcts},
  author={Wu, Jinyang and Feng, Mingkuan and Zhang, Shuai and Che, Feihu and Wen, Zengqi and Tao, Jianhua},
  journal={arXiv preprint arXiv:2411.18478},
  year={2024}
}

@article{xu2024llava,
  title={LLaVA-o1: Let Vision Language Models Reason Step-by-Step},
  author={Xu, Guowei and Jin, Peng and Hao, Li and Song, Yibing and Sun, Lichao and Yuan, Li},
  journal={arXiv preprint arXiv:2411.10440},
  year={2024}
}

@article{yao2024mulberry,
  title={Mulberry: Empowering MLLM with o1-like Reasoning and Reflection via Collective Monte Carlo Tree Search},
  author={Yao, Huanjin and Huang, Jiaxing and Wu, Wenhao and Zhang, Jingyi and Wang, Yibo and Liu, Shunyu and Wang, Yingjie and Song, Yuxin and Feng, Haocheng and Shen, Li and others},
  journal={arXiv preprint arXiv:2412.18319},
  year={2024}
}

@article{zhang2024accessing,
  title={Accessing GPT-4 level Mathematical Olympiad Solutions via Monte Carlo Tree Self-refine with LLaMa-3 8B},
  author={Zhang, Di and Li, Jiatong and Huang, Xiaoshui and Zhou, Dongzhan and Li, Yuqiang and Ouyang, Wanli},
  journal={arXiv preprint arXiv:2406.07394},
  year={2024}
}

@article{zhang2024improve,
  title={Improve vision language model chain-of-thought reasoning},
  author={Zhang, Ruohong and Zhang, Bowen and Li, Yanghao and Zhang, Haotian and Sun, Zhiqing and Gan, Zhe and Yang, Yinfei and Pang, Ruoming and Yang, Yiming},
  journal={arXiv preprint arXiv:2410.16198},
  year={2024}
}

@article{zhang2024mavis,
  title={MAVIS: Mathematical Visual Instruction Tuning with an Automatic Data Engine},
  author={Zhang, Renrui and Wei, Xinyu and Jiang, Dongzhi and Guo, Ziyu and Li, Shicheng and Zhang, Yichi and Tong, Chengzhuo and Liu, Jiaming and Zhou, Aojun and Wei, Bin and others},
  journal={arXiv preprint arXiv:2407.08739},
  year={2024}
}

@inproceedings{zong-qiu-2024-gaokao,
    title = "{GAOKAO}-{MM}: A {C}hinese Human-Level Benchmark for Multimodal Models Evaluation",
    author = "Zong, Yi  and
      Qiu, Xipeng",
    editor = "Ku, Lun-Wei  and
      Martins, Andre  and
      Srikumar, Vivek",
    booktitle = "Findings of the Association for Computational Linguistics: ACL 2024",
    month = aug,
    year = "2024",
    address = "Bangkok, Thailand",
    publisher = "Association for Computational Linguistics",
    pages = "8817--8825"
}

