
@article{leclerc2023,
author = {Leclerc, Marc-Antoine and Bass, John and Labbé, Mathieu and Dozois, David and Delisle, Jonathan and Rancourt, David and Lussier Desbiens, Alexis},
title = {NetherDrone: a tethered and ducted propulsion multirotor drone for complex underground mining stope inspections},
journal = {Drone Systems and Applications},
volume = {11},
number = {},
pages = {1-17},
year = {2023},
doi = {10.1139/dsa-2023-0001}
},

@article{
petit2022,
author={Petit, Louis and Desbiens, Alexis Lussier},
journal={IEEE Robotics and Automation Letters}, 
title={TAPE: Tether-Aware Path Planning for Autonomous Exploration of Unknown 3D Cavities Using a Tangle-Compatible Tethered Aerial Robot}, 
year={2022},
volume={7},
number={4},
pages={10550-10557},
doi={10.1109/LRA.2022.3194691}
},

@article{
shakhatreh2019,
author={Shakhatreh, Hazim and Sawalmeh, Ahmad H. and Al-Fuqaha, Ala and Dou, Zuochao and Almaita, Eyad and Khalil, Issa and Othman, Noor Shamsiah and Khreishah, Abdallah and Guizani, Mohsen},
journal={IEEE Access}, 
title={Unmanned Aerial Vehicles ({UAVs}): A Survey on Civil Applications and Key Research Challenges}, 
year={2019},
volume={7},
number={},
pages={48572-48634},
doi={10.1109/ACCESS.2019.2909530}
},

@article{
yin2018,
author={Yin, Chao and Xiao, Zhenyu and Cao, Xianbin and Xi, Xing and Yang, Peng and Wu, Dapeng},
journal={IEEE Internet of Things Journal}, 
title={Offline and Online Search: UAV Multiobjective Path Planning Under Dynamic Urban Environment}, 
year={2018},
volume={5},
number={2},
pages={546-558},
doi={10.1109/JIOT.2017.2717078}
},

@article{
rubiohervas2018,
title = {Data-driven risk assessment and multicriteria optimization of UAV operations},
journal = {Aerospace Science and Technology},
volume = {77},
pages = {510-523},
year = {2018},
issn = {1270-9638},
doi = {https://doi.org/10.1016/j.ast.2018.04.001},
author = {Jaime Rubio-Hervas and Abhishek Gupta and Yew-Soon Ong}
},

@article{
peng2022,
title = {A decomposition-based constrained multi-objective evolutionary algorithm with a local infeasibility utilization mechanism for UAV path planning},
journal = {Applied Soft Computing},
volume = {118},
pages = {108495},
year = {2022},
issn = {1568-4946},
doi = {https://doi.org/10.1016/j.asoc.2022.108495},
url = {https://www.sciencedirect.com/science/article/pii/S156849462200045X},
author = {Chaoda Peng and Shaojian Qiu}
},

@article{
roberge2013,
author={Roberge, Vincent and Tarbouchi, Mohammed and Labonte, Gilles},
journal={IEEE Transactions on Industrial Informatics}, 
title={Comparison of Parallel Genetic Algorithm and Particle Swarm Optimization for Real-Time UAV Path Planning}, 
year={2013},
volume={9},
number={1},
pages={132-141},
doi={10.1109/TII.2012.2198665}
},

@inproceedings{
hohmann2022,
author={Hohmann, Nikolas and Bujny, Mariusz and Adamy, Jurgen and Olhofer, Markus},
booktitle={2022 IEEE Congress on Evolutionary Computation (CEC)}, 
title={Multi-objective 3D Path Planning for UAVs in Large-Scale Urban Scenarios}, 
year={2022},
volume={},
number={},
pages={1-8},
doi={10.1109/CEC55065.2022.9870265}
},

@inproceedings{
ahmed2011,
author={Ahmed, Faez and Deb, Kalyanmoy},
booktitle={2011 IEEE International Conference on Robotics and Biomimetics}, 
title={Multi-objective path planning using spline representation}, 
year={2011},
volume={},
number={},
pages={1047-1052},
doi={10.1109/ROBIO.2011.6181426}
},

@inproceedings{
hohmann2021,
author={Hohmann, Nikolas and Bujny, Mariusz and Adamy, Jürgen and Olhofer, Markus},
booktitle={2021 IEEE Symposium Series on Computational Intelligence (SSCI)}, 
title={Hybrid Evolutionary Approach to Multi-objective Path Planning for UAVs}, 
year={2021},
volume={},
number={},
pages={1-8},
doi={10.1109/SSCI50451.2021.9660187}
},

@article{
ajith2023,
author = {V. S. Ajith and K. G. Jolly},
title = {Hybrid Optimization Based Multi-Objective Path Planning Framework for Unmanned Aerial Vehicles},
journal = {Cybernetics and Systems},
volume = {54},
number = {8},
pages = {1397-1423},
year = {2023},
publisher = {Taylor & Francis},
doi = {10.1080/01969722.2022.2157607},
},

@article{
davoodi2013,
title = {Multi-objective path planning in discrete space},
journal = {Applied Soft Computing},
volume = {13},
number = {1},
pages = {709-720},
year = {2013},
issn = {1568-4946},
doi = {https://doi.org/10.1016/j.asoc.2012.07.023},
url = {https://www.sciencedirect.com/science/article/pii/S1568494612003407},
author = {Mansoor Davoodi and Fatemeh Panahi and Ali Mohades and Seyed Naser Hashemi}
},

@article{
ahmed2013,
author={{A}hmed, Faez and Deb, Kalyanmoy},
title={Multi-objective optimal path planning using elitist non-dominated sorting genetic algorithms},
journal={Soft Computing},
year={2013},
month={Jul},
day={01},
volume={17},
number={7},
pages={1283-1299}
},

@article{
zhang2013,
title = {Robot path planning in uncertain environment using multi-objective particle swarm optimization},
journal = {Neurocomputing},
volume = {103},
pages = {172-185},
year = {2013},
issn = {0925-2312},
doi = {https://doi.org/10.1016/j.neucom.2012.09.019},
url = {https://www.sciencedirect.com/science/article/pii/S0925231212007722},
author = {Yong Zhang and Dun-wei Gong and Jian-hua Zhang}
},

@article{
deb2002,
author={Deb, K. and Pratap, A. and Agarwal, S. and Meyarivan, T.},
journal={IEEE Transactions on Evolutionary Computation}, 
title={A fast and elitist multiobjective genetic algorithm: NSGA-II}, 
year={2002},
volume={6},
number={2},
pages={182-197},
keywords={Genetic algorithms;Sorting;Computational complexity;Evolutionary computation;Computational modeling;Testing;Decision making;Associate members;Diversity reception;Constraint optimization},
doi={10.1109/4235.996017}
},

@book{
piegl1995,
author = {Piegl, Les and Tiller, Wayne},
title = {The NURBS book},
year = {1995},
isbn = {3540615458},
publisher = {Springer-Verlag},
address = {Berlin, Heidelberg}
},

@inproceedings{
petit2024,
author = {Petit, L. and Desbiens, A.},
title = {MOAR Planner: Multi-Objective and Adaptative Risk-Aware Path PLanning for Infrastructure Inspection with a UAV},
booktitle = {IEEE International Conference on Robotics and Automation (ICRA)},
year = {2024},
volume={},
number={},
pages={},
doi={},
address={Yokohama, Japan}
},

@inproceedings{
wenkai2017,
author={Chang, Wenkai and Yang, Guodong and Yu, Junzhi and Liang, Zize and Cheng, Long and Zhou, Chao},
booktitle={2017 IEEE/RSJ International Conference on Intelligent Robots and Systems (IROS)}, 
title={Development of a power line inspection robot with hybrid operation modes}, 
year={2017},
volume={},
number={},
pages={973-978},
keywords={Robot kinematics;Three-dimensional displays;Inspection;Mobile robots;Two dimensional displays;Wires},
doi={10.1109/IROS.2017.8202263}
},

@article{
park2019,
author = {Park, J. and Kim, S. and Lee, J. and Ham, J. and Oh, K.-Y.},
title = {Method of operating a GIS-based autopilot drone to inspect ultrahigh voltage power lines and its field tests},
journal = {Journal of Field Robotics},
year = {2019},
month = {10},
volume = {37},
},

@inproceedings{
miralles2018,
author={Mirallès, François and Hamelin, Philippe and Lambert, Ghislain and Lavoie, Samuel and Pouliot, Nicolas and Montfrond, Matthieu and Montambault, Serge},
booktitle={2018 IEEE International Conference on Robotics and Automation (ICRA)}, 
title={{LineDrone} Technology: Landing an Unmanned Aerial Vehicle on a Power Line}, 
year={2018},
volume={},
number={},
pages={6545-6552},
keywords={Cameras;Payloads;Unmanned aerial vehicles;Inspection;Laser radar;Task analysis;Machine vision},
doi={10.1109/ICRA.2018.8461250}
},

@inproceedings{
hamelin2019,
author={Hamelin, Philippe and Mirallès, François and Lambert, Ghislain and Lavoie, Samuel and Pouliot, Nicolas and Montfrond, Matthieu and Montambault, Serge},
booktitle={2019 International Conference on Unmanned Aircraft Systems (ICUAS)}, 
title={Discrete-time control of {LineDrone}: An assisted tracking and landing UAV for live power line inspection and maintenance}, 
year={2019},
volume={},
number={},
pages={292-298},
keywords={Robots;Unmanned aerial vehicles;Maintenance engineering;Inspection;Task analysis;Heuristic algorithms;Control systems},
doi={10.1109/ICUAS.2019.8798137}
},

@article{
causa2023,
author={Causa, Flavia and Fasano, Giancarmine},
journal={IEEE Transactions on Aerospace and Electronic Systems}, 
title={Multi-Objective Modular Strategic Planning Framework for Low Altitude Missions Within the Urban Air Mobility Ecosystem}, 
year={2023},
volume={},
number={},
pages={1-16},
keywords={Navigation;Trajectory;Global navigation satellite system;Urban areas;Autonomous aerial vehicles;Three-dimensional displays;Heuristic algorithms},
doi={10.1109/TAES.2023.3324625}
},

@article{
khan2021,
title = {Aspects of unmanned aerial vehicles path planning: Overview and applications},
volume = {34},
ISSN = {1099-1131},
DOI = {10.1002/dac.4827},
number = {10},
journal = {International Journal of Communication Systems},
publisher = {Wiley},
author = {Khan, Muhammad Toaha Raza and Muhammad Saad, Malik and Ru, Yang and Seo, Junho and Kim, Dongkyun},
year = {2021},
month = apr 
},

@article{
ioan2012,
Author = {Ioan A. {\c{S}}ucan and Mark Moll and Lydia E. Kavraki},
Doi = {10.1109/MRA.2012.2205651},
Journal = {{IEEE} Robotics \& Automation Magazine},
Month = {December},
Number = {4},
Pages = {72--82},
Title = {The {O}pen {M}otion {P}lanning {L}ibrary},
Note = {\url{https://ompl.kavrakilab.org}},
Volume = {19},
Year = {2012}
},

@article{
hornung2013,
author = {Armin Hornung and Kai M. Wurm and Maren Bennewitz and Cyrill
Stachniss and Wolfram Burgard},
title = {{OctoMap}: An Efficient Probabilistic {3D} Mapping Framework Based
on Octrees},
journal = {Autonomous Robots},
year = 2013,
doi = {10.1007/s10514-012-9321-0},
note = {Software available at \url{https://octomap.github.io}}
},

@inproceedings{
pan2012,
author={Pan, Jia and Chitta, Sachin and Manocha, Dinesh},
booktitle={2012 IEEE International Conference on Robotics and Automation}, 
title={{FCL}: A general purpose library for collision and proximity queries}, 
year={2012},
volume={},
number={},
pages={3859-3866},
keywords={Deformable models;Computational modeling;Robots;Collision avoidance;Libraries;Shape;Charge coupled devices},
doi={10.1109/ICRA.2012.6225337}
},

@article{
deboor1972,
title = {On calculating with {B}-splines},
journal = {Journal of Approximation Theory},
volume = {6},
number = {1},
pages = {50-62},
year = {1972},
issn = {0021-9045},
doi = {https://doi.org/10.1016/0021-9045(72)90080-9},
author = {Carl {de Boor}}
},

@book{
deboor1978,
author = {de Boor, Carl},
title = {A Practical Guide to Splines},
year = {1978},
isbn = {978-0-387-95366-3},
publisher = {Springer-New York},
address = {New York}
},

@article{
Biscani2020,
doi = {10.21105/joss.02338},
year = {2020},
publisher = {The Open Journal},
volume = {5},
number = {53},
pages = {2338},
author = {Francesco Biscani and Dario Izzo},
title = {A parallel global multiobjective framework for optimization: {Pagmo}},
journal = {Journal of Open Source Software}
},

@INPROCEEDINGS{
weiss2006,
author={Weiss, Bernhard and Naderhirn, Michael and del Re, Luigi},
booktitle={IEEE Conference on Computer Aided Control System Design}, 
title={Global real-time path planning for {UAVs} in uncertain environment}, 
year={2006},
volume={},
number={},
pages={2725-2730},
doi={10.1109/CACSD-CCA-ISIC.2006.4777070}
},

@ARTICLE{
primatesta2019,
title     = "A risk-aware path planning strategy for {UAVs} in urban
           environments",
author    = "Primatesta, Stefano and Guglieri, Giorgio and Rizzo, Alessandro",
journal   = "J. Intell. Robot. Syst.",
publisher = "Springer Science and Business Media LLC",
volume    =  95,
number    =  2,
pages     = "629-643",
month     =  aug,
year      =  2019
},

@INPROCEEDINGS{
petit2021,
author={Petit, Louis and Desbiens, Alexis Lussier},
booktitle={IEEE International Conference on Systems, Man, and Cybernetics (SMC)}, 
title={{RRT-Rope}: A deterministic shortening approach for fast near-optimal path planning in large-scale uncluttered 3D environments}, 
year={2021},
volume={},
number={},
pages={1111-1118},
doi={10.1109/SMC52423.2021.9659071}
},


@Article{
kulathunga2023,
AUTHOR = {Kulathunga, Geesara and Klimchik, Alexandr},
TITLE = {Survey on Motion Planning for Multirotor Aerial Vehicles in Plan-Based Control Paradigm},
JOURNAL = {Remote Sensing},
VOLUME = {15},
YEAR = {2023},
NUMBER = {21},
ARTICLE-NUMBER = {5237},
URL = {https://www.mdpi.com/2072-4292/15/21/5237},
ISSN = {2072-4292},
DOI = {10.3390/rs15215237}
},

@ARTICLE{
jones2006,
author={Jones, M.W. and Baerentzen, J.A. and Sramek, M.},
journal={IEEE Transactions on Visualization and Computer Graphics}, 
title={3D distance fields: a survey of techniques and applications}, 
year={2006},
volume={12},
number={4},
pages={581-599},
doi={10.1109/TVCG.2006.56}
},


@INPROCEEDINGS{9597858,
  author={Gregory, Jason M. and Warnell, Garrett and Fink, Jonathan and Gupta, Satyandra K.},
  booktitle={2021 IEEE International Symposium on Safety, Security, and Rescue Robotics (SSRR)}, 
  title={Improving Trajectory Tracking Accuracy for Faster and Safer Autonomous Navigation of Ground Vehicles in Off-Road Settings}, 
  year={2021},
  volume={},
  number={},
  pages={204-209},
  keywords={Trajectory tracking;Computational modeling;Robot sensing systems;Data models;Real-time systems;Safety;Planning},
  doi={10.1109/SSRR53300.2021.9597858}},



@Article{
guoku2022,
AUTHOR = {Jia, Guoku and Li, Chengming and Li, Mengtang},
TITLE = {Energy-Efficient Trajectory Planning for Smart Sensing in {IoT} Networks Using Quadrotor UAVs},
JOURNAL = {Sensors},
VOLUME = {22},
YEAR = {2022},
NUMBER = {22},
ARTICLE-NUMBER = {8729},
PubMedID = {36433325},
ISSN = {1424-8220},
DOI = {10.3390/s22228729}
},

@book{
hilbert1999,
title={Geometry and the Imagination},
author={Hilbert, D. and Cohn-Vossen, S.},
isbn={9780821819982},
lccn={99015535},
series={AMS Chelsea Publishing Series},
year={1999},
publisher={AMS Chelsea Pub.}
},

@article{
zhou2021,
author={Zhou, Xin and Wang, Zhepei and Ye, Hongkai and Xu, Chao and Gao, Fei},
journal={IEEE Robotics and Automation Letters}, 
title={{EGO}-Planner: An {ESDF}-Free Gradient-Based Local Planner for Quadrotors}, 
year={2021},
volume={6},
number={2},
pages={478-485},
keywords={Trajectory;Planning;Splines (mathematics);Trajectory optimization;Resource management;Force;Drones;Motion and path planning;autonomous vehicle navigation;aerial systems;applications},
doi={10.1109/LRA.2020.3047728}
},

@article{
hayes2022,
title     = "A practical guide to multi-objective reinforcement learning and
           planning",
author    = "Hayes, Conor F and R{\u a}dulescu, Roxana and Bargiacchi,
           Eugenio and K{\"a}llstr{\"o}m, Johan and Macfarlane, Matthew and
           Reymond, Mathieu and Verstraeten, Timothy and Zintgraf, Luisa M
           and Dazeley, Richard and Heintz, Fredrik and Howley, Enda and
           Irissappane, Athirai A and Mannion, Patrick and Now{\'e}, Ann
           and Ramos, Gabriel and Restelli, Marcello and Vamplew, Peter and
           Roijers, Diederik M",
journal   = "Auton. Agent. Multi. Agent. Syst.",
publisher = "Springer Science and Business Media LLC",
volume    =  36,
number    =  1,
month     =  apr,
year      =  2022,
copyright = "https://creativecommons.org/licenses/by/4.0",
language  = "en"
},

@misc{
korpan2023,
title={{VBMO}: Voting-Based Multi-Objective Path Planning}, 
author={Raj Korpan},
year={2023},
eprint={2308.11755},
archivePrefix={arXiv},
primaryClass={cs.AI},
},

@article{
song2019,
author={Song, Junnan and Gupta, Shalabh and Wettergren, Thomas A.},
journal={IEEE Robotics and Automation Letters}, 
title={T$^\star$: Time-Optimal Risk-Aware Motion Planning for Curvature-Constrained Vehicles}, 
year={2019},
volume={4},
number={1},
pages={33-40},
keywords={Planning;Path planning;Optimization;Approximation algorithms;Autonomous vehicles;Safety;Turning;Motion and path planning;nonholonomic motion planning;robot safety;optimization and optimal control},
doi={10.1109/LRA.2018.2876888}
},

@article{
cheatham2005,
title     = "Direct process control using n-dimensional {NURBS} curves",
author    = "Cheatham, Robert M and Red, W Edward and Jensen, C Greg",
journal   = "Comput. Aided Des. Appl.",
publisher = "CAD Solutions, LLC",
volume    =  2,
number    =  6,
pages     = "825--834",
month     =  jan,
year      =  2005,
language  = "en"
},

@article{
zeng2017,
author={Zeng, Yong and Zhang, Rui},
journal={IEEE Transactions on Wireless Communications}, 
title={Energy-Efficient {UAV} Communication With Trajectory Optimization}, 
year={2017},
volume={16},
number={6},
pages={3747-3760},
doi={10.1109/TWC.2017.2688328}
},

@article{
zhang2021,
title = {Energy consumption models for delivery drones: A comparison and assessment},
journal = {Transportation Research Part D: Transport and Environment},
volume = {90},
pages = {102668},
year = {2021},
issn = {1361-9209},
doi = {https://doi.org/10.1016/j.trd.2020.102668},
author = {Juan Zhang and James F. Campbell and Donald C. {Sweeney II} and Andrea C. Hupman},
},

@ARTICLE{
hasini2018,
author={Abeywickrama, Hasini Viranga and Jayawickrama, Beeshanga Abewardana and He, Ying and Dutkiewicz, Eryk},
journal={IEEE Access}, 
title={Comprehensive Energy Consumption Model for Unmanned Aerial Vehicles, Based on Empirical Studies of Battery Performance}, 
year={2018},
volume={6},
number={},
pages={58383-58394},
doi={10.1109/ACCESS.2018.2875040}
},

