@inproceedings{Farina2023:Polynomial,
    title={Polynomial-Time {L}inear-{S}wap {R}egret {M}inimization in {I}mperfect-{I}nformation {S}equential {G}ames},
    author={Gabriele Farina and Charilaos Pipis},
    booktitle={Thirty-seventh Conference on Neural Information Processing Systems},
    year={2023}
}

@misc{Farina2024:eah,
      title={{Polynomial-Time Computation of Exact $\Phi$-Equilibria in Polyhedral Games}}, 
      author={Gabriele Farina and Charilaos Pipis},
      year={2024},
      eprint={2402.16316},
      archivePrefix={arXiv},
      primaryClass={cs.GT},
      url={https://arxiv.org/abs/2402.16316}, 
}

@inproceedings{GordonGreenwaldMarks2008,
  author    = {Geoffrey J. Gordon and
               Amy Greenwald and
               Casey Marks},
  title     = {No-regret learning in convex games},
  booktitle = {Proceedings of {ICML}},
  volume    = {307},
  pages     = {360--367},
  publisher = {{ACM}},
  year      = {2008},
}

@article{Kwon2021,
  title={Refined approachability algorithms and application to regret minimization with global costs.},
  author={Kwon, Joon},
  journal={The Journal of Machine Learning Research},
  volume={22},
  pages={200--1},
  year={2021}
}

@inproceedings{MMSSbayesian,
  title={Strategizing against learners in bayesian games},
  author={Mansour, Yishay and Mohri, Mehryar and Schneider, Jon and Sivan, Balasubramanian},
  booktitle={Conference on Learning Theory},
  pages={5221--5252},
  year={2022},
  organization={PMLR}
}

@article{Perchet2015,
  title={Exponential weight approachability, applications to calibration and regret minimization},
  author={Perchet, Vianney},
  journal={Dynamic Games and Applications},
  volume={5},
  number={1},
  pages={136--153},
  year={2015},
  publisher={Springer}
}

@inproceedings{abernethy2011blackwell,
  title={Blackwell approachability and no-regret learning are equivalent},
  author={Abernethy, Jacob and Bartlett, Peter L and Hazan, Elad},
  booktitle={Proceedings of the 24th Annual Conference on Learning Theory},
  pages={27--46},
  year={2011},
  organization={JMLR Workshop and Conference Proceedings}
}

@inproceedings{anagnostides2022near,
  title={Near-optimal no-regret learning for correlated equilibria in multi-player general-sum games},
  author={Anagnostides, Ioannis and Daskalakis, Constantinos and Farina, Gabriele and Fishelson, Maxwell and Golowich, Noah and Sandholm, Tuomas},
  booktitle={Proceedings of the 54th Annual ACM SIGACT Symposium on Theory of Computing},
  pages={736--749},
  year={2022}
}

@article{aumann1974subjectivity,
  title={Subjectivity and correlation in randomized strategies},
  author={Aumann, Robert J},
  journal={Journal of mathematical Economics},
  volume={1},
  number={1},
  pages={67--96},
  year={1974},
  publisher={Elsevier}
}

@article{bergemann2016bayes,
  title={Bayes correlated equilibrium and the comparison of information structures in games},
  author={Bergemann, Dirk and Morris, Stephen},
  journal={Theoretical Economics},
  volume={11},
  number={2},
  pages={487--522},
  year={2016},
  publisher={Wiley Online Library}
}

@article{blackwell1956analog,
  title={An analog of the minimax theorem for vector payoffs.},
  author={Blackwell, David},
  year={1956}
}

@article{blum2007external,
  title={From external to internal regret.},
  author={Blum, Avrim and Mansour, Yishay},
  journal={Journal of Machine Learning Research},
  volume={8},
  number={6},
  year={2007}
}

@inproceedings{braverman2018selling,
  title={Selling to a no-regret buyer},
  author={Braverman, Mark and Mao, Jieming and Schneider, Jon and Weinberg, Matt},
  booktitle={Proceedings of the 2018 ACM Conference on Economics and Computation},
  pages={523--538},
  year={2018}
}

@article{brown2024learning,
  title={Is Learning in Games Good for the Learners?},
  author={Brown, William and Schneider, Jon and Vodrahalli, Kiran},
  journal={Advances in Neural Information Processing Systems},
  volume={36},
  year={2024}
}

@inproceedings{cai2023selling,
  title={Selling to multiple no-regret buyers},
  author={Cai, Linda and Weinberg, S Matthew and Wildenhain, Evan and Zhang, Shirley},
  booktitle={International Conference on Web and Internet Economics},
  pages={113--129},
  year={2023},
  organization={Springer}
}

@inproceedings{camara2020mechanisms,
  title={Mechanisms for a no-regret agent: Beyond the common prior},
  author={Camara, Modibo K and Hartline, Jason D and Johnsen, Aleck},
  booktitle={2020 ieee 61st annual symposium on foundations of computer science (focs)},
  pages={259--270},
  year={2020},
  organization={IEEE}
}

@article{dagan2023external,
  title={From External to Swap Regret 2.0: An Efficient Reduction and Oblivious Adversary for Large Action Spaces},
  author={Dagan, Yuval and Daskalakis, Constantinos and Fishelson, Maxwell and Golowich, Noah},
  journal={arXiv preprint arXiv:2310.19786},
  year={2023}
}

@inproceedings{dann2023pseudonorm,
  title={Pseudonorm Approachability and Applications to Regret Minimization},
  author={Dann, Christoph and Mansour, Yishay and Mohri, Mehryar and Schneider, Jon and Sivan, Balasubramanian},
  booktitle={International Conference on Algorithmic Learning Theory},
  pages={471--509},
  year={2023},
  organization={PMLR}
}

@article{dann2024rate,
  title={Rate-Preserving Reductions for Blackwell Approachability},
  author={Dann, Christoph and Mansour, Yishay and Mohri, Mehryar and Schneider, Jon and Sivan, Balasubramanian},
  journal={arXiv preprint arXiv:2406.07585},
  year={2024}
}

@article{daskalakis2024efficient,
  title={Efficient Learning and Computation of Linear Correlated Equilibrium in General Convex Games},
  author={Daskalakis, Constantinos and Farina, Gabriele and Fishelson, Maxwell and Pipis, Charilaos and Schneider, Jon},
  journal={arXiv preprint arXiv:2412.20291},
  year={2024}
}

@article{deng2019prior,
  title={Prior-free dynamic auctions with low regret buyers},
  author={Deng, Yuan and Schneider, Jon and Sivan, Balasubramanian},
  journal={Advances in Neural Information Processing Systems},
  volume={32},
  year={2019}
}

@article{deng2019strategizing,
  title={Strategizing against no-regret learners},
  author={Deng, Yuan and Schneider, Jon and Sivan, Balasubramanian},
  journal={Advances in Neural Information Processing Systems},
  volume={32},
  year={2019}
}

@article{farina2022simple,
  title={Simple uncoupled no-regret learning dynamics for extensive-form correlated equilibrium},
  author={Farina, Gabriele and Celli, Andrea and Marchesi, Alberto and Gatti, Nicola},
  journal={Journal of the ACM},
  volume={69},
  number={6},
  pages={1--41},
  year={2022},
  publisher={ACM New York, NY}
}

@inproceedings{fishelsonfull,
  title={Full Swap Regret and Discretized Calibration},
  author={Fishelson, Maxwell and Kleinberg, Robert and Okoroafor, Princewill and Leme, Renato Paes and Schneider, Jon and Teng, Yifeng},
  booktitle={36th International Conference on Algorithmic Learning Theory}
}

@article{forges1993five,
  title={Five legitimate definitions of correlated equilibrium in games with incomplete information},
  author={Forges, Fran{\c{c}}oise},
  journal={Theory and decision},
  volume={35},
  number={3},
  pages={277--310},
  year={1993},
  publisher={Springer}
}

@article{foster1997calibrated,
  title={Calibrated learning and correlated equilibrium},
  author={Foster, Dean P and Vohra, Rakesh V},
  journal={Games and Economic Behavior},
  volume={21},
  number={1-2},
  pages={40},
  year={1997}
}

@article{fujii2023bayes,
  title={Bayes correlated equilibria and no-regret dynamics},
  author={Fujii, Kaito},
  journal={arXiv preprint arXiv:2304.05005},
  year={2023}
}

@article{guruganesh2024contracting,
  title={Contracting with a Learning Agent},
  author={Guruganesh, Guru and Kolumbus, Yoav and Schneider, Jon and Talgam-Cohen, Inbal and Vlatakis-Gkaragkounis, Emmanouil-Vasileios and Wang, Joshua R and Weinberg, S Matthew},
  journal={arXiv preprint arXiv:2401.16198},
  year={2024}
}

@article{haghtalab2024calibrated,
  title={Calibrated stackelberg games: Learning optimal commitments against calibrated agents},
  author={Haghtalab, Nika and Podimata, Chara and Yang, Kunhe},
  journal={Advances in Neural Information Processing Systems},
  volume={36},
  year={2024}
}

@inproceedings{huang2008computing,
  title={Computing an extensive-form correlated equilibrium in polynomial time},
  author={Huang, Wan and von Stengel, Bernhard},
  booktitle={International Workshop on Internet and Network Economics},
  pages={506--513},
  year={2008},
  organization={Springer}
}

@article{lin2024persuading,
  title={Persuading a learning agent},
  author={Lin, Tao and Chen, Yiling},
  journal={arXiv preprint arXiv:2402.09721},
  year={2024}
}

@article{papadimitriou2008computing,
  title={Computing correlated equilibria in multi-player games},
  author={Papadimitriou, Christos H and Roughgarden, Tim},
  journal={Journal of the ACM (JACM)},
  volume={55},
  number={3},
  pages={1--29},
  year={2008},
  publisher={ACM New York, NY, USA}
}

@article{peng2023fast,
  title={Fast swap regret minimization and applications to approximate correlated equilibria},
  author={Peng, Binghui and Rubinstein, Aviad},
  journal={arXiv preprint arXiv:2310.19647},
  year={2023}
}

@inproceedings{peng2024swap, author = {Peng, Binghui and Rubinstein, Aviad}, title = {Fast Swap Regret Minimization and Applications to Approximate Correlated Equilibria}, year = {2024}, isbn = {9798400703836}, publisher = {Association for Computing Machinery}, address = {New York, NY, USA}, url = {https://doi.org/10.1145/3618260.3649691}, doi = {10.1145/3618260.3649691}, abstract = {We give a simple and computationally efficient algorithm that, for any constant ε>0, obtains ε T-swap regret within only T = (n) rounds; this is an exponential improvement compared to the super-linear number of rounds required by the state-of-the-art algorithm, and resolves the main open problem of ‍[]. Our algorithm has an exponential dependence on ε, but we prove a new, matching lower bound. Our algorithm for swap regret implies faster convergence to ε-Correlated Equilibrium (ε-CE) in several regimes: For normal form two-player games with n actions, it implies the first uncoupled dynamics that converges to the set of ε-CE in polylogarithmic rounds; a (n)-bit communication protocol for ε-CE in two-player games (resolving an open problem mentioned by ‍[, , ]); and an \~{O}(n)-query algorithm for ε-CE (resolving an open problem of ‍[] and obtaining the first separation between ε-CE and ε-Nash equilibrium in the query complexity model). For extensive-form games, our algorithm implies a PTAS for normal form correlated equilibria, a solution concept often conjectured to be computationally intractable (e.g. ‍[, ]).}, booktitle = {Proceedings of the 56th Annual ACM Symposium on Theory of Computing}, pages = {1223–1234}, numpages = {12}, keywords = {Equilibrium computation, Online learning}, location = {Vancouver, BC, Canada}, series = {STOC 2024} }

@article{perchet2013approachability,
  title={Approachability, regret and calibration; implications and equivalences},
  author={Perchet, Vianney},
  journal={arXiv preprint arXiv:1301.2663},
  year={2013}
}

@inproceedings{rubinstein2024strategizing,
  title={Strategizing against no-regret learners in first-price auctions},
  author={Rubinstein, Aviad and Zhao, Junyao},
  booktitle={Proceedings of the 25th ACM Conference on Economics and Computation},
  pages={894--921},
  year={2024}
}

@article{von2008extensive,
  title={Extensive-form correlated equilibrium: Definition and computational complexity},
  author={Von Stengel, Bernhard and Forges, Fran{\c{c}}oise},
  journal={Mathematics of Operations Research},
  volume={33},
  number={4},
  pages={1002--1022},
  year={2008},
  publisher={INFORMS}
}

@article{zhang2023mediator,
  title={Mediator Interpretation and Faster Learning Algorithms for Linear Correlated Equilibria in General Extensive-Form Games},
  author={Zhang, Brian Hu and Farina, Gabriele and Sandholm, Tuomas},
  journal={arXiv preprint arXiv:2310.15935},
  year={2023}
}

@article{zhang2024efficient,
  title={Efficient Phi-Regret Minimization with Low-Degree Swap Deviations in Extensive-Form Games},
  author={Zhang, Brian Hu and Anagnostides, Ioannis and Farina, Gabriele and Sandholm, Tuomas},
  journal={arXiv preprint arXiv:2402.09670},
  year={2024}
}

