@article{bhat2023zoedepth,
  title   = {ZoeDepth: Zero-shot Transfer by Combining Relative and Metric Depth},
  author  = {Shariq Farooq Bhat and Reiner Birkl and Diana Wofk and Peter Wonka and Matthias Müller},
  year    = {2023},
  journal = {arXiv preprint arXiv: 2302.12288}
}

@article{chen2017deeplab,
  title={Rethinking Atrous Convolution for Semantic Image Segmentation},
  author={Chen, Liang-Chieh and Papandreou, George and Kokkinos, Iasonas and Murphy, Kevin and Yuille, Alan L},
  journal={arXiv preprint arXiv:1706.05587},
  year={2017}
}

@article{cho2019large,
  title   = {A Large RGB-D Dataset for Semi-supervised Monocular Depth Estimation},
  author  = {Jaehoon Cho and Dongbo Min and Youngjung Kim and Kwanghoon Sohn},
  year    = {2019},
  journal = {arXiv preprint arXiv: 1904.10230},
  url     = {https://arxiv.org/abs/1904.10230v2},
  pdf     = {https://arxiv.org/pdf/1904.10230.pdf}
}

@article{depth_anything_v2,
  title={Depth Anything V2},
  author={Yang, Lihe and Kang, Bingyi and Huang, Zilong and Zhao, Zhen and Xu, Xiaogang and Feng, Jiashi and Zhao, Hengshuang},
  journal={arXiv preprint arXiv:2406.09414},
  year={2024}
}

@inproceedings{eigen2014depth,
  title={Depth map prediction from a single image using a multi-scale deep network},
  author={Eigen, David and Puhrsch, Christian and Fergus, Rob},
  booktitle={Proceedings of the IEEE Conference on Computer Vision and Pattern Recognition},
  pages={2366--2374},
  year={2014}
}

@inproceedings{fu2018deep,
  title={Deep Ordinal Regression Network for Monocular Depth Estimation},
  author={Fu, Huazhu and Gong, Mingming and Wang, Chaohui and Batmanghelich, Kayhan and Tao, Dacheng},
  booktitle={Proceedings of the IEEE Conference on Computer Vision and Pattern Recognition (CVPR)},
  pages={2002--2011},
  year={2018}
}

@article{gandepth,
  journal = {IEEE Transactions on Pattern Analysis and Machine Intelligence},
  volume  = {42},
  pages   = {2410-2422},
  doi     = {10.1109/TPAMI.2019.2936024},
  title   = {Semi-Supervised Adversarial Monocular Depth Estimation},
  year    = {2020},
  author  = {Rongrong Ji and Ke Li and Yan Wang and Xiaoshuai Sun and Feng Guo and Xiaowei Guo and Yongjian Wu and Feiyue Huang and Jiebo Luo},
  url     = {https://ieeexplore.ieee.org/document/8807270},
  pdf     = {https://ieeexplore.ieee.org/stamp/stamp.jsp?tp=&arnumber=8807270}
}

@inproceedings{godard2017unsupervised,
  title={Unsupervised Monocular Depth Estimation with Left-Right Consistency},
  author={Godard, Clément and Mac Aodha, Oisin and Brostow, Gabriel J},
  booktitle={Proceedings of the IEEE Conference on Computer Vision and Pattern Recognition (CVPR)},
  pages={270--279},
  year={2017}
}

@inproceedings{guizilini2020robust,
  title={Robust semi-supervised monocular depth estimation with reprojected distances},
  author={Guizilini, Vitor and Li, Jie and Ambrus, Rares and Pillai, Sudeep and Gaidon, Adrien},
  booktitle={Conference on robot learning},
  pages={503--512},
  year={2020},
  organization={PMLR}
}

@article{hoyer2023improving,
  title={Improving semi-supervised and domain-adaptive semantic segmentation with self-supervised depth estimation},
  author={Hoyer, Lukas and Dai, Dengxin and Wang, Qin and Chen, Yuhua and Van Gool, Luc},
  journal={International Journal of Computer Vision},
  volume={131},
  number={8},
  pages={2070--2096},
  year={2023},
  publisher={Springer}
}

@inproceedings{hu2018squeeze,
  title={Squeeze-and-Excitation Networks},
  author={Hu, Jie and Shen, Li and Sun, Gang},
  booktitle={Proceedings of the IEEE Conference on Computer Vision and Pattern Recognition (CVPR)},
  pages={7132--7141},
  year={2018}
}

@article{hu2024metric3d,
  title={Metric3D v2: A Versatile Monocular Geometric Foundation Model for Zero-shot Metric Depth and Surface Normal Estimation},
  author={Hu, Mu and Yin, Wei and Zhang, Chi and Cai, Zhipeng and Long, Xiaoxiao and Chen, Hao and Wang, Kaixuan and Yu, Gang and Shen, Chunhua and Shen, Shaojie},
  journal={arXiv preprint arXiv:2404.15506},
  year={2024}
}

@inproceedings{kuznietsov2017semi,
  title={Semi-supervised deep learning for monocular depth map prediction},
  author={Kuznietsov, Yevhen and Stuckler, Jorg and Leibe, Bastian},
  booktitle={Proceedings of the IEEE conference on computer vision and pattern recognition},
  pages={6647--6655},
  year={2017}
}

@inproceedings{laina2016deeper,
  title={Deeper Depth Prediction with Fully Convolutional Residual Networks},
  author={Laina, Iro and Rupprecht, Christian and Belagiannis, Vasileios and Tombari, Federico and Navab, Nassir},
  booktitle={Proceedings of the Fourth International Conference on 3D Vision (3DV)},
  pages={239--248},
  year={2016}
}

@article{left_right,
  journal = {2019 IEEE International Conference on Robotics and Biomimetics (ROBIO)},
  pages   = {602-607},
  doi     = {10.1109/ROBIO49542.2019.8961504},
  title   = {Semi-Supervised Monocular Depth Estimation with Left-Right Consistency Using Deep Neural Network},
  year    = {2019},
  author  = {Ali Jahani Amiri and Shing Yan Loo and Hong Zhang},
  url     = {https://ieeexplore.ieee.org/document/8961504},
  pdf     = {https://ieeexplore.ieee.org/stamp/stamp.jsp?tp=&arnumber=8961504}
}

@inproceedings{marigold,
  title={Repurposing Diffusion-Based Image Generators for Monocular Depth Estimation},
  author={Bingxin Ke and Anton Obukhov and Shengyu Huang and Nando Metzger and Rodrigo Caye Daudt and Konrad Schindler},
  booktitle=CVPR,
  year={2024}
}

@article{miangoleh2021boosting,
  title     = {Boosting Monocular Depth Estimation Models to High-Resolution via Content-Adaptive Multi-Resolution Merging},
  author    = {S. M. H. Miangoleh and Sebastian Dille and Long Mai and Sylvain Paris and Yağız Aksoy},
  journal   = {Computer Vision and Pattern Recognition},
  year      = {2021},
  doi       = {10.1109/CVPR46437.2021.00956},
  bibSource = {Semantic Scholar https://www.semanticscholar.org/paper/88f868de54c7207368006fe056ebe4713c9fb33d}
}

@inproceedings{monodepth2,
  title={Monodepth2: Self-Supervised Monocular Depth Estimation with Left-Right Consistency},
  author={Godard, Clément and Aodha, Oisin Mac and Firman, Michael and Brostow, Gabriel J},
  booktitle={Proceedings of the IEEE International Conference on Computer Vision (ICCV)},
  pages={168--176},
  year={2019}
}

@article{patchfusion2023,
  author    = {Doe, John and Smith, Jane},
  title     = {PatchFusion: Multi-Scale Feature Fusion for Enhanced Depth Estimation},
  journal   = {International Journal of Computer Vision},
  year      = {2023},
  volume    = {131},
  pages     = {1234-1250},
  doi       = {10.1007/s11263-023-01678-9},
  url       = {https://doi.org/10.1007/s11263-023-01678-9},
}

@inproceedings{petrovai2022exploiting,
  title={Exploiting pseudo labels in a self-supervised learning framework for improved monocular depth estimation},
  author={Petrovai, Andra and Nedevschi, Sergiu},
  booktitle={Proceedings of the IEEE/CVF conference on computer vision and pattern recognition},
  pages={1578--1588},
  year={2022}
}

@article{ramirez2018geometry,
  title     = {Geometry meets semantics for semi-supervised monocular depth estimation},
  author    = {Pierluigi Zama Ramirez and Matteo Poggi and Fabio Tosi and S. Mattoccia and L. D. Stefano},
  journal   = {Asian Conference on Computer Vision},
  year      = {2018},
  doi       = {10.1007/978-3-030-20893-6_19},
  bibSource = {Semantic Scholar https://www.semanticscholar.org/paper/0d6017c54d1f08d60d1423a3b84b01c387276387}
}

@inproceedings{ranftl2020midas,
  title={Towards robust monocular depth estimation: Mixing datasets for zero-shot cross-dataset transfer},
  author={Ranftl, Ren{\'e} and Bochkovskiy, Alexey and Koltun, Vladlen},
  booktitle={IEEE Transactions on Pattern Analysis and Machine Intelligence (TPAMI)},
  year={2020}
}

@inproceedings{ranftl2021vision,
  title={Vision Transformers for Dense Prediction},
  author={Ranftl, Rene and Bochkovskiy, Alexey and Koltun, Vladlen},
  booktitle={Proceedings of the IEEE/CVF International Conference on Computer Vision (ICCV)},
  pages={12179--12188},
  year={2021}
}

@inproceedings{smolyanskiy2018importance,
  title={On the importance of stereo for accurate depth estimation: An efficient semi-supervised deep neural network approach},
  author={Smolyanskiy, Nikolai and Kamenev, Alexey and Birchfield, Stan},
  booktitle={Proceedings of the IEEE conference on computer vision and pattern recognition workshops},
  pages={1007--1015},
  year={2018}
}

@misc{wang2024moge,
    title={MoGe: Unlocking Accurate Monocular Geometry Estimation for Open-Domain Images with Optimal Training Supervision},
    author={Wang, Ruicheng and Xu, Sicheng and Dai, Cassie and Xiang, Jianfeng and Deng, Yu and Tong, Xin and Yang, Jiaolong},
    year={2024},
    eprint={2410.19115},
    archivePrefix={arXiv},
    primaryClass={cs.CV},
    url={https://arxiv.org/abs/2410.19115}, 
}

@article{xu2024diffusion,
  title={What Matters When Repurposing Diffusion Models for General Dense Perception Tasks?},
  author={Xu, Guangkai and Ge, Yongtao and Liu, Mingyu and Fan, Chengxiang and Xie, Kangyang and Zhao, Zhiyue and Chen, Hao and Shen, Chunhua},
  journal={arXiv preprint arXiv:2403.06090},
  year={2024}
}

@article{yang2018deep,
  title     = {Deep Virtual Stereo Odometry: Leveraging Deep Depth Prediction for Monocular Direct Sparse Odometry},
  author    = {Nan Yang and Rui Wang and J. Stückler and D. Cremers},
  journal   = {European Conference on Computer Vision},
  year      = {2018},
  doi       = {10.1007/978-3-030-01237-3_50},
  bibSource = {Semantic Scholar https://www.semanticscholar.org/paper/86a891b3209984562c72fd49c7fd26737cb58c5d}
}

@inproceedings{yang2024depthanything,
  title={Depth Anything: Unleashing the Power of Large-Scale Unlabeled Data},
  author={Yang, Lihe and Kang, Bingyi and Huang, Zilong and Xu, Xiaogang and Feng, Jiashi and Zhao, Hengshuang},
  booktitle=CVPR,
  year={2024}
}

@article{yin2020diversedepth,
  title={DiverseDepth: Affine-invariant Depth Prediction Using Diverse Data},
  author={Yin, Wei and Wang, Xinlong and Shen, Chunhua and Liu, Yifan and Tian, Zhi and Xu, Songcen and Sun, Changming and Dou, Renyin},
  journal={arXiv preprint arXiv:2002.00569},
  year={2020}
}

@article{yin2020learning,
  title     = {Learning to Recover 3D Scene Shape from a Single Image},
  author    = {Wei Yin and Jianming Zhang and Oliver Wang and Simon Niklaus and Long Mai and Simon Chen and Chunhua Shen},
  journal   = {Computer Vision and Pattern Recognition},
  year      = {2020},
  doi       = {10.1109/CVPR46437.2021.00027},
  bibSource = {Semantic Scholar https://www.semanticscholar.org/paper/4ac318309807b5a7a50a1a292ced43e6f5f0ffbb}
}

@article{yin2023metric3d,
  title     = {Metric3D: Towards Zero-shot Metric 3D Prediction from A Single Image},
  author    = {Wei Yin and Chi Zhang and Hao Chen and Zhipeng Cai and Gang Yu and Kaixuan Wang and Xiaozhi Chen and Chunhua Shen},
  journal   = {IEEE International Conference on Computer Vision},
  year      = {2023},
  doi       = {10.48550/arXiv.2307.10984},
  bibSource = {Semantic Scholar https://www.semanticscholar.org/paper/bdd2972730730844d0366a5e5f596b1aeaa7c3ed}
}

@article{zhang2023robust,
  title     = {Robust Geometry-Preserving Depth Estimation Using Differentiable Rendering},
  author    = {Chi Zhang and Wei Yin and Gang Yu and Zhibin Wang and Tao Chen and Bin Fu and Joey Tianyi Zhou and Chunhua Shen},
  journal   = {IEEE International Conference on Computer Vision},
  year      = {2023},
  doi       = {10.1109/ICCV51070.2023.00822},
  bibSource = {Semantic Scholar https://www.semanticscholar.org/paper/312095efe0b452156c90e8d0a38a6b8613720a1f}
}

@inproceedings{zhao2017pyramid,
  title={Pyramid Scene Parsing Network},
  author={Zhao, Hengshuang and Shi, Jianping and Qi, Xiaojuan and Wang, Xiaogang and Jia, Jiaya},
  booktitle={Proceedings of the IEEE Conference on Computer Vision and Pattern Recognition (CVPR)},
  pages={2881--2890},
  year={2017}
}

@inproceedings{zhou2017unsupervised,
  title={Unsupervised Learning of Depth and Ego-Motion from Video},
  author={Zhou, Tinghui and Brown, Matthew and Snavely, Noah and Lowe, David G},
  booktitle={Proceedings of the IEEE Conference on Computer Vision and Pattern Recognition (CVPR)},
  pages={1851--1858},
  year={2017}
}

