@article{brown2020language,
  title={Language models are few-shot learners},
  author={Brown, Tom and Mann, Benjamin and Ryder, Nick and Subbiah, Melanie and Kaplan, Jared D and Dhariwal, Prafulla and Neelakantan, Arvind and Shyam, Pranav and Sastry, Girish and Askell, Amanda and others},
  journal={Advances in neural information processing systems},
  volume={33},
  pages={1877--1901},
  year={2020}
}

@inproceedings{guo2023prompttts,
  title={PromptTTS: Controllable text-to-speech with text descriptions},
  author={Guo, Zhifang and Leng, Yichong and Wu, Yihan and Zhao, Sheng and Tan, Xu},
  booktitle={ICASSP 2023-2023 IEEE International Conference on Acoustics, Speech and Signal Processing (ICASSP)},
  pages={1--5},
  year={2023},
  organization={IEEE}
}

@inproceedings{guo2024voiceflow,
  title={VoiceFlow: Efficient Text-to-Speech with Rectified Flow Matching},
  author={Guo, Yiwei and Du, Chenpeng and Ma, Ziyang and Chen, Xie and Yu, Kai},
  booktitle={ICASSP 2024-2024 IEEE International Conference on Acoustics, Speech and Signal Processing (ICASSP)},
  pages={11121--11125},
  year={2024},
  organization={IEEE}
}

@inproceedings{huang2022singgan,
  title={Singgan: Generative adversarial network for high-fidelity singing voice generation},
  author={Huang, Rongjie and Cui, Chenye and Chen, Feiyang and Ren, Yi and Liu, Jinglin and Zhao, Zhou and Huai, Baoxing and Wang, Zhefeng},
  booktitle={Proceedings of the 30th ACM International Conference on Multimedia},
  pages={2525--2535},
  year={2022}
}

@inproceedings{ikemiya2014transferring,
  title={Transferring vocal expression of f0 contour using singing voice synthesizer},
  author={Ikemiya, Yukara and Itoyama, Katsutoshi and Okuno, Hiroshi G},
  booktitle={Modern Advances in Applied Intelligence: 27th International Conference on Industrial Engineering and Other Applications of Applied Intelligent Systems, IEA/AIE 2014, Kaohsiung, Taiwan, June 3-6, 2014, Proceedings, Part II 27},
  pages={250--259},
  year={2014},
  organization={Springer}
}

@inproceedings{kim2021conditional,
  title={Conditional variational autoencoder with adversarial learning for end-to-end text-to-speech},
  author={Kim, Jaehyeon and Kong, Jungil and Son, Juhee},
  booktitle={International Conference on Machine Learning},
  pages={5530--5540},
  year={2021},
  organization={PMLR}
}

@article{kim2023muse,
  title={MuSE-SVS: Multi-Singer Emotional Singing Voice Synthesizer that Controls Emotional Intensity},
  author={Kim, Sungjae and Kim, Yewon and Jun, Jewoo and Kim, Injung},
  journal={IEEE/ACM Transactions on Audio, Speech, and Language Processing},
  year={2023},
  publisher={IEEE}
}

@article{kreuk2022audiogen,
  title={Audiogen: Textually guided audio generation},
  author={Kreuk, Felix and Synnaeve, Gabriel and Polyak, Adam and Singer, Uriel and D{\'e}fossez, Alexandre and Copet, Jade and Parikh, Devi and Taigman, Yaniv and Adi, Yossi},
  journal={arXiv preprint arXiv:2209.15352},
  year={2022}
}

@article{le2024voicebox,
  title={Voicebox: Text-guided multilingual universal speech generation at scale},
  author={Le, Matthew and Vyas, Apoorv and Shi, Bowen and Karrer, Brian and Sari, Leda and Moritz, Rashel and Williamson, Mary and Manohar, Vimal and Adi, Yossi and Mahadeokar, Jay and others},
  journal={Advances in neural information processing systems},
  volume={36},
  year={2024}
}

@inproceedings{lipman2022flow,
  title={Flow Matching for Generative Modeling},
  author={Lipman, Yaron and Chen, Ricky TQ and Ben-Hamu, Heli and Nickel, Maximilian and Le, Matthew},
  booktitle={The Eleventh International Conference on Learning Representations},
  year={2022}
}

@inproceedings{liu2021vibrato,
  title={Vibrato learning in multi-singer singing voice synthesis},
  author={Liu, Ruolan and Wen, Xue and Lu, Chunhui and Song, Liming and Sung, June Sig},
  booktitle={2021 IEEE Automatic Speech Recognition and Understanding Workshop (ASRU)},
  pages={773--779},
  year={2021},
  organization={IEEE}
}

@inproceedings{liu2022diffsinger,
  title={Diffsinger: Singing voice synthesis via shallow diffusion mechanism},
  author={Liu, Jinglin and Li, Chengxi and Ren, Yi and Chen, Feiyang and Zhao, Zhou},
  booktitle={Proceedings of the AAAI conference on artificial intelligence},
  volume={36},
  pages={11020--11028},
  year={2022}
}

@article{lu2020xiaoicesing,
  title={Xiaoicesing: A high-quality and integrated singing voice synthesis system},
  author={Lu, Peiling and Wu, Jie and Luan, Jian and Tan, Xu and Zhou, Li},
  journal={arXiv preprint arXiv:2006.06261},
  year={2020}
}

@inproceedings{mehta2024matcha,
  title={Matcha-TTS: A fast TTS architecture with conditional flow matching},
  author={Mehta, Shivam and Tu, Ruibo and Beskow, Jonas and Sz{\'e}kely, {\'E}va and Henter, Gustav Eje},
  booktitle={ICASSP 2024-2024 IEEE International Conference on Acoustics, Speech and Signal Processing (ICASSP)},
  pages={11341--11345},
  year={2024},
  organization={IEEE}
}

@inproceedings{ramesh2021zero,
  title={Zero-shot text-to-image generation},
  author={Ramesh, Aditya and Pavlov, Mikhail and Goh, Gabriel and Gray, Scott and Voss, Chelsea and Radford, Alec and Chen, Mark and Sutskever, Ilya},
  booktitle={International Conference on Machine Learning},
  pages={8821--8831},
  year={2021},
  organization={PMLR}
}

@inproceedings{ren2020deepsinger,
  title={Deepsinger: Singing voice synthesis with data mined from the web},
  author={Ren, Yi and Tan, Xu and Qin, Tao and Luan, Jian and Zhao, Zhou and Liu, Tie-Yan},
  booktitle={Proceedings of the 26th ACM SIGKDD International Conference on Knowledge Discovery \& Data Mining},
  pages={1979--1989},
  year={2020}
}

@inproceedings{song2022singing,
  title={Singing voice synthesis with vibrato modeling and latent energy representation},
  author={Song, Yingjie and Song, Wei and Zhang, Wei and Zhang, Zhengchen and Zeng, Dan and Liu, Zhi and Yu, Yang},
  booktitle={2022 IEEE 24th International Workshop on Multimedia Signal Processing (MMSP)},
  pages={1--6},
  year={2022},
  organization={IEEE}
}

@article{vyas2023audiobox,
  title={Audiobox: Unified audio generation with natural language prompts},
  author={Vyas, Apoorv and Shi, Bowen and Le, Matthew and Tjandra, Andros and Wu, Yi-Chiao and Guo, Baishan and Zhang, Jiemin and Zhang, Xinyue and Adkins, Robert and Ngan, William and others},
  journal={arXiv preprint arXiv:2312.15821},
  year={2023}
}

@article{wang2024prompt,
  title={Prompt-Singer: Controllable Singing-Voice-Synthesis with Natural Language Prompt},
  author={Wang, Yongqi and Hu, Ruofan and Huang, Rongjie and Hong, Zhiqing and Li, Ruiqi and Liu, Wenrui and You, Fuming and Jin, Tao and Zhao, Zhou},
  journal={arXiv preprint arXiv:2403.11780},
  year={2024}
}

@article{wu2020adversarially,
  title={Adversarially trained multi-singer sequence-to-sequence singing synthesizer},
  author={Wu, Jie and Luan, Jian},
  journal={arXiv preprint arXiv:2006.10317},
  year={2020}
}

@article{yang2023instructtts,
  title={Instructtts: Modelling expressive tts in discrete latent space with natural language style prompt},
  author={Yang, Dongchao and Liu, Songxiang and Huang, Rongjie and Lei, Guangzhi and Weng, Chao and Meng, Helen and Yu, Dong},
  journal={arXiv preprint arXiv:2301.13662},
  year={2023}
}

@inproceedings{zhang2022visinger,
  title={Visinger: Variational inference with adversarial learning for end-to-end singing voice synthesis},
  author={Zhang, Yongmao and Cong, Jian and Xue, Heyang and Xie, Lei and Zhu, Pengcheng and Bi, Mengxiao},
  booktitle={ICASSP 2022-2022 IEEE International Conference on Acoustics, Speech and Signal Processing (ICASSP)},
  pages={7237--7241},
  year={2022},
  organization={IEEE}
}

@inproceedings{zhang2024stylesinger,
  title={StyleSinger: Style Transfer for Out-of-Domain Singing Voice Synthesis},
  author={Zhang, Yu and Huang, Rongjie and Li, Ruiqi and He, JinZheng and Xia, Yan and Chen, Feiyang and Duan, Xinyu and Huai, Baoxing and Zhao, Zhou},
  booktitle={Proceedings of the AAAI Conference on Artificial Intelligence},
  volume={38},
  number={17},
  pages={19597--19605},
  year={2024}
}

@inproceedings{zhang2024tcsinger,
  title={TCSinger: Zero-Shot Singing Voice Synthesis with Style Transfer and Multi-Level Style Control},
  author={Zhang, Yu and Jiang, Ziyue and Li, Ruiqi and Pan, Changhao and He, Jinzheng and Huang, Rongjie and Wang, Chuxin and Zhao, Zhou},
  booktitle={Proceedings of the 2024 Conference on Empirical Methods in Natural Language Processing},
  pages={1960--1975},
  year={2024}
}

