@article{doob1942stochastic,
  title={What is a Markovss?},
  author={Doob, Joseph L},
  journal={The American Mathematical Monthly},
  volume={49},
  number={10},
  pages={648--653},
  year={1942},
  publisher={Taylor \& Francis}
}
@article{jiang2019multifractal,
  title={Multifractal analysis of financial markets: A review},
  author={Jiang, Zhi-Qiang and Xie, Wen-Jie and Zhou, Wei-Xing and Sornette, Didier},
  journal={Reports on Progress in Physics},
  volume={82},
  number={12},
  pages={125901},
  year={2019},
  publisher={IOP Publishing}
}
@book{dupacova2002stochastic,
  title={Stochastic modeling in economics and finance},
  author={Dupacova, Jitka and Hurt, Jan and Stepan, Josef},
  volume={75},
  year={2002},
  publisher={Springer Science \& Business Media}
}
@article{reid1953stochastic,
  title={On Markovsses in biology},
  author={Reid, AT},
  journal={Biometrics},
  volume={9},
  number={3},
  pages={275--289},
  year={1953},
  publisher={JSTOR}
}
@book{najim2004stochastic,
  title={Markovsses: estimation, optimisation and analysis},
  author={Najim, Kaddour and Ikonen, Enso and Daoud, Ait-Kadi},
  year={2004},
  publisher={Elsevier}
}
@article{banerjee2008gaussian,
  title={Gaussian predictive process models for large spatial data sets},
  author={Banerjee, Sudipto and Gelfand, Alan E and Finley, Andrew O and Sang, Huiyan},
  journal={Journal of the Royal Statistical Society Series B: Statistical Methodology},
  volume={70},
  number={4},
  pages={825--848},
  year={2008},
  publisher={Oxford University Press}
}
@article{pavliotis2014stochastic,
  title={Markovsses and applications},
  author={Pavliotis, Grigorios A},
  journal={Texts in applied mathematics},
  volume={60},
  year={2014},
  publisher={Springer}
}
@article{van1976stochastic,
  title={Stochastic differential equations},
  author={Van Kampen, Nicolaas G},
  journal={Physics reports},
  volume={24},
  number={3},
  pages={171--228},
  year={1976},
  publisher={Elsevier}
}
@article{mao2013stabilization,
  title={Stabilization of continuous-time hybrid stochastic differential equations by discrete-time feedback control},
  author={Mao, Xuerong},
  journal={Automatica},
  volume={49},
  number={12},
  pages={3677--3681},
  year={2013},
  publisher={Elsevier}
}
@article{wilkie2004numerical,
  title={Numerical methods for stochastic differential equations},
  author={Wilkie, Joshua},
  journal={Physical Review E—Statistical, Nonlinear, and Soft Matter Physics},
  volume={70},
  number={1},
  pages={017701},
  year={2004},
  publisher={APS}
}
@article{platen1999introduction,
  title={An introduction to numerical methods for stochastic differential equations},
  author={Platen, Eckhard},
  journal={Acta numerica},
  volume={8},
  pages={197--246},
  year={1999},
  publisher={Cambridge University Press}
}
@book{feller1991introduction,
  title={An introduction to probability theory and its applications, Volume 2},
  author={Feller, William},
  volume={81},
  year={1991},
  publisher={John Wiley \& Sons}
}
@article{seeger2004gaussian,
  title={Gaussian processes for machine learning},
  author={Seeger, Matthias},
  journal={International journal of neural systems},
  volume={14},
  number={02},
  pages={69--106},
  year={2004},
  publisher={World Scientific}
}
@article{chung1967markov,
  title={Markov chains},
  author={Chung, Kai Lai},
  journal={Springer-Verlag, New York},
  year={1967},
  publisher={Springer}
}
@article{rabiner1989tutorial,
  title={A tutorial on hidden Markov models and selected applications in speech recognition},
  author={Rabiner, Lawrence R},
  journal={Proceedings of the IEEE},
  volume={77},
  number={2},
  pages={257--286},
  year={1989},
  publisher={Ieee}
}
@article{wilson2011gaussian,
  title={Gaussian process regression networks},
  author={Wilson, Andrew Gordon and Knowles, David A and Ghahramani, Zoubin},
  journal={arXiv preprint arXiv:1110.4411},
  year={2011}
}
@book{bishop2006pattern,
  title={Pattern recognition and machine learning},
  author={Bishop, Christopher M and Nasrabadi, Nasser M},
  volume={4},
  number={4},
  year={2006},
  publisher={Springer}
}
@article{bishop1994mixture,
  title={Mixture density networks},
  author={Bishop, Christopher M},
  year={1994},
  publisher={Aston University}
}
@inproceedings{chen2022deconvolutional,
  title={Deconvolutional density network: Modeling free-form conditional distributions},
  author={Chen, Bing and Islam, Mazharul and Gao, Jisuo and Wang, Lin},
  booktitle={Proceedings of the AAAI Conference on Artificial Intelligence},
  volume={36},
  number={6},
  pages={6183--6192},
  year={2022}
}
@article{starkman2023stream,
  title={Stream Members Only: Data-Driven Characterization of Stellar Streams with Mixture Density Networks},
  author={Starkman, Nathaniel and Nibauer, Jacob and Bovy, Jo and Webb, Jeremy J and Tavangar, Kiyan and Price-Whelan, Adrian and Bonaca, Ana},
  journal={arXiv preprint arXiv:2311.16960},
  year={2023}
}
@book{oksendal2013stochastic,
  title={Stochastic differential equations: an introduction with applications},
  author={Oksendal, Bernt},
  year={2013},
  publisher={Springer Science \& Business Media}
}
@book{kloeden1992stochastic,
  title={Stochastic differential equations},
  author={Kloeden, Peter E and Platen, Eckhard and Kloeden, Peter E and Platen, Eckhard},
  year={1992},
  publisher={Springer}
}
@article{arminger1986linear,
  title={Linear stochastic differential equation models for panel data with unobserved variables},
  author={Arminger, Gerhard},
  journal={Sociological methodology},
  volume={16},
  pages={187--212},
  year={1986},
  publisher={JSTOR}
}
@article{overgaard2005non,
  title={Non-linear mixed-effects models with stochastic differential equations: implementation of an estimation algorithm},
  author={Overgaard, Rune V and Jonsson, Niclas and Torn{\o}e, Christoffer W and Madsen, Henrik},
  journal={Journal of pharmacokinetics and pharmacodynamics},
  volume={32},
  pages={85--107},
  year={2005},
  publisher={Springer}
}
@article{giesecke2018numerical,
  title={Numerical solution of jump-diffusion SDEs},
  author={Giesecke, Kay and Shkolnik, Alexander and Teng, Gerald and Wei, Yexiang},
  journal={Available at SSRN 2298701},
  year={2018}
}
@article{nielsen2000parameter,
  title={Parameter estimation in stochastic differential equations: an overview},
  author={Nielsen, Jan Nygaard and Madsen, Henrik and Young, Peter C},
  journal={Annual Reviews in Control},
  volume={24},
  pages={83--94},
  year={2000},
  publisher={Elsevier}
}
@article{burrage2004numerical,
  title={Numerical methods for strong solutions of stochastic differential equations: an overview},
  author={Burrage, Kevin and Burrage, PM and Tian, Tianhai},
  journal={Proceedings of the Royal Society of London. Series A: Mathematical, Physical and Engineering Sciences},
  volume={460},
  number={2041},
  pages={373--402},
  year={2004},
  publisher={The Royal Society}
}
@article{nisio2015stochastic,
  title={Stochastic control theory},
  author={Nisio, Makiko},
  journal={ISI Lecture Notes},
  volume={9},
  year={2015},
  publisher={Springer}
}
@article{eddy1996hidden,
  title={Hidden markov models},
  author={Eddy, Sean R},
  journal={Current opinion in structural biology},
  volume={6},
  number={3},
  pages={361--365},
  year={1996},
  publisher={Elsevier}
}
@article{gomez2010discrete,
  title={Discrete-time Markov chain approach to contact-based disease spreading in complex networks},
  author={G{\'o}mez, Sergio and Arenas, Alexandre and Borge-Holthoefer, Javier and Meloni, Sandro and Moreno, Yamir},
  journal={Europhysics Letters},
  volume={89},
  number={3},
  pages={38009},
  year={2010},
  publisher={IOP Publishing}
}
@article{craig2002estimation,
  title={Estimation of the transition matrix of a discrete-time Markov chain},
  author={Craig, Bruce A and Sendi, Peter P},
  journal={Health economics},
  volume={11},
  number={1},
  pages={33--42},
  year={2002},
  publisher={Wiley Online Library}
}]
@article{lazaro2012bayesian,
  title={Bayesian warped Gaussian processes},
  author={L{\'a}zaro-Gredilla, Miguel},
  journal={Advances in Neural Information Processing Systems},
  volume={25},
  year={2012}
}
@inproceedings{shah2014student,
  title={Student-t processes as alternatives to Gaussian processes},
  author={Shah, Amar and Wilson, Andrew and Ghahramani, Zoubin},
  booktitle={Artificial intelligence and statistics},
  pages={877--885},
  year={2014},
  organization={PMLR}
}
@article{jylanki2011robust,
  title={Robust Gaussian Process Regression with a Student-t Likelihood.},
  author={Jyl{\"a}nki, Pasi and Vanhatalo, Jarno and Vehtari, Aki},
  journal={Journal of Machine Learning Research},
  volume={12},
  number={11},
  year={2011}
}
@article{chen2020multivariate,
  title={Multivariate Gaussian and Student-t process regression for multi-output prediction},
  author={Chen, Zexun and Wang, Bo and Gorban, Alexander N},
  journal={Neural Computing and Applications},
  volume={32},
  pages={3005--3028},
  year={2020},
  publisher={Springer}
}
@article{williams1995gaussian,
  title={Gaussian processes for regression},
  author={Williams, Christopher and Rasmussen, Carl},
  journal={Advances in neural information processing systems},
  volume={8},
  year={1995}
}
@article{balakrishnan2011powers,
  title={On powers of gaussian white noise},
  author={Balakrishnan, AV and Mazumdar, Ravi R},
  journal={IEEE transactions on information theory},
  volume={57},
  number={11},
  pages={7629--7634},
  year={2011},
  publisher={IEEE}
}
@book{howson2006scientific,
  title={Scientific reasoning: the Bayesian approach},
  author={Howson, Colin and Urbach, Peter},
  year={2006},
  publisher={Open Court Publishing}
}
@article{rumelhart1986learning,
  title={Learning representations by back-propagating errors},
  author={Rumelhart, David E and Hinton, Geoffrey E and Williams, Ronald J},
  journal={nature},
  volume={323},
  number={6088},
  pages={533--536},
  year={1986},
  publisher={Nature Publishing Group UK London}
}
@article{lecun1998gradient,
  title={Gradient-based learning applied to document recognition},
  author={LeCun, Yann and Bottou, L{\'e}on and Bengio, Yoshua and Haffner, Patrick},
  journal={Proceedings of the IEEE},
  volume={86},
  number={11},
  pages={2278--2324},
  year={1998},
  publisher={Ieee}
}
@article{krizhevsky2009learning,
  title={Learning multiple layers of features from tiny images},
  author={Krizhevsky, Alex and Hinton, Geoffrey and others},
  year={2009},
  publisher={Toronto, ON, Canada}
}
@inproceedings{garnelo2018conditional,
  title={Conditional neural processes},
  author={Garnelo, Marta and Rosenbaum, Dan and Maddison, Christopher and Ramalho, Tiago and Saxton, David and Shanahan, Murray and Teh, Yee Whye and Rezende, Danilo and Eslami, SM Ali},
  booktitle={International conference on machine learning},
  pages={1704--1713},
  year={2018},
  organization={PMLR}
}
@article{przybylowicz2022efficient,
  title={Efficient approximation of SDEs driven by countably dimensional Wiener process and Poisson random measure},
  author={Przyby{\l}owicz, Pawe{\l} and Sobieraj, Micha{\l} and Stȩpień, {\L}ukasz},
  journal={SIAM Journal on Numerical Analysis},
  volume={60},
  number={2},
  pages={824--855},
  year={2022},
  publisher={SIAM}
}