@article{arminger1986linear,
  title={Linear stochastic differential equation models for panel data with unobserved variables},
  author={Arminger, Gerhard},
  journal={Sociological methodology},
  volume={16},
  pages={187--212},
  year={1986},
  publisher={JSTOR}
}

@article{bishop1994mixture,
  title={Mixture density networks},
  author={Bishop, Christopher M},
  year={1994},
  publisher={Aston University}
}

@article{burrage2004numerical,
  title={Numerical methods for strong solutions of stochastic differential equations: an overview},
  author={Burrage, Kevin and Burrage, PM and Tian, Tianhai},
  journal={Proceedings of the Royal Society of London. Series A: Mathematical, Physical and Engineering Sciences},
  volume={460},
  number={2041},
  pages={373--402},
  year={2004},
  publisher={The Royal Society}
}

@article{chen2020multivariate,
  title={Multivariate Gaussian and Student-t process regression for multi-output prediction},
  author={Chen, Zexun and Wang, Bo and Gorban, Alexander N},
  journal={Neural Computing and Applications},
  volume={32},
  pages={3005--3028},
  year={2020},
  publisher={Springer}
}

@inproceedings{chen2022deconvolutional,
  title={Deconvolutional density network: Modeling free-form conditional distributions},
  author={Chen, Bing and Islam, Mazharul and Gao, Jisuo and Wang, Lin},
  booktitle={Proceedings of the AAAI Conference on Artificial Intelligence},
  volume={36},
  number={6},
  pages={6183--6192},
  year={2022}
}

@article{chung1967markov,
  title={Markov chains},
  author={Chung, Kai Lai},
  journal={Springer-Verlag, New York},
  year={1967},
  publisher={Springer}
}

@article{craig2002estimation,
  title={Estimation of the transition matrix of a discrete-time Markov chain},
  author={Craig, Bruce A and Sendi, Peter P},
  journal={Health economics},
  volume={11},
  number={1},
  pages={33--42},
  year={2002},
  publisher={Wiley Online Library}
}

@article{eddy1996hidden,
  title={Hidden markov models},
  author={Eddy, Sean R},
  journal={Current opinion in structural biology},
  volume={6},
  number={3},
  pages={361--365},
  year={1996},
  publisher={Elsevier}
}

@article{gomez2010discrete,
  title={Discrete-time Markov chain approach to contact-based disease spreading in complex networks},
  author={G{\'o}mez, Sergio and Arenas, Alexandre and Borge-Holthoefer, Javier and Meloni, Sandro and Moreno, Yamir},
  journal={Europhysics Letters},
  volume={89},
  number={3},
  pages={38009},
  year={2010},
  publisher={IOP Publishing}
}

@article{jiang2019multifractal,
  title={Multifractal analysis of financial markets: A review},
  author={Jiang, Zhi-Qiang and Xie, Wen-Jie and Zhou, Wei-Xing and Sornette, Didier},
  journal={Reports on Progress in Physics},
  volume={82},
  number={12},
  pages={125901},
  year={2019},
  publisher={IOP Publishing}
}

@article{jylanki2011robust,
  title={Robust Gaussian Process Regression with a Student-t Likelihood.},
  author={Jyl{\"a}nki, Pasi and Vanhatalo, Jarno and Vehtari, Aki},
  journal={Journal of Machine Learning Research},
  volume={12},
  number={11},
  year={2011}
}

@book{kloeden1992stochastic,
  title={Stochastic differential equations},
  author={Kloeden, Peter E and Platen, Eckhard and Kloeden, Peter E and Platen, Eckhard},
  year={1992},
  publisher={Springer}
}

@article{lazaro2012bayesian,
  title={Bayesian warped Gaussian processes},
  author={L{\'a}zaro-Gredilla, Miguel},
  journal={Advances in Neural Information Processing Systems},
  volume={25},
  year={2012}
}

@article{nielsen2000parameter,
  title={Parameter estimation in stochastic differential equations: an overview},
  author={Nielsen, Jan Nygaard and Madsen, Henrik and Young, Peter C},
  journal={Annual Reviews in Control},
  volume={24},
  pages={83--94},
  year={2000},
  publisher={Elsevier}
}

@article{nisio2015stochastic,
  title={Stochastic control theory},
  author={Nisio, Makiko},
  journal={ISI Lecture Notes},
  volume={9},
  year={2015},
  publisher={Springer}
}

@book{oksendal2013stochastic,
  title={Stochastic differential equations: an introduction with applications},
  author={Oksendal, Bernt},
  year={2013},
  publisher={Springer Science \& Business Media}
}

@article{overgaard2005non,
  title={Non-linear mixed-effects models with stochastic differential equations: implementation of an estimation algorithm},
  author={Overgaard, Rune V and Jonsson, Niclas and Torn{\o}e, Christoffer W and Madsen, Henrik},
  journal={Journal of pharmacokinetics and pharmacodynamics},
  volume={32},
  pages={85--107},
  year={2005},
  publisher={Springer}
}

@article{platen1999introduction,
  title={An introduction to numerical methods for stochastic differential equations},
  author={Platen, Eckhard},
  journal={Acta numerica},
  volume={8},
  pages={197--246},
  year={1999},
  publisher={Cambridge University Press}
}

@article{przybylowicz2022efficient,
  title={Efficient approximation of SDEs driven by countably dimensional Wiener process and Poisson random measure},
  author={Przyby{\l}owicz, Pawe{\l} and Sobieraj, Micha{\l} and Stȩpień, {\L}ukasz},
  journal={SIAM Journal on Numerical Analysis},
  volume={60},
  number={2},
  pages={824--855},
  year={2022},
  publisher={SIAM}
}

@article{rabiner1989tutorial,
  title={A tutorial on hidden Markov models and selected applications in speech recognition},
  author={Rabiner, Lawrence R},
  journal={Proceedings of the IEEE},
  volume={77},
  number={2},
  pages={257--286},
  year={1989},
  publisher={Ieee}
}

@article{seeger2004gaussian,
  title={Gaussian processes for machine learning},
  author={Seeger, Matthias},
  journal={International journal of neural systems},
  volume={14},
  number={02},
  pages={69--106},
  year={2004},
  publisher={World Scientific}
}

@inproceedings{shah2014student,
  title={Student-t processes as alternatives to Gaussian processes},
  author={Shah, Amar and Wilson, Andrew and Ghahramani, Zoubin},
  booktitle={Artificial intelligence and statistics},
  pages={877--885},
  year={2014},
  organization={PMLR}
}

@article{williams1995gaussian,
  title={Gaussian processes for regression},
  author={Williams, Christopher and Rasmussen, Carl},
  journal={Advances in neural information processing systems},
  volume={8},
  year={1995}
}

