@article{burauel2023evaluating,
  title={Evaluating instrument validity using the principle of independent mechanisms},
  author={Burauel, Patrick F},
  journal={Journal of Machine Learning Research},
  volume={24},
  number={176},
  pages={1--56},
  year={2023}
}

@article{cornfield1959smoking,
  title={Smoking and lung cancer: recent evidence and a discussion of some questions},
  author={Cornfield, Jerome and Haenszel, William and Hammond, E Cuyler and Lilienfeld, Abraham M and Shimkin, Michael B and Wynder, Ernst L},
  journal={Journal of the National Cancer institute},
  volume={22},
  number={1},
  pages={173--203},
  year={1959},
  publisher={Oxford University Press}
}

@article{dahabreh2020benchmarking,
  title={Benchmarking observational methods by comparing randomized trials and their emulations},
  author={Dahabreh, Issa J and Robins, James M and Hern{\'a}n, Miguel A},
  journal={Epidemiology},
  volume={31},
  number={5},
  pages={614--619},
  year={2020},
  publisher={LWW}
}

@inproceedings{de2024detecting,
  title = 	 {Detecting critical treatment effect bias in small subgroups},
  author =       {De Bartolomeis, Piersilvio and Abad, Javier and Donhauser, Konstantin and Yang, Fanny},
  booktitle = 	 {Proceedings of the Fortieth Conference on Uncertainty in Artificial Intelligence},
  pages = 	 {943--965},
  year = 	 {2024},
  organization =    {PMLR},
}

@inproceedings{de2024hidden,
  title={Hidden yet quantifiable: A lower bound for confounding strength using randomized trials},
  author={De Bartolomeis, Piersilvio and Martinez, Javier Abad and Donhauser, Konstantin and Yang, Fanny},
  booktitle={International Conference on Artificial Intelligence and Statistics},
  pages={1045--1053},
  year={2024},
  organization={PMLR}
}

@inproceedings{demirel2024benchmarking,
  title={Benchmarking observational studies with experimental data under right-censoring},
  author={Demirel, Ilker and De Brouwer, Edward and Hussain, Zeshan M and Oberst, Michael and Philippakis, Anthony A and Sontag, David},
  booktitle={International Conference on Artificial Intelligence and Statistics},
  pages={4285--4293},
  year={2024},
  organization={PMLR}
}

@article{guo2024causal,
  title={Causal de Finetti: On the identification of invariant causal structure in exchangeable data},
  author={Guo, Siyuan and T{\'o}th, Viktor and Sch{\"o}lkopf, Bernhard and Husz{\'a}r, Ferenc},
  journal={Advances in Neural Information Processing Systems},
  volume={36},
  year={2024}
}

@article{guo2024finetti,
  title={Do Finetti: On Causal Effects for Exchangeable Data},
  author={Guo, Siyuan and Zhang, Chi and Mohan, Karthika and Husz{\'a}r, Ferenc and Sch{\"o}lkopf, Bernhard},
  journal={arXiv preprint arXiv:2405.18836},
  year={2024}
}

@article{huang2020causal,
  title={Causal discovery from heterogeneous/nonstationary data},
  author={Huang, Biwei and Zhang, Kun and Zhang, Jiji and Ramsey, Joseph and Sanchez-Romero, Ruben and Glymour, Clark and Sch{\"o}lkopf, Bernhard},
  journal={The Journal of Machine Learning Research},
  volume={21},
  number={1},
  pages={3482--3534},
  year={2020},
  publisher={JMLRORG}
}

@article{hussain2022falsification,
  title={Falsification before Extrapolation in Causal Effect Estimation},
  author={Hussain, Zeshan M and Oberst, Michael and Shih, Ming-Chieh and Sontag, David},
  journal={Advances in Neural Information Processing Systems},
  volume={35},
  pages={6161--6174},
  year={2022}
}

@inproceedings{hussain2023falsification,
  title={Falsification of Internal and External Validity in Observational Studies via Conditional Moment Restrictions},
  author={Hussain, Zeshan and Shih, Ming-Chieh and Oberst, Michael and Demirel, Ilker and Sontag, David},
  booktitle={International Conference on Artificial Intelligence and Statistics},
  pages={5869--5898},
  year={2023},
  organization={PMLR}
}

@article{karlsson2023detecting,
  title={Detecting hidden confounding in observational data using multiple environments},
  author={Karlsson, Rickard and Krijthe, Jesse},
  journal={Advances in Neural Information Processing Systems},
  volume={36},
  year={2023}
}

@article{mameche2024learning,
  title={Learning causal models under independent changes},
  author={Mameche, Sarah and Kaltenpoth, David and Vreeken, Jilles},
  journal={Advances in Neural Information Processing Systems},
  volume={36},
  year={2024}
}

@inproceedings{pearl1995testability,
  title={On the testability of causal models with latent and instrumental variables},
  author={Pearl, Judea},
  booktitle={Proceedings of the Eleventh conference on Uncertainty in artificial intelligence},
  pages={435--443},
  year={1995}
}

@article{perry2022causal,
  title={Causal discovery in heterogeneous environments under the sparse mechanism shift hypothesis},
  author={Perry, Ronan and Von K{\"u}gelgen, Julius and Sch{\"o}lkopf, Bernhard},
  journal={Advances in Neural Information Processing Systems},
  volume={35},
  pages={10904--10917},
  year={2022}
}

@article{shah2020hardness,
author = {Rajen D. Shah and Jonas Peters},
title = {{The hardness of conditional independence testing and the generalised covariance measure}},
volume = {48},
journal = {The Annals of Statistics},
number = {3},
publisher = {Institute of Mathematical Statistics},
pages = {1514 -- 1538},
keywords = {Conditional independence, Hypothesis testing, kernel ridge regression, testability, wild bootstrap},
year = {2020},
}

@article{tan2006distributional,
  title={A distributional approach for causal inference using propensity scores},
  author={Tan, Zhiqiang},
  journal={Journal of the American Statistical Association},
  volume={101},
  number={476},
  pages={1619--1637},
  year={2006},
  publisher={Taylor \& Francis}
}

@article{vanderweele2017sensitivity,
  title={Sensitivity analysis in observational research: introducing the E-value},
  author={VanderWeele, Tyler J and Ding, Peng},
  journal={Annals of internal medicine},
  volume={167},
  number={4},
  pages={268--274},
  year={2017},
  publisher={American College of Physicians}
}

