@article{tchetgen2020introduction,
  title={An introduction to proximal causal learning},
  author={Tchetgen, Eric J Tchetgen and Ying, Andrew and Cui, Yifan and Shi, Xu and Miao, Wang},
  journal={arXiv preprint arXiv:2009.10982},
  year={2020}
}

@article{ghassami2023partial,
  title={Partial Identification of Causal Effects Using Proxy Variables},
  author={Ghassami, AmirEmad and Shpitser, Ilya and Tchetgen, Eric Tchetgen},
  journal={arXiv preprint arXiv:2304.04374},
  year={2023}
}
@inproceedings{guo2022partial,
  title={Partial identification with noisy covariates: A robust optimization approach},
  author={Guo, Wenshuo and Yin, Mingzhang and Wang, Yixin and Jordan, Michael},
  booktitle={Conference on Causal Learning and Reasoning},
  pages={318--335},
  year={2022},
  organization={PMLR}
}

@article{kuroki2014measurement,
  title={Measurement bias and effect restoration in causal inference},
  author={Kuroki, Manabu and Pearl, Judea},
  journal={Biometrika},
  volume={101},
  number={2},
  pages={423--437},
  year={2014},
  publisher={Oxford University Press}
}

@article{padh2022stochastic,
  title={Stochastic causal programming for bounding treatment effects},
  author={Padh, Kirtan and Zeitler, Jakob and Watson, David and Kusner, Matt and Silva, Ricardo and Kilbertus, Niki},
  journal={arXiv preprint arXiv:2202.10806},
  year={2022}
}

@article{kilbertus2020class,
  title={A class of algorithms for general instrumental variable models},
  author={Kilbertus, Niki and Kusner, Matt J and Silva, Ricardo},
  journal={Advances in Neural Information Processing Systems},
  volume={33},
  pages={20108--20119},
  year={2020}
}

@incollection{balke1994counterfactual,
  title={Counterfactual probabilities: Computational methods, bounds and applications},
  author={Balke, Alexander and Pearl, Judea},
  booktitle={Uncertainty Proceedings 1994},
  pages={46--54},
  year={1994},
  publisher={Elsevier}
}

@article{karlsson2023detecting,
  title={Detecting hidden confounding in observational data using multiple environments},
  author={Karlsson, Rickard and Krijthe, Jesse},
  journal={Advances in Neural Information Processing Systems},
  volume={36},
  year={2023}
}

@inproceedings{hussain2023falsification,
  title={Falsification of Internal and External Validity in Observational Studies via Conditional Moment Restrictions},
  author={Hussain, Zeshan and Shih, Ming-Chieh and Oberst, Michael and Demirel, Ilker and Sontag, David},
  booktitle={International Conference on Artificial Intelligence and Statistics},
  pages={5869--5898},
  year={2023},
  organization={PMLR}
}

@article{huang2020causal,
  title={Causal discovery from heterogeneous/nonstationary data},
  author={Huang, Biwei and Zhang, Kun and Zhang, Jiji and Ramsey, Joseph and Sanchez-Romero, Ruben and Glymour, Clark and Sch{\"o}lkopf, Bernhard},
  journal={The Journal of Machine Learning Research},
  volume={21},
  number={1},
  pages={3482--3534},
  year={2020},
  publisher={JMLRORG}
}

@article{dahabreh2020benchmarking,
  title={Benchmarking observational methods by comparing randomized trials and their emulations},
  author={Dahabreh, Issa J and Robins, James M and Hern{\'a}n, Miguel A},
  journal={Epidemiology},
  volume={31},
  number={5},
  pages={614--619},
  year={2020},
  publisher={LWW}
}

@article{dahabreh2022randomized,
  title={Randomized trials and their observational emulations: a framework for benchmarking and joint analysis},
  author={Dahabreh, Issa J and Steingrimsson, Jon A and Robins, James M and Hern{\'a}n, Miguel A},
  journal={arXiv preprint arXiv:2203.14857},
  year={2022}
}

@article{hussain2022falsification,
  title={Falsification before Extrapolation in Causal Effect Estimation},
  author={Hussain, Zeshan M and Oberst, Michael and Shih, Ming-Chieh and Sontag, David},
  journal={Advances in Neural Information Processing Systems},
  volume={35},
  pages={6161--6174},
  year={2022}
}

@article{gretton2007kernel,
  title={A kernel statistical test of independence},
  author={Gretton, Arthur and Fukumizu, Kenji and Teo, Choon and Song, Le and Sch{\"o}lkopf, Bernhard and Smola, Alex},
  journal={Advances in neural information processing systems},
  volume={20},
  year={2007}
}

@article{muandet2017kernel,
  title={Kernel mean embedding of distributions: A review and beyond},
  author={Muandet, Krikamol and Fukumizu, Kenji and Sriperumbudur, Bharath and Sch{\"o}lkopf, Bernhard and others},
  journal={Foundations and Trends{\textregistered} in Machine Learning},
  volume={10},
  number={1-2},
  pages={1--141},
  year={2017},
  publisher={Now Publishers, Inc.}
}

@article{song2013kernel,
  title={Kernel embeddings of conditional distributions: A unified kernel framework for nonparametric inference in graphical models},
  author={Song, Le and Fukumizu, Kenji and Gretton, Arthur},
  journal={IEEE Signal Processing Magazine},
  volume={30},
  number={4},
  pages={98--111},
  year={2013},
  publisher={IEEE}
}

@article{muandet2012learning,
  title={Learning from distributions via support measure machines},
  author={Muandet, Krikamol and Fukumizu, Kenji and Dinuzzo, Francesco and Sch{\"o}lkopf, Bernhard},
  journal={Advances in neural information processing systems},
  volume={25},
  year={2012}
}

@book{ghosal2017fundamentals,
  title={Fundamentals of nonparametric Bayesian inference},
  author={Ghosal, Subhashis and Van der Vaart, Aad},
  volume={44},
  year={2017},
  publisher={Cambridge University Press}
}

@inproceedings{song2009hilbert,
  title={Hilbert space embeddings of conditional distributions with applications to dynamical systems},
  author={Song, Le and Huang, Jonathan and Smola, Alex and Fukumizu, Kenji},
  booktitle={Proceedings of the 26th Annual International Conference on Machine Learning},
  pages={961--968},
  year={2009}
}

@article{matthews2022appl,
    author = {Matthews, Anthony A and Dahabreh, Issa J and Fröbert, Ole and Lindahl, Bertil and James, Stefan and Feychting, Maria and Jernberg, Tomas and Berglund, Anita and Hernán, Miguel A},
    title = "{Benchmarking Observational Analyses Before Using Them to Address Questions Trials Do Not Answer: An Application to Coronary Thrombus Aspiration}",
    journal = {American Journal of Epidemiology},
    volume = {191},
    number = {9},
    pages = {1652-1665},
    year = {2022},
    month = {05},
    issn = {0002-9262},
    doi = {10.1093/aje/kwac098}
}

@book{pearl2009,
    place={Cambridge},
    edition={2nd},
    title={Causality},
    publisher={Cambridge University Press}, 
    author={Pearl, Judea}, 
    year={2009}
}

@book{peters2017elements,
  title={Elements of Causal Inference: Foundations and Learning Algorithms},
  author={Peters, Jonas and Janzing, Dominik and Sch\"{o}lkopf, Bernhard},
  year={2017},
  edition={1st},
  publisher={MIT Press}
}

@article{scholkopf2021causalrepr,
  title = {Toward Causal Representation Learning},
  author = {Sch{\"o}lkopf, Bernhard and Locatello, Francesco and Bauer, Stefan and Ke, Nan Rosemary and Kalchbrenner, Nal and Goyal, Anirudh and Bengio, Yoshua},
  journal = {Proceedings of the IEEE},
  volume = {109},
  number = {5},
  pages = {612--634},
  year = {2021}
}

@article{guo2022causal,
  title={Causal de finetti: On the identification of invariant causal structure in exchangeable data},
  author={Guo, Siyuan and T{\'o}th, Viktor and Sch{\"o}lkopf, Bernhard and Husz{\'a}r, Ferenc},
  journal={arXiv preprint arXiv:2203.15756},
  year={2022}
}

@inproceedings{smola2007hilbert,
  title={A Hilbert space embedding for distributions},
  author={Smola, Alex and Gretton, Arthur and Song, Le and Sch{\"o}lkopf, Bernhard},
  booktitle={International conference on algorithmic learning theory},
  pages={13--31},
  year={2007},
  organization={Springer}
}

@article{rubin1980randomization,
  title={Randomization analysis of experimental data: The Fisher randomization test comment},
  author={Rubin, Donald B},
  journal={Journal of the American statistical association},
  volume={75},
  number={371},
  pages={591--593},
  year={1980},
  publisher={JSTOR}
}

@inproceedings{demirel2024benchmarking,
  title={Benchmarking observational studies with experimental data under right-censoring},
  author={Demirel, Ilker and De Brouwer, Edward and Hussain, Zeshan M and Oberst, Michael and Philippakis, Anthony A and Sontag, David},
  booktitle={International Conference on Artificial Intelligence and Statistics},
  pages={4285--4293},
  year={2024},
  organization={PMLR}
}

@inproceedings{de2024hidden,
  title={Hidden yet quantifiable: A lower bound for confounding strength using randomized trials},
  author={De Bartolomeis, Piersilvio and Martinez, Javier Abad and Donhauser, Konstantin and Yang, Fanny},
  booktitle={International Conference on Artificial Intelligence and Statistics},
  pages={1045--1053},
  year={2024},
  organization={PMLR}
}

@inproceedings{de2024detecting,
  title = 	 {Detecting critical treatment effect bias in small subgroups},
  author =       {De Bartolomeis, Piersilvio and Abad, Javier and Donhauser, Konstantin and Yang, Fanny},
  booktitle = 	 {Proceedings of the Fortieth Conference on Uncertainty in Artificial Intelligence},
  pages = 	 {943--965},
  year = 	 {2024},
  organization =    {PMLR},
}

@inproceedings{karlsson2023putting,
  title={Putting Causal Identification to the Test: Falsification using Multi-Environment Data},
  author={Karlsson, Rickard and Creast{\u{a}}, Ștefan and Krijthe, JH},
  booktitle={Causal Representation Learning Workshop at NeurIPS 2023},
  year={2023}
}

@book{imbens2015causal,
  title={Causal inference in statistics, social, and biomedical sciences},
  author={Imbens, Guido W and Rubin, Donald B},
  year={2015},
  publisher={Cambridge university press}
}

@book{hernan2020causal,
  title={Causal Inference: What If},
  author={Hernan, M.A. and Robins, J.M.},
  series={Chapman \& Hall/CRC Monographs on Statistics \& Applied Probab},
  year={2020},
  publisher={CRC Press}
}

@article{wager2018estimation,
  title={Estimation and inference of heterogeneous treatment effects using random forests},
  author={Wager, Stefan and Athey, Susan},
  journal={Journal of the American Statistical Association},
  volume={113},
  number={523},
  pages={1228--1242},
  year={2018},
  publisher={Taylor \& Francis}
}

@misc{chernozhukov2018double,
  title={Double/debiased machine learning for treatment and structural parameters},
  author={Chernozhukov, Victor and Chetverikov, Denis and Demirer, Mert and Duflo, Esther and Hansen, Christian and Newey, Whitney and Robins, James},
  year={2018},
  publisher={Oxford University Press Oxford, UK}
}

@article{bang2005doubly,
  title={Doubly robust estimation in missing data and causal inference models},
  author={Bang, Heejung and Robins, James M},
  journal={Biometrics},
  volume={61},
  number={4},
  pages={962--973},
  year={2005},
  publisher={Oxford University Press}
}

@article{greenland1999confounding,
  title={Confounding and collapsibility in causal inference},
  author={Greenland, Sander and Pearl, Judea and Robins, James M},
  journal={Statistical science},
  volume={14},
  number={1},
  pages={29--46},
  year={1999},
  publisher={Institute of Mathematical Statistics}
}

@article{bareinboim2016causal,
  title={Causal inference and the data-fusion problem},
  author={Bareinboim, Elias and Pearl, Judea},
  journal={Proceedings of the National Academy of Sciences},
  volume={113},
  number={27},
  pages={7345--7352},
  year={2016},
  publisher={National Acad Sciences}
}

@article{mooij2020joint,
  title={Joint causal inference from multiple contexts},
  author={Mooij, Joris M and Magliacane, Sara and Claassen, Tom},
  journal={Journal of Machine Learning Research},
  volume={21},
  number={99},
  pages={1--108},
  year={2020}
}

@article{dahabreh2020extending,
  title={Extending inferences from a randomized trial to a new target population},
  author={Dahabreh, Issa J and Robertson, Sarah E and Steingrimsson, Jon A and Stuart, Elizabeth A and Hernan, Miguel A},
  journal={Statistics in medicine},
  volume={39},
  number={14},
  pages={1999--2014},
  year={2020},
  publisher={Wiley Online Library}
}

@article{guo2024causal,
  title={Causal de Finetti: On the identification of invariant causal structure in exchangeable data},
  author={Guo, Siyuan and T{\'o}th, Viktor and Sch{\"o}lkopf, Bernhard and Husz{\'a}r, Ferenc},
  journal={Advances in Neural Information Processing Systems},
  volume={36},
  year={2024}
}

@inproceedings{mameche2024identifying,
  title={Identifying Confounding from Causal Mechanism Shifts},
  author={Mameche, Sarah and Vreeken, Jilles and Kaltenpoth, David},
  booktitle={International Conference on Artificial Intelligence and Statistics},
  pages={4897--4905},
  year={2024},
  organization={PMLR}
}

@article{hernan2006estimating,
  title={Estimating causal effects from epidemiological data},
  author={Hern{\'a}n, Miguel A and Robins, James M},
  journal={Journal of Epidemiology \& Community Health},
  volume={60},
  number={7},
  pages={578--586},
  year={2006},
  publisher={BMJ Publishing Group Ltd}
}

@article{athey2017state,
  title={The state of applied econometrics: Causality and policy evaluation},
  author={Athey, Susan and Imbens, Guido W},
  journal={Journal of Economic perspectives},
  volume={31},
  number={2},
  pages={3--32},
  year={2017},
  publisher={American Economic Association 2014 Broadway, Suite 305, Nashville, TN 37203-2418}
}

@article{gretton2005kernel,
  title={Kernel Methods for Measuring Independence},
  author={Gretton, Arthur and Herbrich, Ralf and Smola, Alexander and Bousquet, Olivier and Sch{\"o}lkopf, Bernhard},
  journal={Journal of Machine Learning Research},
  volume={6},
  pages={2075--2129},
  year={2005}
}

@article{janzing2012information,
  title={Information-geometric approach to inferring causal directions},
  author={Janzing, Dominik and Mooij, Joris and Zhang, Kun and Lemeire, Jan and Zscheischler, Jakob and Daniu{\v{s}}is, Povilas and Steudel, Bastian and Sch{\"o}lkopf, Bernhard},
  journal={Artificial Intelligence},
  volume={182},
  pages={1--31},
  year={2012},
  publisher={Elsevier}
}

@article{janzing2018detecting,
  title={Detecting confounding in multivariate linear models via spectral analysis},
  author={Janzing, Dominik and Sch{\"o}lkopf, Bernhard},
  journal={Journal of Causal Inference},
  volume={6},
  number={1},
  pages={20170013},
  year={2018},
  publisher={De Gruyter}
}

@article{cortes2012algorithms,
  title={Algorithms for learning kernels based on centered alignment},
  author={Cortes, Corinna and Mohri, Mehryar and Rostamizadeh, Afshin},
  journal={The Journal of Machine Learning Research},
  volume={13},
  number={1},
  pages={795--828},
  year={2012},
  publisher={JMLR. org}
}

@article{guo2024finetti,
  title={Do Finetti: On Causal Effects for Exchangeable Data},
  author={Guo, Siyuan and Zhang, Chi and Mohan, Karthika and Husz{\'a}r, Ferenc and Sch{\"o}lkopf, Bernhard},
  journal={arXiv preprint arXiv:2405.18836},
  year={2024}
}

@article{perry2022causal,
  title={Causal discovery in heterogeneous environments under the sparse mechanism shift hypothesis},
  author={Perry, Ronan and Von K{\"u}gelgen, Julius and Sch{\"o}lkopf, Bernhard},
  journal={Advances in Neural Information Processing Systems},
  volume={35},
  pages={10904--10917},
  year={2022}
}

@article{tan2006distributional,
  title={A distributional approach for causal inference using propensity scores},
  author={Tan, Zhiqiang},
  journal={Journal of the American Statistical Association},
  volume={101},
  number={476},
  pages={1619--1637},
  year={2006},
  publisher={Taylor \& Francis}
}

@article{vanderweele2017sensitivity,
  title={Sensitivity analysis in observational research: introducing the E-value},
  author={VanderWeele, Tyler J and Ding, Peng},
  journal={Annals of internal medicine},
  volume={167},
  number={4},
  pages={268--274},
  year={2017},
  publisher={American College of Physicians}
}

@article{cornfield1959smoking,
  title={Smoking and lung cancer: recent evidence and a discussion of some questions},
  author={Cornfield, Jerome and Haenszel, William and Hammond, E Cuyler and Lilienfeld, Abraham M and Shimkin, Michael B and Wynder, Ernst L},
  journal={Journal of the National Cancer institute},
  volume={22},
  number={1},
  pages={173--203},
  year={1959},
  publisher={Oxford University Press}
}

@article{mameche2024learning,
  title={Learning causal models under independent changes},
  author={Mameche, Sarah and Kaltenpoth, David and Vreeken, Jilles},
  journal={Advances in Neural Information Processing Systems},
  volume={36},
  year={2024}
}

@article{burauel2023evaluating,
  title={Evaluating instrument validity using the principle of independent mechanisms},
  author={Burauel, Patrick F},
  journal={Journal of Machine Learning Research},
  volume={24},
  number={176},
  pages={1--56},
  year={2023}
}

@article{reddy2024detectingmeasuringconfoundingusing,
      title={Detecting and Measuring Confounding Using Causal Mechanism Shifts}, 
      author={Abbavaram Gowtham Reddy and Vineeth N Balasubramanian},
      journal={Advances in Neural Information Processing Systems},
        year={2024}
}

@article{rubin1974estimating,
  title={Estimating causal effects of treatments in randomized and nonrandomized studies.},
  author={Rubin, Donald B},
  journal={Journal of educational Psychology},
  volume={66},
  number={5},
  pages={688},
  year={1974},
  publisher={American Psychological Association}
}

@article{leite2015evaluation,
  title={An evaluation of weighting methods based on propensity scores to reduce selection bias in multilevel observational studies},
  author={Leite, Walter L and Jimenez, Francisco and Kaya, Yasemin and Stapleton, Laura M and MacInnes, Jann W and Sandbach, Robert},
  journal={Multivariate behavioral research},
  volume={50},
  number={3},
  pages={265--284},
  year={2015},
  publisher={Taylor \& Francis}
}

@article{goldstein2002multilevel,
  title={Multilevel modelling of medical data},
  author={Goldstein, Harvey and Browne, William and Rasbash, Jon},
  journal={Statistics in medicine},
  volume={21},
  number={21},
  pages={3291--3315},
  year={2002},
  publisher={Wiley Online Library}
}

@article{riley2010meta,
  title={Meta-analysis of individual participant data: rationale, conduct, and reporting},
  author={Riley, Richard D and Lambert, Paul C and Abo-Zaid, Ghada},
  journal={Bmj},
  volume={340},
  year={2010},
  publisher={British Medical Journal Publishing Group}
}

@book{mccullagh1989generalized,
  title={Generalized linear models},
  author={Mccullagh, P and Nelder, JA},
  year={1989},
  publisher={CRC press}
}



@inproceedings{scholkopf2012anticausal,
author = {Sch\"{o}lkopf, Bernhard and Janzing, Dominik and Peters, Jonas and Sgouritsa, Eleni and Zhang, Kun and Mooij, Joris},
title = {On causal and anticausal learning},
year = {2012},
isbn = {9781450312851},
publisher = {Omnipress},
address = {Madison, WI, USA},
abstract = {We consider the problem of function estimation in the case where an underlying causal model can be inferred. This has implications for popular scenarios such as covariate shift, concept drift, transfer learning and semi-supervised learning. We argue that causal knowledge may facilitate some approaches for a given problem, and rule out others. In particular, we formulate a hypothesis for when semi-supervised learning can help, and corroborate it with empirical results.},
booktitle = {Proceedings of the 29th International Coference on International Conference on Machine Learning},
pages = {459–466},
numpages = {8},
location = {Edinburgh, Scotland},
series = {ICML'12}
}

@article{almond2005costs,
  title={The costs of low birth weight},
  author={Almond, Douglas and Chay, Kenneth Y and Lee, David S},
  journal={The Quarterly Journal of Economics},
  volume={120},
  number={3},
  pages={1031--1083},
  year={2005},
  publisher={MIT Press}
}

@book{grimmett2020probability,
  title={Probability and random processes},
  author={Grimmett, Geoffrey and Stirzaker, David},
  year={2020},
  publisher={Oxford university press}
}

@article{colnet2024causal,
  title={Causal inference methods for combining randomized trials and observational studies: a review},
  author={Colnet, B{\'e}n{\'e}dicte and Mayer, Imke and Chen, Guanhua and Dieng, Awa and Li, Ruohong and Varoquaux, Ga{\"e}l and Vert, Jean-Philippe and Josse, Julie and Yang, Shu},
  journal={Statistical science},
  volume={39},
  number={1},
  pages={165--191},
  year={2024},
  publisher={Institute of Mathematical Statistics}
}

@book{gelman2007data,
  title={Data analysis using regression and multilevel/hierarchical models},
  author={Gelman, Andrew},
  year={2007},
  publisher={Cambridge university press}
}

@article{shah2020hardness,
author = {Rajen D. Shah and Jonas Peters},
title = {{The hardness of conditional independence testing and the generalised covariance measure}},
volume = {48},
journal = {The Annals of Statistics},
number = {3},
publisher = {Institute of Mathematical Statistics},
pages = {1514 -- 1538},
keywords = {Conditional independence, Hypothesis testing, kernel ridge regression, testability, wild bootstrap},
year = {2020},
}

@inproceedings{zhang2011kernel,
  title={Kernel-based conditional independence test and application in causal discovery},
  author={Zhang, Kun and Peters, Jonas and Janzing, Dominik and Sch{\"o}lkopf, Bernhard},
  booktitle={Proceedings of the Twenty-Seventh Conference on Uncertainty in Artificial Intelligence},
  pages={804--813},
  year={2011}
}

@article{zheng2024causal,
  title={Causal-learn: Causal discovery in python},
  author={Zheng, Yujia and Huang, Biwei and Chen, Wei and Ramsey, Joseph and Gong, Mingming and Cai, Ruichu and Shimizu, Shohei and Spirtes, Peter and Zhang, Kun},
  journal={Journal of Machine Learning Research},
  volume={25},
  number={60},
  pages={1--8},
  year={2024}
}

@article{tippett1931methods,
  title={The methods of statistics},
  author={Tippett, Leonard Henry Caleb},
  year={1931}
}

@book{fisher1925statistical,
  title={Statistical Methods for Research Workers},
  author={Fisher, Ronald A},
  year={1925},
  publisher={Oliver and Boyd}
}

@article{heard2018choosing,
  title={Choosing between methods of combining-values},
  author={Heard, Nicholas A and Rubin-Delanchy, Patrick},
  journal={Biometrika},
  volume={105},
  number={1},
  pages={239--246},
  year={2018},
  publisher={Oxford University Press}
}

@inproceedings{pearl1995testability,
  title={On the testability of causal models with latent and instrumental variables},
  author={Pearl, Judea},
  booktitle={Proceedings of the Eleventh conference on Uncertainty in artificial intelligence},
  pages={435--443},
  year={1995}
}

@book{scholkopf2002learning,
  title={Learning with kernels: support vector machines, regularization, optimization, and beyond},
  author={Sch{\"o}lkopf, Bernhard and Smola, Alexander J},
  year={2002},
  publisher={MIT press}
}