@inproceedings{bic,
  title={Large scale incremental learning},
  author={Wu, Yue and Chen, Yinpeng and Wang, Lijuan and Ye, Yuancheng and Liu, Zicheng and Guo, Yandong and Fu, Yun},
  booktitle={CVPR},
  year={2019}
}

@inproceedings{clnp,
  title={Continual learning via neural pruning},
  author={Golkar, Siavash and Kagan, Michael and Cho, Kyunghyun},
  booktitle={NeurIPS},
  year={2019}
}

@inproceedings{cls-er,
  title={Learning fast, learning slow: A general continual learning method based on complementary learning system},
  author={Arani, Elahe and Sarfraz, Fahad and Zonooz, Bahram},
  booktitle={ICLR},
  year={2022}
}

@inproceedings{codaprompt,
  title={Coda-prompt: Continual decomposed attention-based prompting for rehearsal-free continual learning},
  author={Smith, James Seale and Karlinsky, Leonid and Gutta, Vyshnavi and others},
  booktitle={CVPR},
  year={2023}
}

@article{cps,
  title={Continual prune-and-select: class-incremental learning with specialized subnetworks},
  author={Dekhovich, Aleksandr and Tax, David MJ and Sluiter, Marcel HF and Bessa, Miguel A},
  journal={Applied Intelligence},
  year={2023}
}

@article{decebal2016gen,
  title={Online contrastive divergence with generative replay: Experience replay without storing data},
  author={Mocanu, Decebal Constantin and Vega, Maria Torres and others},
  journal={arXiv:1610.05555},
  year={2016}
}

@inproceedings{der,
  title={DER: Dynamically expandable representation for class incremental learning},
  author={Yan, Shipeng and Xie, Jiangwei and He, Xuming},
  booktitle={CVPR},
  year={2021}
}

@inproceedings{dualprompt,
  title={Dualprompt: Complementary prompting for rehearsal-free continual learning},
  author={Wang, Zifeng and Zhang, Zizhao and Ebrahimi, Sayna and others},
  booktitle={ECCV},
  year={2022}
}

@inproceedings{ease,
  title={Expandable subspace ensemble for pre-trained model-based class-incremental learning},
  author={Zhou, Da-Wei and Sun, Hai-Long and Ye, Han-Jia and Zhan, De-Chuan},
  booktitle={CVPR},
  year={2024}
}

@inproceedings{esmer,
  title={Error Sensitivity Modulation based Experience Replay: Mitigating Abrupt Representation Drift in Continual Learning},
  author={Sarfraz, Fahad and Arani, Elahe and Zonooz, Bahram},
  booktitle={ICLR},
  year={2023}
}

@article{ewc,
  title={Overcoming catastrophic forgetting in neural networks},
  author={Kirkpatrick, James and others},
  journal={PNAS},
  year={2017}
}

@inproceedings{expertgate,
  title={Expert gate: Lifelong learning with a network of experts},
  author={Aljundi, Rahaf and Chakravarty, Punarjay and Tuytelaars, Tinne},
  booktitle={CVPR},
  year={2017}
}

@inproceedings{fetril,
    title     = {FeTrIL: Feature Translation for Exemplar-Free Class-Incremental Learning},
    author    = {Petit, Gr\'egoire and Popescu, Adrian and Schindler, Hugo and Picard, David and Delezoide, Bertrand},
    booktitle = {WACV},
    year      = {2023}
}

@inproceedings{foster,
  title={Foster: Feature boosting and compression for class-incremental learning},
  author={Wang, Fu-Yun and Zhou, Da-Wei and Ye, Han-Jia and Zhan, De-Chuan},
  booktitle={ECCV},
  year={2022}
}

@inproceedings{gdumb,
  title={Gdumb: A simple approach that questions our progress in continual learning},
  author={Prabhu, Ameya and Torr, Philip HS and Dokania, Puneet K},
  booktitle={ECCV},
  year={2020}
}

@inproceedings{gem,
  title={Gradient episodic memory for continual learning},
  author={Lopez-Paz, David and Ranzato, Marc'Aurelio},
  booktitle={NeurIPS},
  year={2017}
}

@inproceedings{he2018exemplar,
  title={Exemplar-Supported Generative Reproduction for Class Incremental Learning.},
  author={He, Chen and Wang, Ruiping and Shan, Shiguang and Chen, Xilin},
  booktitle={BMVC},
  year={2018}
}

@inproceedings{hu2019overcoming,
  title={Overcoming catastrophic forgetting for continual learning via model adaptation},
  author={Hu, Wenpeng and Lin, Zhou and Liu, Bing and Tao, Chongyang and Tao, Zhengwei Tao and Zhao, Dongyan and Ma, Jinwen and Yan, Rui},
  booktitle={ICLR},
  year={2019}
}

@inproceedings{icarl,
  title={icarl: Incremental classifier and representation learning},
  author={Rebuffi, Sylvestre-Alvise and Kolesnikov, Alexander and Sperl, Georg and Lampert, Christoph H},
  booktitle={CVPR},
  year={2017}
}

@inproceedings{l2p,
  title={Learning to prompt for continual learning},
  author={Wang, Zifeng and Zhang, Zizhao and Lee, Chen-Yu and Zhang, Han and Sun, Ruoxi and Ren, Xiaoqi and Su, Guolong and Perot, Vincent and Dy, Jennifer and Pfister, Tomas},
  booktitle={CVPR},
  year={2022}
}

@article{lwf,
  title={Learning without forgetting},
  author={Li, Zhizhong and Hoiem, Derek},
  journal={TPAMI},
  year={2017}
}

@inproceedings{mas,
  title={Memory aware synapses: Learning what (not) to forget},
  author={Aljundi, Rahaf and Babiloni, Francesca and Elhoseiny, Mohamed and Rohrbach, Marcus and Tuytelaars, Tinne},
  booktitle={ECCV},
  year={2018}
}

@inproceedings{memo,
  title={A model or 603 exemplars: Towards memory-efficient class-incremental learning},
  author={Zhou, Da-Wei and Wang, Qi-Wei and Ye, Han-Jia and Zhan, De-Chuan},
  booktitle={ICLR},
  year={2023}
}

@inproceedings{mos,
  title={MOS: Model Surgery for Pre-Trained Model-Based Class-Incremental Learning},
  author={Sun, Hai-Long and Zhou, Da-Wei and Zhao, Hanbin and Gan, Le and Zhan, De-Chuan and Ye, Han-Jia},
  booktitle={AAAI},
  year={2024}
}

@inproceedings{nispa,
  title={Nispa: Neuro-inspired stability-plasticity adaptation for continual learning in sparse networks},
  author={Gurbuz, Mustafa Burak and Dovrolis, Constantine},
  booktitle={ICML},
  year={2022}
}

@inproceedings{packnet,
  title={Packnet: Adding multiple tasks to a single network by iterative pruning},
  author={Mallya, Arun and Lazebnik, Svetlana},
  booktitle={CVPR},
  year={2018}
}

@inproceedings{par,
    author    = {Wang, Wenjin and Hu, Yunqing and Chen, Qianglong and Zhang, Yin},
    title     = {Task Difficulty Aware Parameter Allocation \& Regularization for Lifelong Learning},
    booktitle = {CVPR},
    year      = {2023},
}

@inproceedings{ptm_effect1,
title={Effect of scale on catastrophic forgetting in neural networks},
author={Vinay Venkatesh Ramasesh and Aitor Lewkowycz and Ethan Dyer},
booktitle={ICLR},
year={2022}
}

@article{ptm_effect2,
  title={An empirical investigation of the role of pre-training in lifelong learning},
  author={Mehta, Sanket Vaibhav and Patil, Darshan and Chandar, Sarath and Strubell, Emma},
  journal={JMLR},
  volume={24},
  number={214},
  year={2023}
}

@inproceedings{ptm_effect3,
  title={Class-incremental learning with strong pre-trained models},
  author={Wu, Tz-Ying and Swaminathan, Gurumurthy and Li, Zhizhong and Ravichandran, Avinash and Vasconcelos, Nuno and Bhotika, Rahul and Soatto, Stefano},
  booktitle={CVPR},
  year={2022}
}

@inproceedings{rainbow,
    author    = {Bang, Jihwan and Kim, Heesu and Yoo, YoungJoon and Ha, Jung-Woo and Choi, Jonghyun},
    title     = {Rainbow Memory: Continual Learning With a Memory of Diverse Samples},
    booktitle = {CVPR},
    year      = {2021}
}

@inproceedings{rmm,
  title={RMM: Reinforced memory management for class-incremental learning},
  author={Liu, Yaoyao and Sun, Qianru and Sun, Qianru},
  booktitle={NeurIPS},
  year={2021}
}

@inproceedings{shin2017continual,
  title={Continual learning with deep generative replay},
  author={Shin, Hanul and Lee, Jung Kwon and Kim, Jaehong and Kim, Jiwon},
  booktitle={NeurIPS},
  year={2017}
}

@inproceedings{si,
  title={Continual learning through synaptic intelligence},
  author={Zenke, Friedemann and Poole, Ben and Ganguli, Surya},
  booktitle={ICML},
  year={2017}
}

@article{simplecil_aper,
  title={Revisiting class-incremental learning with pre-trained models: Generalizability and adaptivity are all you need},
  author={Zhou, Da-Wei and Cai, Zi-Wen and Ye, Han-Jia and Zhan, De-Chuan and Liu, Ziwei},
  journal={IJCV},
  year={2024},
  publisher={Springer}
}

@inproceedings{softsubnet,
title={On the Soft-Subnetwork for Few-Shot Class Incremental Learning},
author={Haeyong Kang and Jaehong Yoon and Sultan Rizky Hikmawan Madjid and Sung Ju Hwang and Chang D. Yoo},
booktitle={ICLR},
year={2023}
}

@inproceedings{sparcl,
 author = {Wang, Zifeng and Zhan, Zheng and Gong, Yifan and Yuan, Geng and Niu, Wei and Jian, Tong and Ren, Bin and Ioannidis, Stratis and Wang, Yanzhi and Dy, Jennifer},
 booktitle = {NeurIPS},
 title = {SparCL: Sparse Continual Learning on the Edge},
 year = {2022}
}

@inproceedings{supsup,
  title={Supermasks in superposition},
  author={Wortsman, Mitchell and Ramanujan, Vivek and Liu, Rosanne and Kembhavi, Aniruddha and Rastegari, Mohammad and Yosinski, Jason and Farhadi, Ali},
  booktitle={NeurIPS},
  year={2020}
}

@inproceedings{wa,
  title={Maintaining discrimination and fairness in class incremental learning},
  author={Zhao, Bowen and Xiao, Xi and Gan, Guojun and Zhang, Bin and Xia, Shu-Tao},
  booktitle={CVPR},
  year={2020}
}

@inproceedings{wsn,
  title={Forget-free continual learning with winning subnetworks},
  author={Kang, Haeyong and Mina, Rusty John Lloyd and others},
  booktitle={ICML},
  year={2022}
}

