@article{marchesin_etal-2024b, 
title={{Utility-Oriented Knowledge Graph Accuracy Estimation with Limited Annotations: A Case Study on DBpedia}}, 
volume={12}, 
url={https://ojs.aaai.org/index.php/HCOMP/article/view/31605}, 
DOI={10.1609/hcomp.v12i1.31605}, 
number={1}, 
journal={Proc. of the 12th {AAAI} Conference on Human Computation and Crowdsourcing, {HCOMP} 2024, Pittsburgh, Pennsylvania, USA, October 16â€“19, 2024}, 
author={S. Marchesin and G. Silvello and O. Alonso}, 
year={2024}, 
pages={105-114} 
}

@inproceedings{marchesin_etal-2024a,
  author       = {S. Marchesin and
                  G. Silvello and
                  O. Alonso},
  title        = {{Veracity Estimation for Entity-Oriented Search with Knowledge Graphs}},
  booktitle    = {Proc. of the 33rd {ACM} International Conference on Information
                  and Knowledge Management, {CIKM} 2024, Boise, ID, USA, October 21-25,
                  2024},
  pages        = {1649--1659},
  publisher    = {{ACM}},
  year         = {2024},
  url          = {https://doi.org/10.1145/3627673.3679561},
  doi          = {10.1145/3627673.3679561}
}

@inproceedings{paulheim-2018,
  author       = {H. Paulheim},
  title        = {{How much is a Triple? Estimating the Cost of Knowledge Graph Creation}},
  booktitle    = {Proc. of the {ISWC} 2018 Posters {\&} Demonstrations, Industry
                  and Blue Sky Ideas Tracks co-located with 17th International Semantic
                  Web Conference {(ISWC} 2018), Monterey, USA, October 8-12, 2018},
  series       = {{CEUR}},
  volume       = {2180},
  publisher    = {CEUR-WS.org},
  year         = {2018},
  url          = {https://ceur-ws.org/Vol-2180/ISWC\_2018\_Outrageous\_Ideas\_paper\_10.pdf}
}

@article{karp-2016,
  author       = {P. D. Karp},
  title        = {{How much does curation cost?}},
  journal      = {Database J. Biol. Databases Curation},
  volume       = {2016},
  year         = {2016},
  url          = {https://doi.org/10.1093/database/baw110},
  doi          = {10.1093/DATABASE/BAW110}
}

@article{polleres_etal-2023,
  author       = {A. Polleres and
                  R. Pernisch and
                  A. Bonifati and
                  D. Dell'Aglio and
                  D. Dobriy and
                  S. Dumbrava and
                  L. Etcheverry and
                  N. Ferranti and
                  K. Hose and
                  E. Jim{\'{e}}nez{-}Ruiz and
                  M. Lissandrini and
                  A. Scherp and
                  R. Tommasini and
                  J Wachs},
  title        = {{How Does Knowledge Evolve in Open Knowledge Graphs?}},
  journal      = {{TGDK}},
  volume       = {1},
  number       = {1},
  pages        = {11:1--11:59},
  year         = {2023},
  url          = {https://doi.org/10.4230/TGDK.1.1.11},
  doi          = {10.4230/TGDK.1.1.11}
}

@article{fan-2015,
  author       = {W. Fan},
  title        = {{Data Quality: From Theory to Practice}},
  journal      = {{SIGMOD} Rec.},
  volume       = {44},
  number       = {3},
  pages        = {7--18},
  year         = {2015},
  url          = {https://doi.org/10.1145/2854006.2854008},
  doi          = {10.1145/2854006.2854008}
}

@article{xue_zou-2023,
  author       = {B. Xue and
                  L. Zou},
  title        = {{Knowledge Graph Quality Management: A Comprehensive Survey}},
  journal      = {{IEEE} Trans. Knowl. Data Eng.},
  volume       = {35},
  number       = {5},
  pages        = {4969--4988},
  year         = {2023},
  url          = {https://doi.org/10.1109/TKDE.2022.3150080},
  doi          = {10.1109/TKDE.2022.3150080}
}

@inproceedings{hasibi_etal-2017,
  author       = {F. Hasibi and
                  K. Balog and
                  S. E. Bratsberg},
  title        = {{Dynamic Factual Summaries for Entity Cards}},
  booktitle    = {Proc. of {SIGIR}},
  pages        = {773--782},
  publisher    = {{ACM}},
  year         = {2017},
  url          = {https://doi.org/10.1145/3077136.3080810},
  doi          = {10.1145/3077136.3080810}
}

@inproceedings{navalpakkam_etal-2013,
  author       = {V. Navalpakkam and
                  L. Jentzsch and
                  R. Sayres and
                  S. Ravi and
                  A. Ahmed and
                  A. J. Smola},
  title        = {{Measurement and modeling of eye-mouse behavior in the presence of
                  nonlinear page layouts}},
  booktitle    = {Proc. of {WWW} },
  pages        = {953--964},
  publisher    = {International World Wide Web Conferences Steering Committee / {ACM}},
  year         = {2013},
  url          = {https://doi.org/10.1145/2488388.2488471},
  doi          = {10.1145/2488388.2488471}
}

@inproceedings{bollacker_etal-2008,
  author       = {K. D. Bollacker and C. Evans and P. K. Paritosh and T. Sturge and J. Taylor},
  title        = {{Freebase: A Collaboratively Created Graph Database for Structuring Human Knowledge}},
  booktitle    = {Proc. of the {ACM} {SIGMOD} International Conference on Management of Data, {SIGMOD} 2008, Vancouver, BC, Canada, June 10-12, 2008},
  pages        = {1247--1250},
  publisher    = {{ACM}},
  year         = {2008},
  url          = {https://doi.org/10.1145/1376616.1376746},
  doi          = {10.1145/1376616.1376746}
}

@inproceedings{bollacker_etal-2007,
  author       = {K. D. Bollacker and R. P. Cook and P. Tufts},
  title        = {{Freebase: A Shared Database of Structured General Human Knowledge}},
  booktitle    = {Proc. of the Twenty-Second {AAAI} Conference on Artificial Intelligence, July 22-26, 2007, Vancouver, British Columbia, Canada},
  pages        = {1962--1963},
  publisher    = {{AAAI}},
  year         = {2007},
  url          = {http://www.aaai.org/Library/AAAI/2007/aaai07-355.php},
  doi          = {10.5555/1619797.1619981}
}

@inproceedings{blinded-2024,
  author    = {Omitted Authors},
  title     = {Omitted Title},
  booktitle   = {Omitted Proceedings},
  year      = {Omitted Year},
  note      = {This reference has been blinded to preserve anonymity}
}

@article{jin_etal-2017,
author = {S. Jin and M. Thulin and R. Larsson},
title = {{Approximate Bayesianity of Frequentist Confidence Intervals for a Binomial Proportion}},
journal = {Am. Stat.},
volume = {71},
number = {2},
pages = {106--111},
year = {2017},
publisher = {{ASA}},
doi = {10.1080/00031305.2016.1208630},
url = {https://doi.org/10.1080/00031305.2016.1208630}
}

@article{kerman-2011,
author = {J. Kerman},
title = {{Neutral Noninformative and Informative Conjugate Beta and Gamma Prior Distributions}},
volume = {5},
journal = {Electron. J. Stat.},
publisher = {{BS-IMS}},
pages = {1450 -- 1470},
year = {2011},
doi = {10.1214/11-EJS648},
URL = {https://doi.org/10.1214/11-EJS648}
}

@article{bayes-1763,
    author = {T. Bayes},
    title = {An Essay Towards Solving a Problem in the Doctrine of Chances},
    journal = {Phil. Trans. R. Soc.},
    year = {1763},
    pages={370--418},
    volume={53},
    publisher={Royal Society},
    url={https://royalsocietypublishing.org/doi/10.1098/rstl.1763.0053},
    doi={10.1098/rstl.1763.0053}
}

@article{jeffreys-1946,
  title={An Invariant Form for the Prior Probability in Estimation Problems},
  author={H. Jeffreys},
  journal={Proc. R. Soc. A},
  volume={186},
  number={1007},
  pages={453--461},
  year={1946},
  publisher={Royal Society},
  url={https://royalsocietypublishing.org/doi/10.1098/rspa.1946.0056},
  doi={10.1098/rspa.1946.0056}
}

@book{lesaffre_lawson-2012,
  title={{Bayesian Biostatistics}},
  author={E. Lesaffre and A. B. Lawson},
  isbn={9781119942412 },
  doi={10.1002/9781119942412},
  url={https://onlinelibrary.wiley.com/doi/book/10.1002/9781119942412},
  year={2012},
  publisher={John Wiley \& Sons}
}

@book{nocedal_wright-2006,
    author = {J. Nocedal and S. J. Wright},
    title = {{Numerical Optimization}},
    publisher = {Springer},
    isbn = {978-0-387-40065-5},
    doi = {10.1007/978-0-387-40065-5},
    url = {https://link.springer.com/book/10.1007/978-0-387-40065-5},
    year = {2006}
}

@techreport{kraft-1988,
  title={{A Software Package for Sequential Quadratic Programming}},
  author={D. Kraft},
  institution={DLR German Aerospace Center - Institute for Flight Mechanics, Koln, Germany},
  pages={1 -- 33},
  year={1988}
}

@book{press-2002,
  title={{Subjective and Objective Bayesian Statistics: Principles, Models, and Applications}},
  author={S. J. Press},
  isbn={9780471348436},
  series={Wiley Series in Probability and Statistics},
  doi={10.1002/9780470317105},
  url={https://onlinelibrary.wiley.com/doi/book/10.1002/9780470317105},
  year={2002},
  publisher={John Wiley \& Sons}
}

@book{mcelreath-2020,
  title={{Statistical Rethinking: A Bayesian Course with Examples in R and STAN}},
  author={R. McElreath},
  isbn={9780367139919},
  series={CRC Texts in Statistical Science},
  doi={10.1201/9780429029608},
  url={https://doi.org/10.1201/9780429029608},
  year={2020},
  publisher={Chapman \& Hall}
}

@book{raiffa_schlaifer-1961,
  title={{Applied Statistical Decision Theory}},
  author={H. Raiffa and R. Schlaifer},
  isbn={9780875840178},
  lccn={60011282},
  series={Harvard Business School Publications},
  url={https://books.google.it/books?id=wPBLAAAAMAAJ},
  year={1961},
  publisher={Division of Research, Graduate School of Business Adminitration, Harvard University}
}


@book{berger-1985,
  title={Statistical Decision Theory and Bayesian Analysis, 2nd Edition},
  author={J. O. Berger},
  year={1985},
  publisher={Springer},
  doi={10.1007/978-1-4757-4286-2},
  url={https://doi.org/10.1007/978-1-4757-4286-2}
}

@article{wasserman-2008,
author = {L. Wasserman},
title = {{Comment on Article by Gelman}},
volume = {3},
journal = {Bayesian Anal.},
number = {3},
publisher = {{ISBA}},
pages = {463 -- 465},
year = {2008},
doi = {10.1214/08-BA318D},
URL = {https://doi.org/10.1214/08-BA318D}
}

@article{gelman-2008,
author = {A. Gelman},
title = {{Rejoinder}},
volume = {3},
journal = {Bayesian Anal.},
number = {3},
publisher = {{ISBA}},
pages = {467 -- 477},
year = {2008},
doi = {10.1214/08-BA318REJ},
URL = {https://doi.org/10.1214/08-BA318REJ}
}


@book{box_tiao-2011,
  title={{Bayesian Inference in Statistical Analysis}},
  author={G. E. P. Box and G. C. Tiao},
  year={2011},
  publisher={John Wiley \& Sons}
}

@article{edwards_etal-1963,
  title={{Bayesian Statistical Inference for Psychological Research}},
  author={W. Edwards and H. Lindman and L. J. Savage},
  journal={Psychol. Rev.},
  volume={70},
  number={3},
  pages={193--242},
  year={1963},
  publisher={{APA}},
  doi={10.1037/h0044139},
  url={https://doi.org/10.1037/h0044139}
}

@article{makowski_etal-2019, 
doi = {10.21105/joss.01541}, 
url = {https://doi.org/10.21105/joss.01541}, 
year = {2019}, 
publisher = {The Open Journal}, 
volume = {4}, 
number = {40}, 
pages = {1541}, 
author = {D. Makowski and M. S. Ben-Shachar and D. LÃ¼decke}, 
title = {{bayestestR: Describing Effects and their Uncertainty, Existence and Significance within the Bayesian Framework}}, 
journal = {J. Open Source Softw.} 
}

@article{neyman-1941,
 ISSN = {00063444, 14643510},
 URL = {http://www.jstor.org/stable/2332207},
 author = {J. Neyman},
 journal = {Biometrika},
 number = {2},
 pages = {128--150},
 publisher = {{OUP}},
 title = {Fiducial Argument and the Theory of Confidence Intervals},
 urldate = {2024-09-16},
 volume = {32},
 year = {1941}
}


@article{neyman_harold-1937,
  author = {J. Neyman and H. Jeffreys},
  title = {{Outline of a Theory of Statistical Estimation Based on the Classical Theory of Probability}},
  journal = {Philos. Trans. R. Soc. A},
  volume = {236},
  number = {767},
  pages = {333-380},
  year = {1937},
  doi = {10.1098/rsta.1937.0005},
  url = {https://royalsocietypublishing.org/doi/abs/10.1098/rsta.1937.0005}
}

@article{hoekstra_etal-2014,
  title={{Robust Misinterpretation of Confidence Intervals}},
  author={R. Hoekstra and R. D. Morey and J. N. Rouder and E. J. Wagenmakers},
  journal={Psychon. Bull. Rev.},
  volume={21},
  pages={1157--1164},
  year={2014},
  publisher={Springer},
  url={https://link.springer.com/article/10.3758/s13423-013-0572-3},
  doi={10.3758/s13423-013-0572-3}
}

@article{morey_etal-2016,
  title={{The Fallacy of Placing Confidence in Confidence Intervals}},
  author={R. D. Morey and R. Hoekstra and J. N. Rouder and M. D. Lee and E. J. Wagenmakers},
  journal={Psychon. Bull. Rev.},
  volume={23},
  pages={103--123},
  year={2016},
  publisher={Springer},
  url={https://link.springer.com/article/10.3758/s13423-015-0947-8},
  doi={10.3758/s13423-015-0947-8}
}

@article{marchesin_silvello-2024,
  author       = {S. Marchesin and G. Silvello},
  title        = {{Efficient and Reliable Estimation of Knowledge Graph Accuracy}},
  journal      = {Proc. {VLDB} Endow.},
  volume       = {17},
  number       = {9},
  pages        = {2392--2404},
  year         = {2024},
  url          = {https://www.vldb.org/pvldb/vol17/p2392-marchesin.pdf},
  doi          = {10.14778/3665844.3665865}
}

@article{esteves_etal-2018,
  author       = {D. Esteves and
                  A. Rula and
                  A. J. Reddy and
                  J. Lehmann},
  title        = {{Toward Veracity Assessment in RDF Knowledge Bases: An Exploratory
                  Analysis}},
  journal      = {{ACM} J. Data Inf. Qual.},
  volume       = {9},
  number       = {3},
  pages        = {16:1--16:26},
  year         = {2018},
  url          = {https://doi.org/10.1145/3177873},
  doi          = {10.1145/3177873}
}

@article{kish-1995,
author={L. Kish},
year={1995},
title={{Methods for Design Effects}},
journal={J. Off. Stat.},
volume={11},
number={1},
pages={55},
url={https://www.scb.se/contentassets/ca21efb41fee47d293bbee5bf7be7fb3/methods-for-design-effects.pdf}
}

@article{agresti_coull-1998,
author = {A. Agresti and B. A. Coull},
title = {{Approximate is Better than ``Exact'' for Interval Estimation of Binomial Proportions}},
journal = {The American Statistician},
volume = {52},
number = {2},
pages = {119-126},
year = {1998},
publisher = {Taylor & Francis},
doi = {10.1080/00031305.1998.10480550},
URL = {https://doi.org/10.1080/00031305.1998.10480550}
}

@article{mohoney_etal-2023,
  author       = {J. Mohoney and
                  A. Pacaci and
                  S. R. Chowdhury and
                  A. Mousavi and
                  I. F. Ilyas and
                  U. F.q Minhas and
                  J. Pound and
                  T. Rekatsinas},
  title        = {{High-Throughput Vector Similarity Search in Knowledge Graphs}},
  journal      = {Proc. {ACM} Manag. Data},
  volume       = {1},
  number       = {2},
  pages        = {197:1--197:25},
  year         = {2023},
  url          = {https://doi.org/10.1145/3589777},
  doi          = {10.1145/3589777}
}

@inproceedings{ilyas_etal-2023,
  author       = {I. F. Ilyas and
                  J. Lacerda and
                  Y. Li and
                  U. F. Minhas and
                  A. Mousavi and
                  J. Pound and
                  T. Rekatsinas and
                  C. Sumanth},
  title        = {{Growing and Serving Large Open-domain Knowledge Graphs}},
  booktitle    = {Companion of the 2023 International Conference on Management of Data,
                  {SIGMOD/PODS} 2023, Seattle, WA, USA, June 18-23, 2023},
  pages        = {253--259},
  publisher    = {{ACM}},
  year         = {2023},
  url          = {https://doi.org/10.1145/3555041.3589672},
  doi          = {10.1145/3555041.3589672}
}

@inproceedings{ilyas_etal-2022,
  author       = {I. F. Ilyas and
                  T. Rekatsinas and
                  V. Konda and
                  J. Pound and
                  X. Qi and
                  M. A. Soliman},
  title        = {{Saga: A Platform for Continuous Construction and Serving of Knowledge
                  at Scale}},
  booktitle    = {{SIGMOD} '22: International Conference on Management of Data, Philadelphia,
                  PA, USA, June 12 - 17, 2022},
  pages        = {2259--2272},
  publisher    = {{ACM}},
  year         = {2022},
  url          = {https://doi.org/10.1145/3514221.3526049},
  doi          = {10.1145/3514221.3526049}
}

@inproceedings{gashteovski_etal-2019,
  author       = {K. Gashteovski and
                  S. Wanner and
                  S. Hertling and
                  S. Broscheit and
                  R. Gemulla},
  title        = {{OPIEC:} An Open Information Extraction Corpus},
  booktitle    = {Proc. of the 1st Conference on Automated Knowledge Base Construction, {AKBC} 2019,
                  Amherst, MA, USA, May 20-22, 2019},
  year         = {2019},
  url          = {https://doi.org/10.24432/C53W2J},
  doi          = {10.24432/C53W2J}
}

@article{li_etal-2015,
  author       = {Y. Li and
                  J. Gao and
                  C. Meng and
                  Q. Li and
                  L. Su and
                  B. Zhao and
                  W. Fan and
                  J. Han},
  title        = {{A Survey on Truth Discovery}},
  journal      = {{SIGKDD} Explor.},
  volume       = {17},
  number       = {2},
  pages        = {1--16},
  year         = {2015},
  url          = {https://doi.org/10.1145/2897350.2897352},
  doi          = {10.1145/2897350.2897352}
}

@inproceedings{deshpande_etal-2013,
  author       = {O. Deshpande and
                  D. S. Lamba and
                  M. Tourn and
                  S. Das and
                  S. Subramaniam and
                  A. Rajaraman and
                  V. Harinarayan and
                  A. Doan},
  title        = {{Building, maintaining, and using knowledge bases: a report from the
                  trenches}},
  booktitle    = {Proc. of the {ACM} {SIGMOD} International Conference on Management
                  of Data, {SIGMOD} 2013, New York, NY, USA, June 22-27, 2013},
  pages        = {1209--1220},
  publisher    = {{ACM}},
  year         = {2013},
  url          = {https://doi.org/10.1145/2463676.2465297},
  doi          = {10.1145/2463676.2465297}
}

@article{vrandecic_krotzsch-2014,
  author       = {D. Vrandecic and
                  M. Kr{\"{o}}tzsch},
  title        = {{Wikidata: a free collaborative knowledgebase}},
  journal      = {Commun. {ACM}},
  volume       = {57},
  number       = {10},
  pages        = {78--85},
  year         = {2014},
  url          = {https://doi.org/10.1145/2629489},
  doi          = {10.1145/2629489}
}

@inproceedings{auer_etal-2007,
  author       = {S. Auer and
                  C. Bizer and
                  G. Kobilarov and
                  J. Lehmann and
                  R. Cyganiak and
                  Z. G. Ives},
  title        = {{DBpedia: A Nucleus for a Web of Open Data}},
  booktitle    = {The Semantic Web, 6th International Semantic Web Conference, 2nd Asian
                  Semantic Web Conference, {ISWC} 2007 + {ASWC} 2007, Busan, Korea,
                  November 11-15, 2007},
  series       = {{LNCS}},
  volume       = {4825},
  pages        = {722--735},
  publisher    = {Springer},
  year         = {2007},
  url          = {https://doi.org/10.1007/978-3-540-76298-0\_52},
  doi          = {10.1007/978-3-540-76298-0\_52}
}

@article{dalenius_hodges-1959,
author = {T. Dalenius and J. L. Hodges},
title = {{Minimum Variance Stratification}},
journal = {Journal of the American Statistical Association},
volume = {54},
number = {285},
pages = {88-101},
year = {1959},
publisher = {Taylor & Francis},
doi = {10.1080/01621459.1959.10501501},
url ={https://www.tandfonline.com/doi/abs/10.1080/01621459.1959.10501501}
}

@article{hoffart_etal-2013,
  author       = {J. Hoffart and
                  F. M. Suchanek and
                  K. Berberich and
                  G. Weikum},
  title        = {{YAGO2:} {A} spatially and temporally enhanced knowledge base from
                  Wikipedia},
  journal      = {Artif. Intell.},
  volume       = {194},
  pages        = {28--61},
  year         = {2013},
  url          = {https://doi.org/10.1016/j.artint.2012.06.001},
  doi          = {10.1016/j.artint.2012.06.001}
}

@inproceedings{suchanek_etal-2007,
  author       = {F. M. Suchanek and
                  G. Kasneci and
                  G. Weikum},
  title        = {{Yago: a core of semantic knowledge}},
  booktitle    = {Proc. of the 16th International Conference on World Wide Web,
                  {WWW} 2007, Banff, Alberta, Canada, May 8-12, 2007},
  pages        = {697--706},
  publisher    = {{ACM}},
  year         = {2007},
  url          = {https://doi.org/10.1145/1242572.1242667},
  doi          = {10.1145/1242572.1242667}
}

@article{queralt_etal-2016,
    author = {N. Queralt-Rosinach and J. PiÃ±ero Gonz{\'{a}}lez and Ã€. Bravo and F. Sanz and L. I. Furlong},
    title = {{DisGeNET-RDF: harnessing the innovative power of the Semantic Web to explore the genetic basis of diseases}},
    journal = {Bioinformatics},
    volume = {32},
    number = {14},
    pages = {2236-2238},
    year = {2016},
    month = {03},
    issn = {1367-4803},
    doi = {10.1093/bioinformatics/btw214},
    url = {https://doi.org/10.1093/bioinformatics/btw214}
}

@article{korn_graubard-1998,
  title={{Confidence Intervals for Proportions with Small Expected Number of Positive Counts Estimated from Survey Data}},
  author={E. L. Korn and B. I. Graubard},
  journal={Survey Methodology},
  volume={24},
  pages={193--201},
  year={1998},
  publisher={STATISTICS CANADA},
  url={https://www150.statcan.gc.ca/n1/pub/12-001-x/1998002/article/4356-eng.pdf}
}

@article{dean_pagano-2015,
    author = {N. Dean and M. Pagano},
    title = {{Evaluating Confidence Interval Methods for Binomial Proportions in Clustered Surveys}},
    journal = {Journal of Survey Statistics and Methodology},
    volume = {3},
    number = {4},
    pages = {484-503},
    year = {2015},
    month = {10},
    issn = {2325-0984},
    doi = {10.1093/jssam/smv024},
    url = {https://doi.org/10.1093/jssam/smv024}
}

@inproceedings{liu_etal-2002,
  title={{Decomposing Design Effects for Stratified Sampling}},
  author={J. Liu and V. Iannacchione and M. Byron},
  booktitle={Proceedings of the survey research methods section, american statistical association},
  pages={2124--6},
  year={2002}
}

@book{fisher-1925,
  author = {R. A. Fisher},
  publisher = {Edinburgh Oliver \& Boyd},
  title = {{Statistical Methods for Research Workers, 12th Edition}},
  year = {1954}
}

@book{kish-1965,
  title={{Survey Sampling}},
  author={L. Kish},
  isbn={9780471489009},
  lccn={65019479},
  url={https://books.google.it/books?id=xiZmAAAAIAAJ},
  year={1965},
  publisher={Wiley}
}

@article{newcombe-1998,
author = {R. G. Newcombe},
title = {{Two-Sided Confidence Intervals for the Single Proportion: Comparison of Seven Methods}},
journal = {Statistics in Medicine},
volume = {17},
number = {8},
pages = {857-872},
doi = {https://doi.org/10.1002/(SICI)1097-0258(19980430)17:8<857::AID-SIM777>3.0.CO;2-E},
url = {https://onlinelibrary.wiley.com/doi/abs/10.1002/%28SICI%291097-0258%2819980430%2917%3A8%3C857%3A%3AAID-SIM777%3E3.0.CO%3B2-E},
year = {1998}
}

@article{vollset-1993,
author = {S. E. Vollset},
title = {{Confidence Intervals for a Binomial Proportion}},
journal = {Statistics in Medicine},
volume = {12},
number = {9},
pages = {809-824},
doi = {https://doi.org/10.1002/sim.4780120902},
url = {https://onlinelibrary.wiley.com/doi/abs/10.1002/sim.4780120902},
year = {1993}
}


@book{hogg_etal-2013,
  title={{Probability and Statistical Inference}},
  author={R. V. Hogg and E. A. Tanis and D. L. Zimmerman},
  isbn={9780321923271},
  lccn={2014451467},
  url={https://books.google.it/books?id=I_7tnQEACAAJ},
  year={2013},
  publisher={Pearson}
}


@article{wilson-1927,
author = {E. B. Wilson},
title = {{Probable Inference, the Law of Succession, and Statistical Inference}},
journal = {Journal of the American Statistical Association},
volume = {22},
number = {158},
pages = {209-212},
year  = {1927},
publisher = {Taylor \& Francis},
doi = {10.1080/01621459.1927.10502953},
URL = {https://www.tandfonline.com/doi/abs/10.1080/01621459.1927.10502953}
}

@article{brown_etal-2001,
 ISSN = {08834237},
 URL = {http://www.jstor.org/stable/2676784},
 author = {L. D. Brown and T. T. Cai and A. DasGupta},
 journal = {Statistical Science},
 number = {2},
 pages = {101--117},
 publisher = {{Institute of Mathematical Statistics}},
 title = {{Interval Estimation for a Binomial Proportion}},
 urldate = {2023-09-11},
 volume = {16},
 year = {2001}
}

@article{wallis-2013,
  author       = {S. Wallis},
  title        = {{Binomial Confidence Intervals and Contingency Tests: Mathematical
                  Fundamentals and the Evaluation of Alternative Methods}},
  journal      = {J. Quant. Linguistics},
  volume       = {20},
  number       = {3},
  pages        = {178--208},
  year         = {2013},
  url          = {https://doi.org/10.1080/09296174.2013.799918},
  doi          = {10.1080/09296174.2013.799918}
}

@article{kalton-1979,
 issn = {00359238},
 URL = {http://www.jstor.org/stable/2345081},
 author = {G. Kalton},
 journal = {Journal of the Royal Statistical Society. Series A (General)},
 number = {2},
 pages = {210--222},
 publisher = {[Royal Statistical Society, Wiley]},
 title = {{Ultimate Cluster Sampling}},
 volume = {142},
 year = {1979}
}

@book{cochran-1977,
  author       = {W. G. Cochran},
  title        = {{Sampling Techniques, 3rd Edition}},
  publisher    = {John Wiley},
  year         = {1977},
  isbn         = {0-471-16240-X},
  doi          = {10.1017/S0013091500025724}
}

@article{efraimidis_spirakis-2006,
  author    = {P. S. Efraimidis and
               P. G. Spirakis},
  title     = {{Weighted Random Sampling with a Reservoir}},
  journal   = {Inf. Process. Lett.},
  volume    = {97},
  number    = {5},
  pages     = {181--185},
  year      = {2006},
  url       = {https://doi.org/10.1016/j.ipl.2005.11.003},
  doi       = {10.1016/j.ipl.2005.11.003}
}

@book{bonifati_etal-2018,
  author    = {A. Bonifati and
               G. H. L. Fletcher and
               H. Voigt and
               N. Yakovets},
  title     = {{Querying Graphs}},
  series    = {Synthesis Lectures on Data Management},
  publisher = {Morgan \& Claypool Publishers},
  year      = {2018},
  url       = {https://doi.org/10.2200/S00873ED1V01Y201808DTM051},
  doi       = {10.2200/S00873ED1V01Y201808DTM051}
}

@book{abiteboul_etal-1995,
  author    = {S. Abiteboul and
               R. Hull and
               V. Vianu},
  title     = {{Foundations of Databases}},
  publisher = {Addison-Wesley},
  year      = {1995},
  url       = {http://webdam.inria.fr/Alice/},
  isbn      = {0-201-53771-0}
}

@article{vitter-1985,
  author    = {J. S. Vitter},
  title     = {{Random Sampling with a Reservoir}},
  journal   = {{ACM} Trans. Math. Softw.},
  volume    = {11},
  number    = {1},
  pages     = {37--57},
  year      = {1985},
  url       = {https://doi.org/10.1145/3147.3165},
  doi       = {10.1145/3147.3165}
}

@article{hansen-hurwitz-1943,
     author = {M. H. Hansen and W. N. Hurwitz},
     title = {{On the Theory of Sampling from Finite Populations}},
     journal = {Ann. Math. Statist.},
     volume = {14},
     number = {4},
     year = {1943},
     pages = {333-362},
     url = {http://www.jstor.org/stable/2235923}
}

@book{box_etal-1978,
  title={{Statistics for Experimenters: An Introduction to Design, Data Analysis, and Model Building}},
  author={G. E. P. Box and W. G. A. Hunter and J. S. Hunter},
  isbn={9780471093152},
  lccn={77015087},
  series={Wiley Series in Probability and Statistics - Applied Probability and Statistics Section Series},
  url={https://books.google.it/books?id=QaFqAAAAMAAJ},
  year={1978},
  publisher={Wiley}
}

@book{casella_berger-2002,
  title={{Statistical Inference}},
  author={G. Casella and R. L. Berger},
  isbn={9780534243128},
  lccn={20010257},
  series={Duxbury advanced series in statistics and decision sciences},
  url={https://books.google.it/books?id=0x\_vAAAAMAAJ},
  year={2002},
  publisher={Thomson Learning}
}

@article{wishart_etal-2018,
  author    = {D. S. Wishart and
               Y. D. Feunang and
               A. C. Guo and
               E. J. Lo and
               A. Marcu and
               J. R. Grant and
               T. Sajed and
               D. Johnson and
               C. Li and
               Z. Sayeeda and
               N. Assempour and
               I. Iynkkaran and
               Y. Liu and
               A. Maciejewski and
               N. Gale and
               A. Wilson and
               L. Chin and
               R. Cummings and
               D. Le and
               A. Pon and
               C. Knox and
               M. Wilson},
  title     = {{DrugBank 5.0: a major update to the DrugBank database for 2018}},
  journal   = {Nucleic Acids Res.},
  volume    = {46},
  number    = {Database-Issue},
  pages     = {D1074--D1082},
  year      = {2018},
  url       = {https://doi.org/10.1093/nar/gkx1037},
  doi       = {10.1093/nar/gkx1037}
}

@article{uniprot-2019,
  author    = {{The UniProt Consortium}},
  title     = {{UniProt: a worldwide hub of protein knowledge}},
  journal   = {Nucleic Acids Res.},
  volume    = {47},
  number    = {Database-Issue},
  pages     = {D506--D515},
  year      = {2019},
  url       = {https://doi.org/10.1093/nar/gky1049},
  doi       = {10.1093/nar/gky1049}
}

@article{pinero-gonzalez_etal-2020,
  author    = {J. Pi{\~{n}}ero Gonz{\'{a}}lez and
               J. M. Ram{\'{\i}}rez{-}Anguita and
               J. Sa{\"{u}}ch{-}Pitarch and
               F. Ronzano and
               E. Centeno and
               F. Sanz and
               L. I. Furlong},
  title     = {{The DisGeNET knowledge platform for disease genomics: 2019 update}},
  journal   = {Nucleic Acids Res.},
  volume    = {48},
  number    = {Database-Issue},
  pages     = {D845--D855},
  year      = {2020},
  url       = {https://doi.org/10.1093/nar/gkz1021},
  doi       = {10.1093/nar/gkz1021}
}

@inproceedings{kempe_etal-2003,
  author    = {D. Kempe and
               J. M. Kleinberg and
               {\'{E}}. Tardos},
  title     = {{Maximizing the spread of influence through a social network}},
  booktitle = {Proc. of the Ninth {ACM} {SIGKDD} International Conference on
               Knowledge Discovery and Data Mining, Washington, DC, USA, August 24
               - 27, 2003},
  pages     = {137--146},
  publisher = {{ACM}},
  year      = {2003},
  url       = {https://doi.org/10.1145/956750.956769},
  doi       = {10.1145/956750.956769}
}

@article{browne_etal-2012,
  author    = {C. Browne and
               E. J. Powley and
               D. Whitehouse and
               S. M. Lucas and
               P. I. Cowling and
               P. Rohlfshagen and
               S. Tavener and
               D. Perez Liebana and
               S. Samothrakis and
               S. Colton},
  title     = {{A Survey of Monte Carlo Tree Search Methods}},
  journal   = {{IEEE} Trans. Comput. Intell. {AI} Games},
  volume    = {4},
  number    = {1},
  pages     = {1--43},
  year      = {2012},
  url       = {https://doi.org/10.1109/TCIAIG.2012.2186810},
  doi       = {10.1109/TCIAIG.2012.2186810}
}

@inproceedings{pujara_etal-2017,
  author    = {J. Pujara and
               E. Augustine and
               L. Getoor},
  title     = {{Sparsity and Noise: Where Knowledge Graph Embeddings Fall Short}},
  booktitle = {Proc. of the 2017 Conference on Empirical Methods in Natural
               Language Processing, {EMNLP} 2017, Copenhagen, Denmark, September
               9-11, 2017},
  pages     = {1751--1756},
  publisher = {{ACL}},
  year      = {2017},
  url       = {https://doi.org/10.18653/v1/d17-1184},
  doi       = {10.18653/v1/d17-1184}
}

@inproceedings{marchant_rubinstein-2021,
  author    = {N. G. Marchant and
               B. I. P. Rubinstein},
  title     = {{Needle in a Haystack: Label-Efficient Evaluation under Extreme Class
               Imbalance}},
  booktitle = {{KDD} '21: The 27th {ACM} {SIGKDD} Conference on Knowledge Discovery
               and Data Mining, Virtual Event, Singapore, August 14-18, 2021},
  pages     = {1180--1190},
  publisher = {{ACM}},
  year      = {2021},
  url       = {https://doi.org/10.1145/3447548.3467435},
  doi       = {10.1145/3447548.3467435}
}

@inproceedings{minker-1982,
  author    = {J. Minker},
  title     = {{On Indefinite Databases and the Closed World Assumption}},
  booktitle = {Proc. of the 6th Conference on Automated Deduction, New York, USA, June 7-9, 1982},
  series    = {{LNCS}},
  volume    = {138},
  pages     = {292--308},
  publisher = {Springer},
  year      = {1982},
  url       = {https://doi.org/10.1007/BFb0000066},
  doi       = {10.1007/BFb0000066}
}

@inproceedings{reiter-1977,
  author    = {R. Reiter},
  title     = {{On Closed World Data Bases}},
  booktitle = {Logic and Data Bases, Symposium on Logic and Data Bases, Centre d'{\'{e}}tudes
               et de recherches de Toulouse, France, 1977},
  series    = {Advances in Data Base Theory},
  pages     = {55--76},
  publisher = {Plemum Press},
  address   = {New York},
  year      = {1977},
  url       = {https://doi.org/10.1007/978-1-4684-3384-5\_3},
  doi       = {10.1007/978-1-4684-3384-5\_3}
}

@inproceedings{wang_etal-2022a,
  author    = {Y. Wang and
               A. Khan and
               X. Xu and
               J. Jin and
               Q. Hong and
               T. Fu},
  title     = {{Aggregate Queries on Knowledge Graphs: Fast Approximation with Semantic-aware
               Sampling}},
  booktitle = {38th {IEEE} International Conference on Data Engineering, {ICDE} 2022,
               Kuala Lumpur, Malaysia, May 9-12, 2022},
  pages     = {2914--2927},
  publisher = {{IEEE}},
  year      = {2022},
  url       = {https://doi.org/10.1109/ICDE53745.2022.00263},
  doi       = {10.1109/ICDE53745.2022.00263}
}

@inproceedings{gao_etal-2021,
  author    = {J. Gao and
               Y. Xu and
               P. K. Agarwal and
               J. Yang},
  title     = {{Efficiently Answering Durability Prediction Queries}},
  booktitle = {{SIGMOD} '21: International Conference on Management of Data, Virtual
               Event, China, June 20-25, 2021},
  pages     = {591--604},
  publisher = {{ACM}},
  year      = {2021},
  url       = {https://doi.org/10.1145/3448016.3457305},
  doi       = {10.1145/3448016.3457305}
}

@article{wang_etal-2021,
author = {X. Wang and L. Chen and T. Ban and M. Usman and Y. Guan and S. Liu and T. Wu and H. Chen},
title = {{Knowledge Graph Quality Control: A Survey}},
journal = {Fundam. Res.},
volume = {1},
number = {5},
pages = {607-626},
year = {2021},
issn = {2667-3258},
doi = {https://doi.org/10.1016/j.fmre.2021.09.003},
url = {https://www.sciencedirect.com/science/article/pii/S2667325821001655}
}

@article{pipino_etal-2002,
  author    = {L. Pipino and
               Y. W. Lee and
               R. Y. Wang},
  title     = {{Data Quality Assessment}},
  journal   = {Commun. {ACM}},
  volume    = {45},
  number    = {4},
  pages     = {211--218},
  year      = {2002},
  url       = {http://doi.acm.org/10.1145/505248.506010},
  doi       = {10.1145/505248.506010}
}

@article{paulheim-2017,
  author    = {H. Paulheim},
  title     = {{Knowledge Graph Refinement: {A} Survey of Approaches and Evaluation
               Methods}},
  journal   = {Semantic Web},
  volume    = {8},
  number    = {3},
  pages     = {489--508},
  year      = {2017},
  url       = {https://doi.org/10.3233/SW-160218},
  doi       = {10.3233/SW-160218}
}

@article{stvilia_etal-2007,
  author    = {B. Stvilia and
               L. Gasser and
               M. B. Twidale and
               L. C. Smith},
  title     = {{A Framework for Information Quality Assessment}},
  journal   = {J. Assoc. Inf. Sci. Technol.},
  volume    = {58},
  number    = {12},
  pages     = {1720--1733},
  year      = {2007},
  url       = {https://doi.org/10.1002/asi.20652},
  doi       = {10.1002/asi.20652}
}

@article{wang_strong-1996,
  author    = {R. Y. Wang and
               D. M. Strong},
  title     = {{Beyond Accuracy: What Data Quality Means to Data Consumers}},
  journal   = {J. Manag. Inf. Syst.},
  volume    = {12},
  number    = {4},
  pages     = {5--33},
  year      = {1996},
  url       = {https://doi.org/10.1080/07421222.1996.11518099},
  doi       = {10.1080/07421222.1996.11518099}
}

@inproceedings{chen_etal-2019,
  author    = {H. Chen and
               G. Cao and
               J. Chen and
               J. Ding},
  title     = {{A Practical Framework for Evaluating the Quality of Knowledge Graph}},
  booktitle = {Knowledge Graph and Semantic Computing: Knowledge Computing and Language
               Understanding - 4th China Conference, {CCKS} 2019, Hangzhou, China,
               August 24-27, 2019, Revised Selected Papers},
  series    = {{CCIS}},
  volume    = {1134},
  pages     = {111--122},
  publisher = {Springer},
  year      = {2019},
  url       = {https://doi.org/10.1007/978-981-15-1956-7\_10},
  doi       = {10.1007/978-981-15-1956-7\_10}
}

@article{piplai_etal-2020,
  author    = {A. Piplai and
               S. Mittal and
               A. Joshi and
               T. Finin and
               J. Holt and
               R. Zak},
  title     = {{Creating Cybersecurity Knowledge Graphs From Malware After Action
               Reports}},
  journal   = {{IEEE} Access},
  volume    = {8},
  pages     = {211691--211703},
  year      = {2020},
  url       = {https://doi.org/10.1109/ACCESS.2020.3039234},
  doi       = {10.1109/ACCESS.2020.3039234}
}

@article{reinanda_etal-2020,
  author    = {R. Reinanda and
               E. Meij and
               M. de Rijke},
  title     = {{Knowledge Graphs: An Information Retrieval Perspective}},
  journal   = {Found. Trends Inf. Retr.},
  volume    = {14},
  number    = {4},
  pages     = {289--444},
  year      = {2020},
  url       = {https://doi.org/10.1561/1500000063},
  doi       = {10.1561/1500000063}
}

@incollection{christen_goiser-2007,
  author    = {P. Christen and
               K. Goiser},
  title     = {{Quality and Complexity Measures for Data Linkage and Deduplication}},
  booktitle = {Quality Measures in Data Mining},
  series    = {Studies in Computational Intelligence},
  volume    = {43},
  pages     = {127--151},
  publisher = {Springer},
  year      = {2007},
  url       = {https://doi.org/10.1007/978-3-540-44918-8\_6},
  doi       = {10.1007/978-3-540-44918-8\_6}
}

@article{marchant_rubinstein-2017,
  author    = {N. G. Marchant and
               B. I. P. Rubinstein},
  title     = {{In Search of an Entity Resolution {OASIS:} Optimal Asymptotic Sequential
               Importance Sampling}},
  journal   = {Proc. {VLDB} Endow.},
  volume    = {10},
  number    = {11},
  pages     = {1322--1333},
  year      = {2017},
  url       = {http://www.vldb.org/pvldb/vol10/p1322-rubinstein.pdf},
  doi       = {10.14778/3137628.3137642}
}

@article{gerber_etal-2015,
  author    = {D. Gerber and
               D. Esteves and
               J. Lehmann and
               L. B{\"{u}}hmann and
               R. Usbeck and
               A. C. Ngonga Ngomo and
               R. Speck},
  title     = {{DeFacto - Temporal and multilingual Deep Fact Validation}},
  journal   = {J. Web Semant.},
  volume    = {35},
  pages     = {85--101},
  year      = {2015},
  url       = {https://doi.org/10.1016/j.websem.2015.08.001},
  doi       = {10.1016/j.websem.2015.08.001}
}

@inproceedings{lehmann_etal-2012,
  author    = {J. Lehmann and
               D. Gerber and
               M. Morsey and
               A. C. Ngonga Ngomo},
  title     = {{DeFacto - Deep Fact Validation}},
  booktitle = {Proc. of the Semantic Web - {ISWC} 2012 - 11th International Semantic Web Conference,
               Boston, MA, USA, November 11-15, 2012},
  series    = {{LNCS}},
  volume    = {7649},
  pages     = {312--327},
  publisher = {Springer},
  year      = {2012},
  url       = {https://doi.org/10.1007/978-3-642-35176-1\_20},
  doi       = {10.1007/978-3-642-35176-1\_20}
}

@inproceedings{liu_etal-2017,
  author    = {S. Liu and
               M. d'Aquin and
               E. Motta},
  title     = {{Measuring Accuracy of Triples in Knowledge Graphs}},
  booktitle = {Proc. of Language, Data, and Knowledge - First International Conference, {LDK}
               2017, Galway, Ireland, June 19-20, 2017},
  series    = {{LNCS}},
  volume    = {10318},
  pages     = {343--357},
  publisher = {Springer},
  year      = {2017},
  url       = {https://doi.org/10.1007/978-3-319-59888-8\_29},
  doi       = {10.1007/978-3-319-59888-8\_29}
}

@article{zaveri_etal-2016,
  author    = {A. Zaveri and
               A. Rula and
               A. Maurino and
               R. Pietrobon and
               J. Lehmann and
               S. Auer},
  title     = {{Quality assessment for Linked Data: {A} Survey}},
  journal   = {Semantic Web},
  volume    = {7},
  number    = {1},
  pages     = {63--93},
  year      = {2016},
  url       = {https://doi.org/10.3233/SW-150175},
  doi       = {10.3233/SW-150175}
}

@inproceedings{zaveri_etal-2013,
  author    = {A. Zaveri and
               D. Kontokostas and
               M. A. Sherif and
               L. B{\"{u}}hmann and
               M. Morsey and
               S. Auer and
               J. Lehmann},
  title     = {{User-driven quality evaluation of DBpedia}},
  booktitle = {{I-SEMANTICS} 2013 - 9th International Conference on Semantic Systems,
               {I-SEMANTICS} '13, Graz, Austria, September 4-6, 2013},
  pages     = {97--104},
  publisher = {{ACM}},
  year      = {2013},
  url       = {https://doi.org/10.1145/2506182.2506195},
  doi       = {10.1145/2506182.2506195}
}

@article{acosta_etal-2018,
  author    = {M. Acosta and
               A. Zaveri and
               E. Simperl and
               D. Kontokostas and
               F. Fl{\"{o}}ck and
               J. Lehmann},
  title     = {{Detecting Linked Data quality issues via crowdsourcing: {A} DBpedia
               study}},
  journal   = {Semantic Web},
  volume    = {9},
  number    = {3},
  pages     = {303--335},
  year      = {2018},
  url       = {https://doi.org/10.3233/SW-160239},
  doi       = {10.3233/SW-160239}
}

@article{beskales_etal-2014,
  author    = {G. Beskales and
               I. F. Ilyas and
               L. Golab and
               A. Galiullin},
  title     = {{Sampling from Repairs of Conditional Functional Dependency Violations}},
  journal   = {{VLDB} J.},
  volume    = {23},
  number    = {1},
  pages     = {103--128},
  year      = {2014},
  url       = {https://doi.org/10.1007/s00778-013-0316-z},
  doi       = {10.1007/s00778-013-0316-z}
}

@article{krishnan_etal-2015,
  author    = {S. Krishnan and
               J. Wang and
               M. J. Franklin and
               K. Goldberg and
               T. Kraska},
  title     = {{Stale View Cleaning: Getting Fresh Answers from Stale Materialized
               Views}},
  journal   = {Proc. {VLDB} Endow.},
  volume    = {8},
  number    = {12},
  pages     = {1370--1381},
  year      = {2015},
  url       = {http://www.vldb.org/pvldb/vol8/p1370-krishnan.pdf},
  doi       = {10.14778/2824032.2824037}
}

@article{heidari_etal-2020,
  author    = {A. Heidari and
               S. Kushagra and
               I. F. Ilyas},
  title     = {{On Sampling from Data with Duplicate Records}},
  journal   = {CoRR},
  volume    = {abs/2008.10549},
  year      = {2020},
  url       = {https://arxiv.org/abs/2008.10549}
}

@inproceedings{wang_etal-2014,
  author    = {J. Wang and
               S. Krishnan and
               M. J. Franklin and
               K. Goldberg and
               T. Kraska and
               T. Milo},
  title     = {{A Sample-and-Clean Framework for Fast and Accurate Query Processing
               on Dirty Data}},
  booktitle = {International Conference on Management of Data, {SIGMOD} 2014, Snowbird,
               UT, USA, June 22-27, 2014},
  pages     = {469--480},
  publisher = {{ACM}},
  year      = {2014},
  url       = {https://doi.org/10.1145/2588555.2610505},
  doi       = {10.1145/2588555.2610505}
}

@article{beskales_etal-2009,
  author    = {G. Beskales and
               M. A. Soliman and
               I. F. Ilyas and
               S. Ben{-}David},
  title     = {{Modeling and Querying Possible Repairs in Duplicate Detection}},
  journal   = {Proc. {VLDB} Endow.},
  volume    = {2},
  number    = {1},
  pages     = {598--609},
  year      = {2009},
  url       = {http://www.vldb.org/pvldb/vol2/vldb09-370.pdf},
  doi       = {10.14778/1687627.1687695}
}

@article{beskales_etal-2010,
  author    = {G. Beskales and
               I. F. Ilyas and
               L. Golab},
  title     = {{Sampling the Repairs of Functional Dependency Violations under Hard
               Constraints}},
  journal   = {Proc. {VLDB} Endow.},
  volume    = {3},
  number    = {1},
  pages     = {197--207},
  year      = {2010},
  url       = {http://www.vldb.org/pvldb/vldb2010/pvldb\_vol3/R17.pdf},
  doi       = {10.14778/1920841.1920870}
}

@book{ilyas_chu-2019,
  author    = {I. F. Ilyas and
               X. Chu},
  title     = {{Data Cleaning}},
  publisher = {{ACM}},
  year      = {2019},
  url       = {https://doi.org/10.1145/3310205},
  doi       = {10.1145/3310205}
}

@inproceedings{chu_etal-2016,
  author    = {X. Chu and
               I. F. Ilyas and
               S. Krishnan and
               J. Wang},
  title     = {{Data Cleaning: Overview and Emerging Challenges}},
  booktitle = {Proc. of the 2016 International Conference on Management of
               Data, {SIGMOD} Conference 2016, San Francisco, CA, USA, June 26 -
               July 01, 2016},
  pages     = {2201--2206},
  publisher = {{ACM}},
  year      = {2016},
  url       = {https://doi.org/10.1145/2882903.2912574},
  doi       = {10.1145/2882903.2912574}
}

@article{padia_etal-2018,
  author    = {A. Padia and
               F. Ferraro and
               T. Finin},
  title     = {{KGCleaner : Identifying and Correcting Errors Produced by Information
               Extraction Systems}},
  journal   = {CoRR},
  volume    = {abs/1808.04816},
  year      = {2018},
  url       = {http://arxiv.org/abs/1808.04816}
}

@inproceedings{qi_etal-2022,
  author    = {Y. Qi and
               W. Zheng and
               L. Hong and
               L. Zou},
  title     = {{Evaluating Knowledge Graph Accuracy Powered by Optimized Human-Machine
               Collaboration}},
  booktitle = {{KDD} '22: The 28th {ACM} {SIGKDD} Conference on Knowledge Discovery
               and Data Mining, Washington, DC, USA, August 14 - 18, 2022},
  pages     = {1368--1378},
  publisher = {{ACM}},
  year      = {2022},
  url       = {https://doi.org/10.1145/3534678.3539233},
  doi       = {10.1145/3534678.3539233}
}

@article{nguyen_etal-2019,
  author    = {T. T. Nguyen and
               H. Yin and
               M. Weidlich and
               B. Zheng and
               Q. V. H. Nguyen and
               B. Stantic},
  title     = {{User Guidance for Efficient Fact Checking}},
  journal   = {Proc. {VLDB} Endow.},
  volume    = {12},
  number    = {8},
  pages     = {850--863},
  year      = {2019},
  url       = {http://www.vldb.org/pvldb/vol12/p850-nguyen.pdf},
  doi       = {10.14778/3324301.3324303}
}

@article{gao_etal-2019,
  author    = {J. Gao and
               X. Li and
               Y. E. Xu and
               B. Sisman and
               X. L. Dong and
               J. Yang},
  title     = {{Efficient Knowledge Graph Accuracy Evaluation}},
  journal   = {Proc. {VLDB} Endow.},
  volume    = {12},
  number    = {11},
  pages     = {1679--1691},
  year      = {2019},
  url       = {http://www.vldb.org/pvldb/vol12/p1679-gao.pdf},
  doi       = {10.14778/3342263.3342642}
}

@inproceedings{zheng_etal-2022,
  author    = {L. Zheng and
               P. Cheng and
               L. Chen and
               J. Yu and
               X. Lin and
               J. Yin},
  title     = {{Crowdsourced Fact Validation for Knowledge Bases}},
  booktitle = {38th {IEEE} International Conference on Data Engineering, {ICDE} 2022,
               Kuala Lumpur, Malaysia, May 9-12, 2022},
  pages     = {938--950},
  publisher = {{IEEE}},
  year      = {2022},
  url       = {https://doi.org/10.1109/ICDE53745.2022.00075},
  doi       = {10.1109/ICDE53745.2022.00075}
}

@article{zhao_etal-2012,
  author    = {B. Zhao and
               B. I. P. Rubinstein and
               J. Gemmell and
               J. Han},
  title     = {{A Bayesian Approach to Discovering Truth from Conflicting Sources
               for Data Integration}},
  journal   = {Proc. {VLDB} Endow.},
  volume    = {5},
  number    = {6},
  pages     = {550--561},
  year      = {2012},
  url       = {http://vldb.org/pvldb/vol5/p550\_bozhao\_vldb2012.pdf},
  doi       = {10.14778/2168651.2168656}
}

@inproceedings{pochampally_etal-2014,
  author    = {R. Pochampally and
               A. D. Sarma and
               X. L. Dong and
               A. Meliou and
               D. Srivastava},
  title     = {{Fusing Data with Correlations}},
  booktitle = {International Conference on Management of Data, {SIGMOD} 2014, Snowbird,
               UT, USA, June 22-27, 2014},
  pages     = {433--444},
  publisher = {{ACM}},
  year      = {2014},
  url       = {https://doi.org/10.1145/2588555.2593674},
  doi       = {10.1145/2588555.2593674}
}

@article{dong_etal-2009,
  author    = {X. L. Dong and
               L. Berti{-}{\'{E}}quille and
               D. Srivastava},
  title     = {{Integrating Conflicting Data: The Role of Source Dependence}},
  journal   = {Proc. {VLDB} Endow.},
  volume    = {2},
  number    = {1},
  pages     = {550--561},
  year      = {2009},
  url       = {http://www.vldb.org/pvldb/vol2/vldb09-pvldb47.pdf},
  doi       = {10.14778/1687627.1687690}
}

@article{dong_etal-2015,
  author    = {X. L. Dong and
               E. Gabrilovich and
               K. Murphy and
               V. Dang and
               W. Horn and
               C. Lugaresi and
               S. Sun and
               W. Zhang},
  title     = {{Knowledge-Based Trust: Estimating the Trustworthiness of Web Sources}},
  journal   = {Proc. {VLDB} Endow.},
  volume    = {8},
  number    = {9},
  pages     = {938--949},
  year      = {2015},
  url       = {http://www.vldb.org/pvldb/vol8/p938-dong.pdf},
  doi       = {10.14778/2777598.2777603}
}

@article{dong_etal-2014,
  author    = {X. L. Dong and
               E. Gabrilovich and
               G. Heitz and
               W. Horn and
               K. Murphy and
               S. Sun and
               W. Zhang},
  title     = {{From Data Fusion to Knowledge Fusion}},
  journal   = {Proc. {VLDB} Endow.},
  volume    = {7},
  number    = {10},
  pages     = {881--892},
  year      = {2014},
  url       = {http://www.vldb.org/pvldb/vol7/p881-dong.pdf},
  doi       = {10.14778/2732951.2732962}
}

@article{wang_etal-2022,
  author={X. Wang and T. Ban and L. Chen and X. Wu and D. Lyu and H. Chen},
  journal={IEEE Transactions on Neural Networks and Learning Systems}, 
  title={{Knowledge Verification From Data}}, 
  year={2022},
  volume={},
  number={},
  pages={1-15},
  doi={10.1109/TNNLS.2022.3202244}
}


@inproceedings{etzioni_etal-2004,
  author    = {O. Etzioni and
               M. J. Cafarella and
               D. Downey and
               S. Kok and
               A. M. Popescu and
               T. Shaked and
               S. Soderland and
               D. S. Weld and
               A. Yates},
  title     = {{Web-Scale Information Extraction in KnowItAll: (Preliminary Results)}},
  booktitle = {Proc. of the 13th international conference on World Wide Web,
               {WWW} 2004, New York, NY, USA, May 17-20, 2004},
  pages     = {100--110},
  publisher = {{ACM}},
  year      = {2004},
  url       = {https://doi.org/10.1145/988672.988687},
  doi       = {10.1145/988672.988687}
}

@inproceedings{li_etal-2011,
  author    = {X. Li and
               W. Meng and
               C. T. Yu},
  title     = {{T-verifier: Verifying truthfulness of fact statements}},
  booktitle = {Proc. of the 27th International Conference on Data Engineering,
               {ICDE} 2011, April 11-16, 2011, Hannover, Germany},
  pages     = {63--74},
  publisher = {{IEEE} Computer Society},
  year      = {2011},
  url       = {https://doi.org/10.1109/ICDE.2011.5767859},
  doi       = {10.1109/ICDE.2011.5767859}
}

@article{li_etal-2017,
  author    = {F. Li and
               X. L. Dong and
               A. Langen and
               Y. Li},
  title     = {{Knowledge Verification for Long-Tail Verticals}},
  journal   = {Proc. {VLDB} Endow.},
  volume    = {10},
  number    = {11},
  pages     = {1370--1381},
  year      = {2017},
  url       = {http://www.vldb.org/pvldb/vol10/p1370-li.pdf},
  doi       = {10.14778/3137628.3137646}
}

@inproceedings{sun_etal-2015,
  author    = {Y. Sun and
               A. Singla and
               D. Fox and
               A. Krause},
  title     = {{Building Hierarchies of Concepts via Crowdsourcing}},
  booktitle = {Proc. of the Twenty-Fourth International Joint Conference on
               Artificial Intelligence, {IJCAI} 2015, Buenos Aires, Argentina, July
               25-31, 2015},
  pages     = {844--853},
  publisher = {{AAAI} Press},
  year      = {2015},
  url       = {http://ijcai.org/Abstract/15/124}
}

@inproceedings{bragg_etal-2013,
  author    = {J. Bragg and
               Mausam and
               D. S. Weld},
  title     = {{Crowdsourcing Multi-Label Classification for Taxonomy Creation}},
  booktitle = {Proc. of the First {AAAI} Conference on Human Computation and Crowdsourcing, {HCOMP} 2013, November 7-9, 2013, Palm Springs, CA, {USA}},
  publisher = {{AAAI}},
  year      = {2013},
  url       = {http://www.aaai.org/ocs/index.php/HCOMP/HCOMP13/paper/view/7560}
}

@inproceedings{kolobov_etal-2013,
  author    = {A. Kolobov and
               M. and
               D. S. Weld},
  title     = {{Joint Crowdsourcing of Multiple Tasks}},
  booktitle = {Human Computation and Crowdsourcing: Works in Progress and Demonstration Abstracts, An Adjunct to the Proceedings of the First {AAAI} Conference on Human Computation and Crowdsourcing, November 7-9, 2013, Palm Springs, CA, {USA}},
  series    = {{AAAI} Technical Report},
  volume    = {{WS-13-18}},
  publisher = {{AAAI}},
  year      = {2013},
  url       = {http://www.aaai.org/ocs/index.php/HCOMP/HCOMP13/paper/view/7521}
}

@inproceedings{lao_etal-2011,
  author    = {N. Lao and
               T. M. Mitchell and
               W. W. Cohen},
  title     = {{Random Walk Inference and Learning in {A} Large Scale Knowledge Base}},
  booktitle = {Proc. of the 2011 Conference on Empirical Methods in Natural
               Language Processing, {EMNLP} 2011, 27-31 July 2011, John McIntyre
               Conference Centre, Edinburgh, UK},
  pages     = {529--539},
  publisher = {{ACL}},
  year      = {2011},
  url       = {https://aclanthology.org/D11-1049/}
}

@article{mitchell_etal-2018,
  author    = {T. M. Mitchell and
               W. W. Cohen and
               E. R. Hruschka Jr. and
               P. P. Talukdar and
               B. Yang and
               J. Betteridge and
               A. Carlson and
               B. D. Mishra and
               M. Gardner and
               B. Kisiel and
               J. Krishnamurthy and
               N. Lao and
               K. Mazaitis and
               T. Mohamed and
               N. Nakashole and
               E. A. Platanios and
               A. Ritter and
               M. Samadi and
               B. Settles and
               R. C. Wang and
               D. Wijaya and
               A. Gupta and
               X. Chen and
               A. Saparov and
               M. Greaves and
               J. Welling},
  title     = {Never-ending learning},
  journal   = {Commun. {ACM}},
  volume    = {61},
  number    = {5},
  pages     = {103--115},
  year      = {2018},
  url       = {https://doi.org/10.1145/3191513},
  doi       = {10.1145/3191513}
}

@inproceedings{samadi_etal-2015,
  author    = {M. Samadi and
               P. P. Talukdar and
               M. M. Veloso and
               T. M. Mitchell},
  title     = {{AskWorld: Budget-Sensitive Query Evaluation for Knowledge-on-Demand}},
  booktitle = {Proc. of the Twenty-Fourth International Joint Conference on
               Artificial Intelligence, {IJCAI} 2015, Buenos Aires, Argentina, July
               25-31, 2015},
  pages     = {837--843},
  publisher = {{AAAI} Press},
  year      = {2015},
  url       = {http://ijcai.org/Abstract/15/123}
}

@inproceedings{ojha_talukdar-2017,
  author    = {P. Ojha and
               P. Talukdar},
  title     = {{KGEval: Accuracy Estimation of Automatically Constructed Knowledge
               Graphs}},
  booktitle = {Proc. of the 2017 Conference on Empirical Methods in Natural
               Language Processing, {EMNLP} 2017, Copenhagen, Denmark, September
               9-11, 2017},
  pages     = {1741--1750},
  publisher = {{ACL}},
  year      = {2017},
  url       = {https://doi.org/10.18653/v1/d17-1183},
  doi       = {10.18653/v1/d17-1183}
}