@article{brown_etal-2001,
 ISSN = {08834237},
 URL = {http://www.jstor.org/stable/2676784},
 author = {L. D. Brown and T. T. Cai and A. DasGupta},
 journal = {Statistical Science},
 number = {2},
 pages = {101--117},
 publisher = {{Institute of Mathematical Statistics}},
 title = {{Interval Estimation for a Binomial Proportion}},
 urldate = {2023-09-11},
 volume = {16},
 year = {2001}
}

@book{casella_berger-2002,
  title={{Statistical Inference}},
  author={G. Casella and R. L. Berger},
  isbn={9780534243128},
  lccn={20010257},
  series={Duxbury advanced series in statistics and decision sciences},
  url={https://books.google.it/books?id=0x\_vAAAAMAAJ},
  year={2002},
  publisher={Thomson Learning}
}

@article{gao_etal-2019,
  author    = {J. Gao and
               X. Li and
               Y. E. Xu and
               B. Sisman and
               X. L. Dong and
               J. Yang},
  title     = {{Efficient Knowledge Graph Accuracy Evaluation}},
  journal   = {Proc. {VLDB} Endow.},
  volume    = {12},
  number    = {11},
  pages     = {1679--1691},
  year      = {2019},
  url       = {http://www.vldb.org/pvldb/vol12/p1679-gao.pdf},
  doi       = {10.14778/3342263.3342642}
}

@inproceedings{lao_etal-2011,
  author    = {N. Lao and
               T. M. Mitchell and
               W. W. Cohen},
  title     = {{Random Walk Inference and Learning in {A} Large Scale Knowledge Base}},
  booktitle = {Proc. of the 2011 Conference on Empirical Methods in Natural
               Language Processing, {EMNLP} 2011, 27-31 July 2011, John McIntyre
               Conference Centre, Edinburgh, UK},
  pages     = {529--539},
  publisher = {{ACL}},
  year      = {2011},
  url       = {https://aclanthology.org/D11-1049/}
}

@article{marchesin_silvello-2024,
  author       = {S. Marchesin and G. Silvello},
  title        = {{Efficient and Reliable Estimation of Knowledge Graph Accuracy}},
  journal      = {Proc. {VLDB} Endow.},
  volume       = {17},
  number       = {9},
  pages        = {2392--2404},
  year         = {2024},
  url          = {https://www.vldb.org/pvldb/vol17/p2392-marchesin.pdf},
  doi          = {10.14778/3665844.3665865}
}

@article{mitchell_etal-2018,
  author    = {T. M. Mitchell and
               W. W. Cohen and
               E. R. Hruschka Jr. and
               P. P. Talukdar and
               B. Yang and
               J. Betteridge and
               A. Carlson and
               B. D. Mishra and
               M. Gardner and
               B. Kisiel and
               J. Krishnamurthy and
               N. Lao and
               K. Mazaitis and
               T. Mohamed and
               N. Nakashole and
               E. A. Platanios and
               A. Ritter and
               M. Samadi and
               B. Settles and
               R. C. Wang and
               D. Wijaya and
               A. Gupta and
               X. Chen and
               A. Saparov and
               M. Greaves and
               J. Welling},
  title     = {Never-ending learning},
  journal   = {Commun. {ACM}},
  volume    = {61},
  number    = {5},
  pages     = {103--115},
  year      = {2018},
  url       = {https://doi.org/10.1145/3191513},
  doi       = {10.1145/3191513}
}

@inproceedings{ojha_talukdar-2017,
  author    = {P. Ojha and
               P. Talukdar},
  title     = {{KGEval: Accuracy Estimation of Automatically Constructed Knowledge
               Graphs}},
  booktitle = {Proc. of the 2017 Conference on Empirical Methods in Natural
               Language Processing, {EMNLP} 2017, Copenhagen, Denmark, September
               9-11, 2017},
  pages     = {1741--1750},
  publisher = {{ACL}},
  year      = {2017},
  url       = {https://doi.org/10.18653/v1/d17-1183},
  doi       = {10.18653/v1/d17-1183}
}

@inproceedings{qi_etal-2022,
  author    = {Y. Qi and
               W. Zheng and
               L. Hong and
               L. Zou},
  title     = {{Evaluating Knowledge Graph Accuracy Powered by Optimized Human-Machine
               Collaboration}},
  booktitle = {{KDD} '22: The 28th {ACM} {SIGKDD} Conference on Knowledge Discovery
               and Data Mining, Washington, DC, USA, August 14 - 18, 2022},
  pages     = {1368--1378},
  publisher = {{ACM}},
  year      = {2022},
  url       = {https://doi.org/10.1145/3534678.3539233},
  doi       = {10.1145/3534678.3539233}
}

@article{wallis-2013,
  author       = {S. Wallis},
  title        = {{Binomial Confidence Intervals and Contingency Tests: Mathematical
                  Fundamentals and the Evaluation of Alternative Methods}},
  journal      = {J. Quant. Linguistics},
  volume       = {20},
  number       = {3},
  pages        = {178--208},
  year         = {2013},
  url          = {https://doi.org/10.1080/09296174.2013.799918},
  doi          = {10.1080/09296174.2013.799918}
}

@article{wilson-1927,
author = {E. B. Wilson},
title = {{Probable Inference, the Law of Succession, and Statistical Inference}},
journal = {Journal of the American Statistical Association},
volume = {22},
number = {158},
pages = {209-212},
year  = {1927},
publisher = {Taylor \& Francis},
doi = {10.1080/01621459.1927.10502953},
URL = {https://www.tandfonline.com/doi/abs/10.1080/01621459.1927.10502953}
}

