@article{charikar2024quantifying,
  title={Quantifying the Gain in Weak-to-Strong Generalization},
  author={Charikar, Moses and Pabbaraju, Chirag and Shiragur, Kirankumar},
  journal={arXiv preprint arXiv:2405.15116},
  year={2024}
}

@article{lang2024theoretical,
  title={Theoretical Analysis of Weak-to-Strong Generalization},
  author={Lang, Hunter and Sontag, David and Vijayaraghavan, Aravindan},
  journal={arXiv preprint arXiv:2405.16043},
  year={2024}
}

@article{shin2024weak,
  title={Weak-to-Strong Generalization Through the Data-Centric Lens},
  author={Shin, Changho and Cooper, John and Sala, Frederic},
  journal={arXiv preprint arXiv:2412.03881},
  year={2024}
}

@article{somerstep2024statistical,
  title={A statistical framework for weak-to-strong generalization},
  author={Somerstep, Seamus and Polo, Felipe Maia and Banerjee, Moulinath and Ritov, Ya'acov and Yurochkin, Mikhail and Sun, Yuekai},
  journal={arXiv preprint arXiv:2405.16236},
  year={2024}
}

@article{wu2024provable,
  title={Provable weak-to-strong generalization via benign overfitting},
  author={Wu, David X and Sahai, Anant},
  journal={arXiv preprint arXiv:2410.04638},
  year={2024}
}

@article{zhang2021understanding,
  title={Understanding deep learning (still) requires rethinking generalization},
  author={Zhang, Chiyuan and Bengio, Samy and Hardt, Moritz and Recht, Benjamin and Vinyals, Oriol},
  journal={Communications of the ACM},
  volume={64},
  number={3},
  pages={107--115},
  year={2021},
  publisher={ACM New York, NY, USA}
}

