@inproceedings{3DStyleNet,
  author       = {Kangxue Yin and
                  Jun Gao and
                  Maria Shugrina and
                  Sameh Khamis and
                  Sanja Fidler},
  title        = {3DStyleNet: Creating 3D Shapes with Geometric and Texture Style Variations},
  booktitle    = {{ICCV}},
  pages        = {12436--12445},
  year         = {2021}
}

@article{3dshape2vecset,
  author       = {Biao Zhang and
                  Jiapeng Tang and
                  Matthias Nie{\ss}ner and
                  Peter Wonka},
  title        = {3DShape2VecSet: {A} 3D Shape Representation for Neural Fields and
                  Generative Diffusion Models},
  journal      = {{ACM} Trans. Graph.},
  volume       = {42},
  number       = {4},
  pages        = {92:1--92:16},
  year         = {2023}
}

@inproceedings{DBLP:conf/3dim/HaneTM17,
  author       = {Christian Hane and
                  Shubham Tulsiani and
                  Jitendra Malik},
  title        = {Hierarchical Surface Prediction for 3D Object Reconstruction},
  booktitle    = {3DV},
  pages        = {412--420},
  year         = {2017}
}

@inproceedings{DBLP:conf/cvpr/ChenZ19,
  author       = {Zhiqin Chen and
                  Hao Zhang},
  title        = {Learning Implicit Fields for Generative Shape Modeling},
  booktitle    = {{CVPR}},
  pages        = {5939--5948},
  year         = {2019}
}

@inproceedings{DBLP:conf/cvpr/FanSG17,
  author       = {Haoqiang Fan and
                  Hao Su and
                  Leonidas J. Guibas},
  title        = {A Point Set Generation Network for 3D Object Reconstruction from a
                  Single Image},
  booktitle    = {{CVPR}},
  pages        = {2463--2471},
  year         = {2017}
}

@inproceedings{DBLP:conf/cvpr/GroueixFKRA18,
  author       = {Thibault Groueix and
                  Matthew Fisher and
                  Vladimir G. Kim and
                  Bryan C. Russell and
                  Mathieu Aubry},
  title        = {A Papier-M{\^{a}}ch{\'{e}} Approach to Learning 3D Surface Generation},
  booktitle    = {{CVPR}},
  pages        = {216--224},
  year         = {2018}
}

@inproceedings{DBLP:conf/eccv/ChoyXGCS16,
  author       = {Christopher B. Choy and
                  Danfei Xu and
                  JunYoung Gwak and
                  Kevin Chen and
                  Silvio Savarese},
  title        = {3D-R2N2: {A} Unified Approach for Single and Multi-view 3D Object
                  Reconstruction},
  booktitle    = {{ECCV}},
  volume       = {9912},
  pages        = {628--644},
  year         = {2016}
}

@inproceedings{DBLP:conf/iclr/0011SKKEP21,
  author       = {Yang Song and
                  Jascha Sohl{-}Dickstein and
                  Diederik P. Kingma and
                  Abhishek Kumar and
                  Stefano Ermon and
                  Ben Poole},
  title        = {Score-Based Generative Modeling through Stochastic Differential Equations},
  booktitle    = {{ICLR}},
  year         = {2021}
}

@inproceedings{DBLP:conf/iclr/ZhangCLGZ0F21,
  author       = {Yuxuan Zhang and
                  Wenzheng Chen and
                  Huan Ling and
                  Jun Gao and
                  Yinan Zhang and
                  Antonio Torralba and
                  Sanja Fidler},
  title        = {Image GANs meet Differentiable Rendering for Inverse Graphics and
                  Interpretable 3D Neural Rendering},
  booktitle    = {{ICLR}},
  year         = {2021}
}

@inproceedings{DBLP:conf/icml/AchlioptasDMG18,
  author       = {Panos Achlioptas and
                  Olga Diamanti and
                  Ioannis Mitliagkas and
                  Leonidas J. Guibas},
  title        = {Learning Representations and Generative Models for 3D Point Clouds},
  booktitle    = {ICML},
  volume       = {80},
  pages        = {40--49},
  year         = {2018}
}

@inproceedings{DBLP:conf/icml/RameshPGGVRCS21,
  author       = {Aditya Ramesh and
                  Mikhail Pavlov and
                  Gabriel Goh and
                  Scott Gray and
                  Chelsea Voss and
                  Alec Radford and
                  Mark Chen and
                  Ilya Sutskever},
  title        = {Zero-Shot Text-to-Image Generation},
  booktitle    = {{ICML}},
  volume       = {139},
  pages        = {8821--8831},
  year         = {2021},
}

@inproceedings{DBLP:conf/icml/Sohl-DicksteinW15,
  author       = {Jascha Sohl{-}Dickstein and
                  Eric A. Weiss and
                  Niru Maheswaranathan and
                  Surya Ganguli},
  title        = {Deep Unsupervised Learning using Nonequilibrium Thermodynamics},
  booktitle    = {{ICML}},
  volume       = {37},
  pages        = {2256--2265},
  year         = {2015},
}

@inproceedings{DBLP:conf/nips/0001ZXFT16,
  author       = {Jiajun Wu and
                  Chengkai Zhang and
                  Tianfan Xue and
                  Bill Freeman and
                  Josh Tenenbaum},
  title        = {Learning a Probabilistic Latent Space of Object Shapes via 3D Generative-Adversarial Modeling},
  booktitle    = {NeurIPS},
  pages        = {82--90},
  year         = {2016}
}

@inproceedings{DBLP:conf/nips/zengVWGLFK22,
  author       = {Xiaohui Zeng and
                  Arash Vahdat and
                  Francis Williams and
                  Zan Gojcic and
                  Or Litany and
                  Sanja Fidler and
                  Karsten Kreis},
  title        = {{LION:} Latent Point Diffusion Models for 3D Shape Generation},
  booktitle    = {NeurIPS},
  year         = {2022}
}

@inproceedings{DBLP:conf/siggrapha/HuiLHF22,
  author       = {Ka{-}Hei Hui and
                  Ruihui Li and
                  Jingyu Hu and
                  Chi{-}Wing Fu},
  title        = {Neural Wavelet-domain Diffusion for 3D Shape Generation},
  booktitle    = {{SIGGRAPH} Asia},
  pages        = {24:1--24:9},
  year         = {2022}
}

@article{DBLP:journals/corr/abs-2406-06525,
  author       = {Peize Sun and
                  Yi Jiang and
                  Shoufa Chen and
                  Shilong Zhang and
                  Bingyue Peng and
                  Ping Luo and
                  Zehuan Yuan},
  title        = {Autoregressive Model Beats Diffusion: Llama for Scalable Image Generation},
  journal      = {arXiv preprint arXiv:2406.06525},
  year         = {2024},
}

@inproceedings{DBLP:journals/corr/abs-2406-07550,
  author       = {Qihang Yu and
                  Mark Weber and
                  Xueqing Deng and
                  Xiaohui Shen and
                  Daniel Cremers and
                  Liang{-}Chieh Chen},
  title        = {An Image is Worth 32 Tokens for Reconstruction and Generation},
  booktitle    = {{NeurIPS}},
  year         = {2024}
}

@article{DBLP:journals/tog/LiuKCAJ20,
  author       = {Hsueh{-}Ti Derek Liu and
                  Vladimir G. Kim and
                  Siddhartha Chaudhuri and
                  Noam Aigerman and
                  Alec Jacobson},
  title        = {Neural subdivision},
  journal      = {{ACM} Trans. Graph.},
  volume       = {39},
  number       = {4},
  pages        = {124},
  year         = {2020}
}

@article{DBLP:journals/tog/LiuTJ18,
  author       = {Hsueh{-}Ti Derek Liu and
                  Michael Tao and
                  Alec Jacobson},
  title        = {Paparazzi: surface editing by way of multi-view image processing},
  journal      = {{ACM} Trans. Graph.},
  volume       = {37},
  number       = {6},
  pages        = {221},
  year         = {2018}
}

@article{DBLP:journals/tog/YinCHCZ19,
  author       = {Kangxue Yin and
                  Zhiqin Chen and
                  Hui Huang and
                  Daniel Cohen{-}Or and
                  Hao Zhang},
  title        = {{LOGAN:} unpaired shape transform in latent overcomplete space},
  journal      = {{ACM} Trans. Graph.},
  volume       = {38},
  number       = {6},
  pages        = {198:1--198:13},
  year         = {2019}
}

@article{DBLP:journals/tog/ZhouHWTDGS06,
  author       = {Kun Zhou and
                  Xin Huang and
                  Xi Wang and
                  Yiying Tong and
                  Mathieu Desbrun and
                  Baining Guo and
                  Heung{-}Yeung Shum},
  title        = {Mesh quilting for geometric texture synthesis},
  journal      = {{ACM} Trans. Graph.},
  volume       = {25},
  number       = {3},
  pages        = {690--697},
  year         = {2006}
}

@inproceedings{DECOLLAGE,
  author       = {Qimin Chen and
                  Zhiqin Chen and
                  Vladimir G. Kim and
                  Noam Aigerman and
                  Hao (Richard) Zhang and
                  Siddhartha Chaudhuri},
  title        = {{DECOLLAGE:} 3D Detailization by Controllable, Localized, and Learned
                  Geometry Enhancement},
  booktitle    = {{ECCV}},
  volume       = {15097},
  pages        = {110--127},
  year         = {2024},
}

@inproceedings{DreamFusion,
  author       = {Ben Poole and
                  Ajay Jain and
                  Jonathan T. Barron and
                  Ben Mildenhall},
  title        = {DreamFusion: Text-to-3D using 2D Diffusion},
  booktitle    = {{ICLR}},
  year         = {2023}
}

@inproceedings{LGM,
  author       = {Jiaxiang Tang and
                  Zhaoxi Chen and
                  Xiaokang Chen and
                  Tengfei Wang and
                  Gang Zeng and
                  Ziwei Liu},
  title        = {{LGM:} Large Multi-view Gaussian Model for High-Resolution 3D Content Creation},
  booktitle    = {{ECCV}},
  volume       = {15062},
  pages        = {1--18},
  year         = {2024},
}

@inproceedings{LRM,
  author       = {Yicong Hong and
                  Kai Zhang and
                  Jiuxiang Gu and
                  Sai Bi and
                  Yang Zhou and
                  Difan Liu and
                  Feng Liu and
                  Kalyan Sunkavalli and
                  Trung Bui and
                  Hao Tan},
  title        = {{LRM:} Large Reconstruction Model for Single Image to 3D},
  booktitle    = {{ICLR}},
  year         = {2024},
}

@inproceedings{Text2Mesh,
  author       = {Oscar Michel and
                  Roi Bar{-}On and
                  Richard Liu and
                  Sagie Benaim and
                  Rana Hanocka},
  title        = {Text2Mesh: Text-Driven Neural Stylization for Meshes},
  booktitle    = {CVPR},
  pages        = {13482--13492},
  year         = {2022}
}

@article{craftsman,
  author       = {Weiyu Li and
                  Jiarui Liu and
                  Rui Chen and
                  Yixun Liang and
                  Xuelin Chen and
                  Ping Tan and
                  Xiaoxiao Long},
  title        = {CraftsMan: High-fidelity Mesh Generation with 3D Native Generation
                  and Interactive Geometry Refiner},
  journal      = {arXiv preprint arXiv:2405.14979},
  year         = {2024}
}

@inproceedings{decorgan,
  author       = {Zhiqin Chen and
                  Vladimir G. Kim and
                  Matthew Fisher and
                  Noam Aigerman and
                  Hao Zhang and
                  Siddhartha Chaudhuri},
  title        = {{DECOR-GAN:} 3D Shape Detailization by Conditional Refinement},
  booktitle    = {{CVPR}},
  pages        = {15740--15749},
  year         = {2021}
}

@inproceedings{deepsdf,
  author       = {Jeong Joon Park and
                  Peter R. Florence and
                  Julian Straub and
                  Richard A. Newcombe and
                  Steven Lovegrove},
  title        = {DeepSDF: Learning Continuous Signed Distance Functions for Shape Representation},
  booktitle    = {{CVPR}},
  pages        = {165--174},
  year         = {2019}
}

@inproceedings{diffsdf,
  author       = {Muheng Li and
                  Yueqi Duan and
                  Jie Zhou and
                  Jiwen Lu},
  title        = {Diffusion-SDF: Text-to-Shape via Voxelized Diffusion},
  booktitle    = {{CVPR}},
  pages        = {12642--12651},
  year         = {2023}
}

@inproceedings{diffusion,
  author       = {Jonathan Ho and
                  Ajay Jain and
                  Pieter Abbeel},
  title        = {Denoising Diffusion Probabilistic Models},
  booktitle    = {NeurIPS},
  year         = {2020}
}

@inproceedings{dreamgaussian,
  author       = {Jiaxiang Tang and
                  Jiawei Ren and
                  Hang Zhou and
                  Ziwei Liu and
                  Gang Zeng},
  title        = {DreamGaussian: Generative Gaussian Splatting for Efficient 3D Content
                  Creation},
  booktitle    = {{ICLR}},
  year         = {2024}
}

@inproceedings{fantasia3d,
  author       = {Rui Chen and
                  Yongwei Chen and
                  Ningxin Jiao and
                  Kui Jia},
  title        = {Fantasia3D: Disentangling Geometry and Appearance for High-quality
                  Text-to-3D Content Creation},
  booktitle    = {{ICCV}},
  pages        = {22189--22199},
  year         = {2023}
}

@article{gan,
  author       = {Ian J. Goodfellow and
                  Jean Pouget{-}Abadie and
                  Mehdi Mirza and
                  Bing Xu and
                  David Warde{-}Farley and
                  Sherjil Ozair and
                  Aaron C. Courville and
                  Yoshua Bengio},
  title        = {Generative adversarial networks},
  journal      = {Commun. {ACM}},
  volume       = {63},
  number       = {11},
  pages        = {139--144},
  year         = {2020}
}

@inproceedings{get3d,
  author       = {Jun Gao and
                  Tianchang Shen and
                  Zian Wang and
                  Wenzheng Chen and
                  Kangxue Yin and
                  Daiqing Li and
                  Or Litany and
                  Zan Gojcic and
                  Sanja Fidler},
  title        = {{GET3D:} {A} Generative Model of High Quality 3D Textured Shapes Learned
                  from Images},
  booktitle    = {NeurIPS},
  year         = {2022}
}

@inproceedings{magic3d,
  author       = {Chen{-}Hsuan Lin and
                  Jun Gao and
                  Luming Tang and
                  Towaki Takikawa and
                  Xiaohui Zeng and
                  Xun Huang and
                  Karsten Kreis and
                  Sanja Fidler and
                  Ming{-}Yu Liu and
                  Tsung{-}Yi Lin},
  title        = {Magic3D: High-Resolution Text-to-3D Content Creation},
  booktitle    = {{CVPR}},
  pages        = {300--309},
  year         = {2023}
}

@inproceedings{maskgit,
  author       = {Huiwen Chang and
                  Han Zhang and
                  Lu Jiang and
                  Ce Liu and
                  William T. Freeman},
  title        = {MaskGIT: Masked Generative Image Transformer},
  booktitle    = {{CVPR}},
  pages        = {11305--11315},
  year         = {2022}
}

@inproceedings{nerf,
  author       = {Ben Mildenhall and
                  Pratul P. Srinivasan and
                  Matthew Tancik and
                  Jonathan T. Barron and
                  Ravi Ramamoorthi and
                  Ren Ng},
  title        = {NeRF: Representing Scenes as Neural Radiance Fields for View Synthesis},
  booktitle    = {{ECCV}},
  volume       = {12346},
  pages        = {405--421},
  year         = {2020}
}

@inproceedings{neusdfusion,
          title={Neusdfusion: A spatial-aware generative model for 3d shape completion, reconstruction, and generation},
          author={Cui, Ruikai and Liu, Weizhe and Sun, Weixuan and Wang, Senbo and Shang, Taizhang and Li, Yang and Song, Xibin and Yan, Han and Wu, Zhennan and Chen, Shenzhou and Li, Hongdong and Pan, Ji},
          booktitle={ECCV},
          year={2024},
}

@inproceedings{occnetwork,
  author       = {Lars M. Mescheder and
                  Michael Oechsle and
                  Michael Niemeyer and
                  Sebastian Nowozin and
                  Andreas Geiger},
  title        = {Occupancy Networks: Learning 3D Reconstruction in Function Space},
  booktitle    = {{CVPR}},
  pages        = {4460--4470},
  year         = {2019}
}

@inproceedings{one2345,
  author       = {Minghua Liu and
                  Chao Xu and
                  Haian Jin and
                  Linghao Chen and
                  Mukund Varma T. and
                  Zexiang Xu and
                  Hao Su},
  title        = {One-2-3-45: Any Single Image to 3D Mesh in 45 Seconds without Per-Shape Optimization},
  booktitle    = { NeurIPS },
  year         = {2023},
}

@inproceedings{pixel2mesh,
  author       = {Nanyang Wang and
                  Yinda Zhang and
                  Zhuwen Li and
                  Yanwei Fu and
                  Wei Liu and
                  Yu{-}Gang Jiang},
  title        = {Pixel2Mesh: Generating 3D Mesh Models from Single {RGB} Images},
  booktitle    = {{ECCV}},
  volume       = {11215},
  pages        = {55--71},
  year         = {2018}
}

@inproceedings{pixelcnn,
  author       = {A{\"{a}}ron van den Oord and
                  Nal Kalchbrenner and
                  Lasse Espeholt and
                  Koray Kavukcuoglu and
                  Oriol Vinyals and
                  Alex Graves},
  title        = {Conditional Image Generation with PixelCNN Decoders},
  booktitle    = {NeurIPS},
  pages        = {4790--4798},
  year         = {2016}
}

@inproceedings{pixelcnnplus,
  author       = {Tim Salimans and
                  Andrej Karpathy and
                  Xi Chen and
                  Diederik P. Kingma},
  title        = {PixelCNN++: Improving the PixelCNN with Discretized Logistic Mixture
                  Likelihood and Other Modifications},
  booktitle    = {{ICLR}},
  year         = {2017}
}

@article{pointe,
  author       = {Alex Nichol and
                  Heewoo Jun and
                  Prafulla Dhariwal and
                  Pamela Mishkin and
                  Mark Chen},
  title        = {Point-E: {A} System for Generating 3D Point Clouds from Complex Prompts},
  journal      = {arXiv preprint arXiv:2212.08751},
  year         = {2022}
}

@inproceedings{shaddr,
  author       = {Qimin Chen and
                  Zhiqin Chen and
                  Hang Zhou and
                  Hao Zhang},
  title        = {ShaDDR: Interactive Example-Based Geometry and Texture Generation
                  via 3D Shape Detailization and Differentiable Rendering},
  booktitle    = {{SIGGRAPH} Asia},
  pages        = {58:1--58:11},
  publisher    = {{ACM}},
  year         = {2023}
}

@article{shape,
  author       = {Heewoo Jun and
                  Alex Nichol},
  title        = {Shap-E: Generating Conditional 3D Implicit Functions},
  journal      = {arXiv preprint arXiv:2305.02463},
  year         = {2023},
}

@inproceedings{var,
    title={Visual Autoregressive Modeling: Scalable Image Generation via Next-Scale Prediction}, 
    author={Keyu Tian and Yi Jiang and Zehuan Yuan and Bingyue Peng and Liwei Wang},
    booktitle    = {{NeurIPS}},      
    year={2024}
}

@inproceedings{vqgan,
  author       = {Patrick Esser and
                  Robin Rombach and
                  Bj{\"{o}}rn Ommer},
  title        = {Taming Transformers for High-Resolution Image Synthesis},
  booktitle    = {{CVPR}},
  pages        = {12873--12883},
  year         = {2021}
}

@inproceedings{vqvae,
  author       = {A{\"{a}}ron van den Oord and
                  Oriol Vinyals and
                  Koray Kavukcuoglu},
  title        = {Neural Discrete Representation Learning},
  booktitle    = {NeurIPS},
  pages        = {6306--6315},
  year         = {2017}
}

@inproceedings{xcube,
  author       = {Xuanchi Ren and
                  Jiahui Huang and
                  Xiaohui Zeng and
                  Ken Museth and
                  Sanja Fidler and
                  Francis Williams},
  title        = {XCube: Large-Scale 3D Generative Modeling using Sparse Voxel Hierarchies},
  booktitle    = {{CVPR}},
  pages        = {4209--4219},
  year         = {2024}
}

