%%% ====================================================================
%%%  BibTeX-file{
%%%     author          = "Gerry Murray",
%%%     version         = "1.2",
%%%     date            = "2 April 2012",
%%%     filename        = "acmsmall-sample-bibfile.bib",
%%%     address         = "ACM, NY",
%%%     email           = "murray at hq.acm.org",
%%%     codetable       = "ISO/ASCII",
%%%     keywords        = "ACM Reference Format, bibliography, citation, references",
%%%     supported       = "yes",
%%%     docstring       = "This BibTeX database file contains 'bibdata' entries
%%%                        that 'match' the examples provided in the Specifications Document
%%%                        AND, also, 'legacy'-type bibs. It should assist authors in
%%%                        choosing the 'correct' at-bibtype and necessary bib-fields
%%%                        so as to obtain the appropriate ACM Reference Format output.
%%%                        It also contains many 'Standard Abbreviations'. "
%%%  }
%%% ====================================================================

% Journals

% First the Full Name is given, then the abbreviation used in the AMS Math
% Reviews, with an indication if it could not be found there.
% Note the 2nd overwrites the 1st, so swap them if you want the full name.

 %{AMS}
 @String{AMSTrans = "American Mathematical Society Translations" }
 @String{AMSTrans = "Amer. Math. Soc. Transl." }
 @String{BullAMS = "Bulletin of the American Mathematical Society" }
 @String{BullAMS = "Bull. Amer. Math. Soc." }
 @String{ProcAMS = "Proceedings of the American Mathematical Society" }
 @String{ProcAMS = "Proc. Amer. Math. Soc." }
 @String{TransAMS = "Transactions of the American Mathematical Society" }
 @String{TransAMS = "Trans. Amer. Math. Soc." }

 %ACM
 @String{CACM = "Communications of the {ACM}" }
 @String{CACM = "Commun. {ACM}" }
 @String{CompServ = "Comput. Surveys" }
 @String{JACM = "J. ACM" }
 @String{ACMMathSoft = "{ACM} Transactions on Mathematical Software" }
 @String{ACMMathSoft = "{ACM} Trans. Math. Software" }
 @String{SIGNUM = "{ACM} {SIGNUM} Newsletter" }
 @String{SIGNUM = "{ACM} {SIGNUM} Newslett." }

 @String{AmerSocio = "American Journal of Sociology" }
 @String{AmerStatAssoc = "Journal of the American Statistical Association" }
 @String{AmerStatAssoc = "J. Amer. Statist. Assoc." }
 @String{ApplMathComp = "Applied Mathematics and Computation" }
 @String{ApplMathComp = "Appl. Math. Comput." }
 @String{AmerMathMonthly = "American Mathematical Monthly" }
 @String{AmerMathMonthly = "Amer. Math. Monthly" }
 @String{BIT = "{BIT}" }
 @String{BritStatPsych = "British Journal of Mathematical and Statistical
          Psychology" }
 @String{BritStatPsych = "Brit. J. Math. Statist. Psych." }
 @String{CanMathBull = "Canadian Mathematical Bulletin" }
 @String{CanMathBull = "Canad. Math. Bull." }
 @String{CompApplMath = "Journal of Computational and Applied Mathematics" }
 @String{CompApplMath = "J. Comput. Appl. Math." }
 @String{CompPhys = "Journal of Computational Physics" }
 @String{CompPhys = "J. Comput. Phys." }
 @String{CompStruct = "Computers and Structures" }
 @String{CompStruct = "Comput. \& Structures" }
 @String{CompJour = "The Computer Journal" }
 @String{CompJour = "Comput. J." }
 @String{CompSysSci = "Journal of Computer and System Sciences" }
 @String{CompSysSci = "J. Comput. System Sci." }
 @String{Computing = "Computing" }
 @String{ContempMath = "Contemporary Mathematics" }
 @String{ContempMath = "Contemp. Math." }
 @String{Crelle = "Crelle's Journal" }
 @String{GiornaleMath = "Giornale di Mathematiche" }
 @String{GiornaleMath = "Giorn. Mat." } % didn't find in AMS MR., ibid.

 %IEEE
 @String{Computer = "{IEEE} Computer" }
 @String{IEEETransComp = "{IEEE} Transactions on Computers" }
 @String{IEEETransComp = "{IEEE} Trans. Comput." }
 @String{IEEETransAC = "{IEEE} Transactions on Automatic Control" }
 @String{IEEETransAC = "{IEEE} Trans. Automat. Control" }
 @String{IEEESpec = "{IEEE} Spectrum" } % didn't find in AMS MR
 @String{ProcIEEE = "Proceedings of the {IEEE}" }
 @String{ProcIEEE = "Proc. {IEEE}" } % didn't find in AMS MR
 @String{IEEETransAeroElec = "{IEEE} Transactions on Aerospace and Electronic
     Systems" }
 @String{IEEETransAeroElec = "{IEEE} Trans. Aerospace Electron. Systems" }

 @String{IMANumerAna = "{IMA} Journal of Numerical Analysis" }
 @String{IMANumerAna = "{IMA} J. Numer. Anal." }
 @String{InfProcLet = "Information Processing Letters" }
 @String{InfProcLet = "Inform. Process. Lett." }
 @String{InstMathApp = "Journal of the Institute of Mathematics and
     its Applications" }
 @String{InstMathApp = "J. Inst. Math. Appl." }
 @String{IntControl = "International Journal of Control" }
 @String{IntControl = "Internat. J. Control" }
 @String{IntNumerEng = "International Journal for Numerical Methods in
     Engineering" }
 @String{IntNumerEng = "Internat. J. Numer. Methods Engrg." }
 @String{IntSuper = "International Journal of Supercomputing Applications" }
 @String{IntSuper = "Internat. J. Supercomputing Applic." } % didn't find
%% in AMS MR
 @String{Kibernetika = "Kibernetika" }
 @String{JResNatBurStand = "Journal of Research of the National Bureau
     of Standards" }
 @String{JResNatBurStand = "J. Res. Nat. Bur. Standards" }
 @String{LinAlgApp = "Linear Algebra and its Applications" }
 @String{LinAlgApp = "Linear Algebra Appl." }
 @String{MathAnaAppl = "Journal of Mathematical Analysis and Applications" }
 @String{MathAnaAppl = "J. Math. Anal. Appl." }
 @String{MathAnnalen = "Mathematische Annalen" }
 @String{MathAnnalen = "Math. Ann." }
 @String{MathPhys = "Journal of Mathematical Physics" }
 @String{MathPhys = "J. Math. Phys." }
 @String{MathComp = "Mathematics of Computation" }
 @String{MathComp = "Math. Comp." }
 @String{MathScand = "Mathematica Scandinavica" }
 @String{MathScand = "Math. Scand." }
 @String{TablesAidsComp = "Mathematical Tables and Other Aids to Computation" }
 @String{TablesAidsComp = "Math. Tables Aids Comput." }
 @String{NumerMath = "Numerische Mathematik" }
 @String{NumerMath = "Numer. Math." }
 @String{PacificMath = "Pacific Journal of Mathematics" }
 @String{PacificMath = "Pacific J. Math." }
 @String{ParDistComp = "Journal of Parallel and Distributed Computing" }
 @String{ParDistComp = "J. Parallel and Distrib. Comput." } % didn't find
%% in AMS MR
 @String{ParComputing = "Parallel Computing" }
 @String{ParComputing = "Parallel Comput." }
 @String{PhilMag = "Philosophical Magazine" }
 @String{PhilMag = "Philos. Mag." }
 @String{ProcNAS = "Proceedings of the National Academy of Sciences
                    of the USA" }
 @String{ProcNAS = "Proc. Nat. Acad. Sci. U. S. A." }
 @String{Psychometrika = "Psychometrika" }
 @String{QuartMath = "Quarterly Journal of Mathematics, Oxford, Series (2)" }
 @String{QuartMath = "Quart. J. Math. Oxford Ser. (2)" }
 @String{QuartApplMath = "Quarterly of Applied Mathematics" }
 @String{QuartApplMath = "Quart. Appl. Math." }
 @String{RevueInstStat = "Review of the International Statisical Institute" }
 @String{RevueInstStat = "Rev. Inst. Internat. Statist." }

 %SIAM
 @String{JSIAM = "Journal of the Society for Industrial and Applied
     Mathematics" }
 @String{JSIAM = "J. Soc. Indust. Appl. Math." }
 @String{JSIAMB = "Journal of the Society for Industrial and Applied
     Mathematics, Series B, Numerical Analysis" }
 @String{JSIAMB = "J. Soc. Indust. Appl. Math. Ser. B Numer. Anal." }
 @String{SIAMAlgMeth = "{SIAM} Journal on Algebraic and Discrete Methods" }
 @String{SIAMAlgMeth = "{SIAM} J. Algebraic Discrete Methods" }
 @String{SIAMAppMath = "{SIAM} Journal on Applied Mathematics" }
 @String{SIAMAppMath = "{SIAM} J. Appl. Math." }
 @String{SIAMComp = "{SIAM} Journal on Computing" }
 @String{SIAMComp = "{SIAM} J. Comput." }
 @String{SIAMMatrix = "{SIAM} Journal on Matrix Analysis and Applications" }
 @String{SIAMMatrix = "{SIAM} J. Matrix Anal. Appl." }
 @String{SIAMNumAnal = "{SIAM} Journal on Numerical Analysis" }
 @String{SIAMNumAnal = "{SIAM} J. Numer. Anal." }
 @String{SIAMReview = "{SIAM} Review" }
 @String{SIAMReview = "{SIAM} Rev." }
 @String{SIAMSciStat = "{SIAM} Journal on Scientific and Statistical
     Computing" }
 @String{SIAMSciStat = "{SIAM} J. Sci. Statist. Comput." }

 @String{SoftPracExp = "Software Practice and Experience" }
 @String{SoftPracExp = "Software Prac. Experience" } % didn't find in AMS MR
 @String{StatScience = "Statistical Science" }
 @String{StatScience = "Statist. Sci." }
 @String{Techno = "Technometrics" }
 @String{USSRCompMathPhys = "{USSR} Computational Mathematics and Mathematical
     Physics" }
 @String{USSRCompMathPhys = "{U. S. S. R.} Comput. Math. and Math. Phys." }
 @String{VLSICompSys = "Journal of {VLSI} and Computer Systems" }
 @String{VLSICompSys = "J. {VLSI} Comput. Syst." }
 @String{ZAngewMathMech = "Zeitschrift fur Angewandte Mathematik und
     Mechanik" }
 @String{ZAngewMathMech = "Z. Angew. Math. Mech." }
 @String{ZAngewMathPhys = "Zeitschrift fur Angewandte Mathematik und Physik" }
 @String{ZAngewMathPhys = "Z. Angew. Math. Phys." }

% Publishers % ================================================= |

 @String{Academic = "Academic Press" }
 @String{ACMPress = "{ACM} Press" }
 @String{AdamHilger = "Adam Hilger" }
 @String{AddisonWesley = "Addison-Wesley" }
 @String{AllynBacon = "Allyn and Bacon" }
 @String{AMS = "American Mathematical Society" }
 @String{Birkhauser = "Birkha{\"u}ser" }
 @String{CambridgePress = "Cambridge University Press" }
 @String{Chelsea = "Chelsea" }
 @String{ClaredonPress = "Claredon Press" }
 @String{DoverPub = "Dover Publications" }
 @String{Eyolles = "Eyolles" }
 @String{HoltRinehartWinston = "Holt, Rinehart and Winston" }
 @String{Interscience = "Interscience" }
 @String{JohnsHopkinsPress = "The Johns Hopkins University Press" }
 @String{JohnWileySons = "John Wiley and Sons" }
 @String{Macmillan = "Macmillan" }
 @String{MathWorks = "The Math Works Inc." }
 @String{McGrawHill = "McGraw-Hill" }
 @String{NatBurStd = "National Bureau of Standards" }
 @String{NorthHolland = "North-Holland" }
 @String{OxfordPress = "Oxford University Press" }  %address Oxford or London?
 @String{PergamonPress = "Pergamon Press" }
 @String{PlenumPress = "Plenum Press" }
 @String{PrenticeHall = "Prentice-Hall" }
 @String{SIAMPub = "{SIAM} Publications" }
 @String{Springer = "Springer-Verlag" }
 @String{TexasPress = "University of Texas Press" }
 @String{VanNostrand = "Van Nostrand" }
 @String{WHFreeman = "W. H. Freeman and Co." }



@inproceedings{vae,
  author       = {Diederik P. Kingma and
                  Max Welling},
  title        = {Auto-Encoding Variational Bayes},
  booktitle    = {{ICLR}},
  year         = {2014}
}

@inproceedings{vqvae,
  author       = {A{\"{a}}ron van den Oord and
                  Oriol Vinyals and
                  Koray Kavukcuoglu},
  title        = {Neural Discrete Representation Learning},
  booktitle    = {NeurIPS},
  pages        = {6306--6315},
  year         = {2017}
}

@article{gan,
  author       = {Ian J. Goodfellow and
                  Jean Pouget{-}Abadie and
                  Mehdi Mirza and
                  Bing Xu and
                  David Warde{-}Farley and
                  Sherjil Ozair and
                  Aaron C. Courville and
                  Yoshua Bengio},
  title        = {Generative adversarial networks},
  journal      = {Commun. {ACM}},
  volume       = {63},
  number       = {11},
  pages        = {139--144},
  year         = {2020}
}

@inproceedings{pixelcnn,
  author       = {A{\"{a}}ron van den Oord and
                  Nal Kalchbrenner and
                  Lasse Espeholt and
                  Koray Kavukcuoglu and
                  Oriol Vinyals and
                  Alex Graves},
  title        = {Conditional Image Generation with PixelCNN Decoders},
  booktitle    = {NeurIPS},
  pages        = {4790--4798},
  year         = {2016}
}

@inproceedings{pixelcnnplus,
  author       = {Tim Salimans and
                  Andrej Karpathy and
                  Xi Chen and
                  Diederik P. Kingma},
  title        = {PixelCNN++: Improving the PixelCNN with Discretized Logistic Mixture
                  Likelihood and Other Modifications},
  booktitle    = {{ICLR}},
  year         = {2017}
}

@inproceedings{diffusion,
  author       = {Jonathan Ho and
                  Ajay Jain and
                  Pieter Abbeel},
  title        = {Denoising Diffusion Probabilistic Models},
  booktitle    = {NeurIPS},
  year         = {2020}
}

@inproceedings{DBLP:conf/icml/Sohl-DicksteinW15,
  author       = {Jascha Sohl{-}Dickstein and
                  Eric A. Weiss and
                  Niru Maheswaranathan and
                  Surya Ganguli},
  title        = {Deep Unsupervised Learning using Nonequilibrium Thermodynamics},
  booktitle    = {{ICML}},
  volume       = {37},
  pages        = {2256--2265},
  year         = {2015},
}

@inproceedings{DBLP:conf/iclr/0011SKKEP21,
  author       = {Yang Song and
                  Jascha Sohl{-}Dickstein and
                  Diederik P. Kingma and
                  Abhishek Kumar and
                  Stefano Ermon and
                  Ben Poole},
  title        = {Score-Based Generative Modeling through Stochastic Differential Equations},
  booktitle    = {{ICLR}},
  year         = {2021}
}

@inproceedings{DBLP:conf/nips/0001ZXFT16,
  author       = {Jiajun Wu and
                  Chengkai Zhang and
                  Tianfan Xue and
                  Bill Freeman and
                  Josh Tenenbaum},
  title        = {Learning a Probabilistic Latent Space of Object Shapes via 3D Generative-Adversarial Modeling},
  booktitle    = {NeurIPS},
  pages        = {82--90},
  year         = {2016}
}

@inproceedings{DBLP:conf/eccv/ChoyXGCS16,
  author       = {Christopher B. Choy and
                  Danfei Xu and
                  JunYoung Gwak and
                  Kevin Chen and
                  Silvio Savarese},
  title        = {3D-R2N2: {A} Unified Approach for Single and Multi-view 3D Object
                  Reconstruction},
  booktitle    = {{ECCV}},
  volume       = {9912},
  pages        = {628--644},
  year         = {2016}
}

@inproceedings{xcube,
  author       = {Xuanchi Ren and
                  Jiahui Huang and
                  Xiaohui Zeng and
                  Ken Museth and
                  Sanja Fidler and
                  Francis Williams},
  title        = {XCube: Large-Scale 3D Generative Modeling using Sparse Voxel Hierarchies},
  booktitle    = {{CVPR}},
  pages        = {4209--4219},
  year         = {2024}
}

@inproceedings{DBLP:conf/icml/AchlioptasDMG18,
  author       = {Panos Achlioptas and
                  Olga Diamanti and
                  Ioannis Mitliagkas and
                  Leonidas J. Guibas},
  title        = {Learning Representations and Generative Models for 3D Point Clouds},
  booktitle    = {ICML},
  volume       = {80},
  pages        = {40--49},
  year         = {2018}
}

@inproceedings{DBLP:conf/nips/zengVWGLFK22,
  author       = {Xiaohui Zeng and
                  Arash Vahdat and
                  Francis Williams and
                  Zan Gojcic and
                  Or Litany and
                  Sanja Fidler and
                  Karsten Kreis},
  title        = {{LION:} Latent Point Diffusion Models for 3D Shape Generation},
  booktitle    = {NeurIPS},
  year         = {2022}
}

@article{3dshape2vecset,
  author       = {Biao Zhang and
                  Jiapeng Tang and
                  Matthias Nie{\ss}ner and
                  Peter Wonka},
  title        = {3DShape2VecSet: {A} 3D Shape Representation for Neural Fields and
                  Generative Diffusion Models},
  journal      = {{ACM} Trans. Graph.},
  volume       = {42},
  number       = {4},
  pages        = {92:1--92:16},
  year         = {2023}
}

@article{craftsman,
  author       = {Weiyu Li and
                  Jiarui Liu and
                  Rui Chen and
                  Yixun Liang and
                  Xuelin Chen and
                  Ping Tan and
                  Xiaoxiao Long},
  title        = {CraftsMan: High-fidelity Mesh Generation with 3D Native Generation
                  and Interactive Geometry Refiner},
  journal      = {arXiv preprint arXiv:2405.14979},
  year         = {2024}
}

@inproceedings{DBLP:conf/cvpr/FanSG17,
  author       = {Haoqiang Fan and
                  Hao Su and
                  Leonidas J. Guibas},
  title        = {A Point Set Generation Network for 3D Object Reconstruction from a
                  Single Image},
  booktitle    = {{CVPR}},
  pages        = {2463--2471},
  year         = {2017}
}

@article{DBLP:journals/tog/YinCHCZ19,
  author       = {Kangxue Yin and
                  Zhiqin Chen and
                  Hui Huang and
                  Daniel Cohen{-}Or and
                  Hao Zhang},
  title        = {{LOGAN:} unpaired shape transform in latent overcomplete space},
  journal      = {{ACM} Trans. Graph.},
  volume       = {38},
  number       = {6},
  pages        = {198:1--198:13},
  year         = {2019}
}

@inproceedings{DBLP:conf/3dim/HaneTM17,
  author       = {Christian Hane and
                  Shubham Tulsiani and
                  Jitendra Malik},
  title        = {Hierarchical Surface Prediction for 3D Object Reconstruction},
  booktitle    = {3DV},
  pages        = {412--420},
  year         = {2017}
}

@inproceedings{DBLP:conf/cvpr/GroueixFKRA18,
  author       = {Thibault Groueix and
                  Matthew Fisher and
                  Vladimir G. Kim and
                  Bryan C. Russell and
                  Mathieu Aubry},
  title        = {A Papier-M{\^{a}}ch{\'{e}} Approach to Learning 3D Surface Generation},
  booktitle    = {{CVPR}},
  pages        = {216--224},
  year         = {2018}
}

@inproceedings{pixel2mesh,
  author       = {Nanyang Wang and
                  Yinda Zhang and
                  Zhuwen Li and
                  Yanwei Fu and
                  Wei Liu and
                  Yu{-}Gang Jiang},
  title        = {Pixel2Mesh: Generating 3D Mesh Models from Single {RGB} Images},
  booktitle    = {{ECCV}},
  volume       = {11215},
  pages        = {55--71},
  year         = {2018}
}

@inproceedings{DBLP:conf/iclr/ZhangCLGZ0F21,
  author       = {Yuxuan Zhang and
                  Wenzheng Chen and
                  Huan Ling and
                  Jun Gao and
                  Yinan Zhang and
                  Antonio Torralba and
                  Sanja Fidler},
  title        = {Image GANs meet Differentiable Rendering for Inverse Graphics and
                  Interpretable 3D Neural Rendering},
  booktitle    = {{ICLR}},
  year         = {2021}
}

@inproceedings{DreamFusion,
  author       = {Ben Poole and
                  Ajay Jain and
                  Jonathan T. Barron and
                  Ben Mildenhall},
  title        = {DreamFusion: Text-to-3D using 2D Diffusion},
  booktitle    = {{ICLR}},
  year         = {2023}
}

@inproceedings{magic3d,
  author       = {Chen{-}Hsuan Lin and
                  Jun Gao and
                  Luming Tang and
                  Towaki Takikawa and
                  Xiaohui Zeng and
                  Xun Huang and
                  Karsten Kreis and
                  Sanja Fidler and
                  Ming{-}Yu Liu and
                  Tsung{-}Yi Lin},
  title        = {Magic3D: High-Resolution Text-to-3D Content Creation},
  booktitle    = {{CVPR}},
  pages        = {300--309},
  year         = {2023}
}

@inproceedings{nerf,
  author       = {Ben Mildenhall and
                  Pratul P. Srinivasan and
                  Matthew Tancik and
                  Jonathan T. Barron and
                  Ravi Ramamoorthi and
                  Ren Ng},
  title        = {NeRF: Representing Scenes as Neural Radiance Fields for View Synthesis},
  booktitle    = {{ECCV}},
  volume       = {12346},
  pages        = {405--421},
  year         = {2020}
}

@inproceedings{dreamgaussian,
  author       = {Jiaxiang Tang and
                  Jiawei Ren and
                  Hang Zhou and
                  Ziwei Liu and
                  Gang Zeng},
  title        = {DreamGaussian: Generative Gaussian Splatting for Efficient 3D Content
                  Creation},
  booktitle    = {{ICLR}},
  year         = {2024}
}

@inproceedings{LGM,
  author       = {Jiaxiang Tang and
                  Zhaoxi Chen and
                  Xiaokang Chen and
                  Tengfei Wang and
                  Gang Zeng and
                  Ziwei Liu},
  title        = {{LGM:} Large Multi-view Gaussian Model for High-Resolution 3D Content Creation},
  booktitle    = {{ECCV}},
  volume       = {15062},
  pages        = {1--18},
  year         = {2024},
}

@inproceedings{LRM,
  author       = {Yicong Hong and
                  Kai Zhang and
                  Jiuxiang Gu and
                  Sai Bi and
                  Yang Zhou and
                  Difan Liu and
                  Feng Liu and
                  Kalyan Sunkavalli and
                  Trung Bui and
                  Hao Tan},
  title        = {{LRM:} Large Reconstruction Model for Single Image to 3D},
  booktitle    = {{ICLR}},
  year         = {2024},
}

@inproceedings{diffsdf,
  author       = {Muheng Li and
                  Yueqi Duan and
                  Jie Zhou and
                  Jiwen Lu},
  title        = {Diffusion-SDF: Text-to-Shape via Voxelized Diffusion},
  booktitle    = {{CVPR}},
  pages        = {12642--12651},
  year         = {2023}
}

@inproceedings{DBLP:conf/siggrapha/HuiLHF22,
  author       = {Ka{-}Hei Hui and
                  Ruihui Li and
                  Jingyu Hu and
                  Chi{-}Wing Fu},
  title        = {Neural Wavelet-domain Diffusion for 3D Shape Generation},
  booktitle    = {{SIGGRAPH} Asia},
  pages        = {24:1--24:9},
  year         = {2022}
}

@inproceedings{get3d,
  author       = {Jun Gao and
                  Tianchang Shen and
                  Zian Wang and
                  Wenzheng Chen and
                  Kangxue Yin and
                  Daiqing Li and
                  Or Litany and
                  Zan Gojcic and
                  Sanja Fidler},
  title        = {{GET3D:} {A} Generative Model of High Quality 3D Textured Shapes Learned
                  from Images},
  booktitle    = {NeurIPS},
  year         = {2022}
}

@inproceedings{fantasia3d,
  author       = {Rui Chen and
                  Yongwei Chen and
                  Ningxin Jiao and
                  Kui Jia},
  title        = {Fantasia3D: Disentangling Geometry and Appearance for High-quality
                  Text-to-3D Content Creation},
  booktitle    = {{ICCV}},
  pages        = {22189--22199},
  year         = {2023}
}

@inproceedings{neusdfusion,
          title={Neusdfusion: A spatial-aware generative model for 3d shape completion, reconstruction, and generation},
          author={Cui, Ruikai and Liu, Weizhe and Sun, Weixuan and Wang, Senbo and Shang, Taizhang and Li, Yang and Song, Xibin and Yan, Han and Wu, Zhennan and Chen, Shenzhou and Li, Hongdong and Pan, Ji},
          booktitle={ECCV},
          year={2024},
}

@inproceedings{DBLP:conf/cvpr/ChenZ19,
  author       = {Zhiqin Chen and
                  Hao Zhang},
  title        = {Learning Implicit Fields for Generative Shape Modeling},
  booktitle    = {{CVPR}},
  pages        = {5939--5948},
  year         = {2019}
}

@inproceedings{occnetwork,
  author       = {Lars M. Mescheder and
                  Michael Oechsle and
                  Michael Niemeyer and
                  Sebastian Nowozin and
                  Andreas Geiger},
  title        = {Occupancy Networks: Learning 3D Reconstruction in Function Space},
  booktitle    = {{CVPR}},
  pages        = {4460--4470},
  year         = {2019}
}

@inproceedings{deepsdf,
  author       = {Jeong Joon Park and
                  Peter R. Florence and
                  Julian Straub and
                  Richard A. Newcombe and
                  Steven Lovegrove},
  title        = {DeepSDF: Learning Continuous Signed Distance Functions for Shape Representation},
  booktitle    = {{CVPR}},
  pages        = {165--174},
  year         = {2019}
}

@inproceedings{shaddr,
  author       = {Qimin Chen and
                  Zhiqin Chen and
                  Hang Zhou and
                  Hao Zhang},
  title        = {ShaDDR: Interactive Example-Based Geometry and Texture Generation
                  via 3D Shape Detailization and Differentiable Rendering},
  booktitle    = {{SIGGRAPH} Asia},
  pages        = {58:1--58:11},
  publisher    = {{ACM}},
  year         = {2023}
}

@inproceedings{DECOLLAGE,
  author       = {Qimin Chen and
                  Zhiqin Chen and
                  Vladimir G. Kim and
                  Noam Aigerman and
                  Hao (Richard) Zhang and
                  Siddhartha Chaudhuri},
  title        = {{DECOLLAGE:} 3D Detailization by Controllable, Localized, and Learned
                  Geometry Enhancement},
  booktitle    = {{ECCV}},
  volume       = {15097},
  pages        = {110--127},
  year         = {2024},
}

@article{shape,
  author       = {Heewoo Jun and
                  Alex Nichol},
  title        = {Shap-E: Generating Conditional 3D Implicit Functions},
  journal      = {arXiv preprint arXiv:2305.02463},
  year         = {2023},
}

@article{pointe,
  author       = {Alex Nichol and
                  Heewoo Jun and
                  Prafulla Dhariwal and
                  Pamela Mishkin and
                  Mark Chen},
  title        = {Point-E: {A} System for Generating 3D Point Clouds from Complex Prompts},
  journal      = {arXiv preprint arXiv:2212.08751},
  year         = {2022}
}

@inproceedings{one2345,
  author       = {Minghua Liu and
                  Chao Xu and
                  Haian Jin and
                  Linghao Chen and
                  Mukund Varma T. and
                  Zexiang Xu and
                  Hao Su},
  title        = {One-2-3-45: Any Single Image to 3D Mesh in 45 Seconds without Per-Shape Optimization},
  booktitle    = { NeurIPS },
  year         = {2023},
}

@inproceedings{decorgan,
  author       = {Zhiqin Chen and
                  Vladimir G. Kim and
                  Matthew Fisher and
                  Noam Aigerman and
                  Hao Zhang and
                  Siddhartha Chaudhuri},
  title        = {{DECOR-GAN:} 3D Shape Detailization by Conditional Refinement},
  booktitle    = {{CVPR}},
  pages        = {15740--15749},
  year         = {2021}
}
@inproceedings{vqgan,
  author       = {Patrick Esser and
                  Robin Rombach and
                  Bj{\"{o}}rn Ommer},
  title        = {Taming Transformers for High-Resolution Image Synthesis},
  booktitle    = {{CVPR}},
  pages        = {12873--12883},
  year         = {2021}
}

@inproceedings{maskgit,
  author       = {Huiwen Chang and
                  Han Zhang and
                  Lu Jiang and
                  Ce Liu and
                  William T. Freeman},
  title        = {MaskGIT: Masked Generative Image Transformer},
  booktitle    = {{CVPR}},
  pages        = {11305--11315},
  year         = {2022}
}

@inproceedings{DBLP:journals/corr/abs-2406-07550,
  author       = {Qihang Yu and
                  Mark Weber and
                  Xueqing Deng and
                  Xiaohui Shen and
                  Daniel Cremers and
                  Liang{-}Chieh Chen},
  title        = {An Image is Worth 32 Tokens for Reconstruction and Generation},
  booktitle    = {{NeurIPS}},
  year         = {2024}
}

@inproceedings{RQVAE,
  author       = {Doyup Lee and
                  Chiheon Kim and
                  Saehoon Kim and
                  Minsu Cho and
                  Wook{-}Shin Han},
  title        = {Autoregressive Image Generation using Residual Quantization},
  booktitle    = {{CVPR}},
  pages        = {11513--11522},
  year         = {2022}
}

@inproceedings{var,
    title={Visual Autoregressive Modeling: Scalable Image Generation via Next-Scale Prediction}, 
    author={Keyu Tian and Yi Jiang and Zehuan Yuan and Bingyue Peng and Liwei Wang},
    booktitle    = {{NeurIPS}},      
    year={2024}
}

@inproceedings{DBLP:conf/icml/RameshPGGVRCS21,
  author       = {Aditya Ramesh and
                  Mikhail Pavlov and
                  Gabriel Goh and
                  Scott Gray and
                  Chelsea Voss and
                  Alec Radford and
                  Mark Chen and
                  Ilya Sutskever},
  title        = {Zero-Shot Text-to-Image Generation},
  booktitle    = {{ICML}},
  volume       = {139},
  pages        = {8821--8831},
  year         = {2021},
}

@article{DBLP:journals/corr/abs-2406-06525,
  author       = {Peize Sun and
                  Yi Jiang and
                  Shoufa Chen and
                  Shilong Zhang and
                  Bingyue Peng and
                  Ping Luo and
                  Zehuan Yuan},
  title        = {Autoregressive Model Beats Diffusion: Llama for Scalable Image Generation},
  journal      = {arXiv preprint arXiv:2406.06525},
  year         = {2024},
}

@article{DBLP:journals/tog/LiuKCAJ20,
  author       = {Hsueh{-}Ti Derek Liu and
                  Vladimir G. Kim and
                  Siddhartha Chaudhuri and
                  Noam Aigerman and
                  Alec Jacobson},
  title        = {Neural subdivision},
  journal      = {{ACM} Trans. Graph.},
  volume       = {39},
  number       = {4},
  pages        = {124},
  year         = {2020}
}

@article{DBLP:journals/tog/LiuTJ18,
  author       = {Hsueh{-}Ti Derek Liu and
                  Michael Tao and
                  Alec Jacobson},
  title        = {Paparazzi: surface editing by way of multi-view image processing},
  journal      = {{ACM} Trans. Graph.},
  volume       = {37},
  number       = {6},
  pages        = {221},
  year         = {2018}
}

@inproceedings{Text2Mesh,
  author       = {Oscar Michel and
                  Roi Bar{-}On and
                  Richard Liu and
                  Sagie Benaim and
                  Rana Hanocka},
  title        = {Text2Mesh: Text-Driven Neural Stylization for Meshes},
  booktitle    = {CVPR},
  pages        = {13482--13492},
  year         = {2022}
}

@inproceedings{3DStyleNet,
  author       = {Kangxue Yin and
                  Jun Gao and
                  Maria Shugrina and
                  Sameh Khamis and
                  Sanja Fidler},
  title        = {3DStyleNet: Creating 3D Shapes with Geometric and Texture Style Variations},
  booktitle    = {{ICCV}},
  pages        = {12436--12445},
  year         = {2021}
}

@article{DBLP:journals/tog/ZhouHWTDGS06,
  author       = {Kun Zhou and
                  Xin Huang and
                  Xi Wang and
                  Yiying Tong and
                  Mathieu Desbrun and
                  Baining Guo and
                  Heung{-}Yeung Shum},
  title        = {Mesh quilting for geometric texture synthesis},
  journal      = {{ACM} Trans. Graph.},
  volume       = {25},
  number       = {3},
  pages        = {690--697},
  year         = {2006}
}

@inproceedings{objaverse,
  author       = {Matt Deitke and
                  Dustin Schwenk and
                  Jordi Salvador and
                  Luca Weihs and
                  Oscar Michel and
                  Eli VanderBilt and
                  Ludwig Schmidt and
                  Kiana Ehsani and
                  Aniruddha Kembhavi and
                  Ali Farhadi},
  title        = {Objaverse: {A} Universe of Annotated 3D Objects},
  booktitle    = {{CVPR}},
  pages        = {13142--13153},
  year         = {2023}
}

@inproceedings{objaversexl,
  author       = {Matt Deitke and
                  Ruoshi Liu and
                  Matthew Wallingford and
                  Huong Ngo and
                  Oscar Michel and
                  Aditya Kusupati and
                  Alan Fan and
                  Christian Laforte and
                  Vikram Voleti and
                  Samir Yitzhak Gadre and
                  Eli VanderBilt and
                  Aniruddha Kembhavi and
                  Carl Vondrick and
                  Georgia Gkioxari and
                  Kiana Ehsani and
                  Ludwig Schmidt and
                  Ali Farhadi},
  title        = {Objaverse-XL: {A} Universe of 10M+ 3D Objects},
  booktitle    = { NeurIPS },
  year         = {2023}
}


@inproceedings{LN3Diff,
  author       = {Yushi Lan and
                  Fangzhou Hong and
                  Shuai Yang and
                  Shangchen Zhou and
                  Xuyi Meng and
                  Bo Dai and
                  Xingang Pan and
                  Chen Change Loy},
  title        = {LN3Diff: Scalable Latent Neural Fields Diffusion for Speedy 3D Generation},
  booktitle    = {{ECCV}},
  volume       = {15062},
  pages        = {112--130},
  year         = {2024}
}

@inproceedings{direct3d,
  author       = {Shuang Wu and
                  Youtian Lin and
                  Feihu Zhang and
                  Yifei Zeng and
                  Jingxi Xu and
                  Philip Torr and
                  Xun Cao and
                  Yao Yao},
  title        = {Direct3D: Scalable Image-to-3D Generation via 3D Latent Diffusion
                  Transformer},
  booktitle      = {NeurIPS},
  year         = {2024}
}

@inproceedings{michelangelo,
  author       = {Zibo Zhao and
                  Wen Liu and
                  Xin Chen and
                  Xianfang Zeng and
                  Rui Wang and
                  Pei Cheng and
                  Bin Fu and
                  Tao Chen and
                  Gang Yu and
                  Shenghua Gao},
  title        = {Michelangelo: Conditional 3D Shape Generation based on Shape-Image-Text
                  Aligned Latent Representation},
  booktitle    = {NeurIPS },
  year         = {2023}
}

@article{3dtopia,
  author       = {Fangzhou Hong and
                  Jiaxiang Tang and
                  Ziang Cao and
                  Min Shi and
                  Tong Wu and
                  Zhaoxi Chen and
                  Tengfei Wang and
                  Liang Pan and
                  Dahua Lin and
                  Ziwei Liu},
  title        = {3DTopia: Large Text-to-3D Generation Model with Hybrid Diffusion Priors},
  journal      = {arXiv preprint arXiv:2403.02234},
  year         = {2024},
}

@article{clay,
  author       = {Longwen Zhang and
                  Ziyu Wang and
                  Qixuan Zhang and
                  Qiwei Qiu and
                  Anqi Pang and
                  Haoran Jiang and
                  Wei Yang and
                  Lan Xu and
                  Jingyi Yu},
  title        = {{CLAY:} {A} Controllable Large-scale Generative Model for Creating
                  High-quality 3D Assets},
  journal      = {{ACM} Trans. Graph.},
  volume       = {43},
  number       = {4},
  pages        = {120:1--120:20},
  year         = {2024}
}

@article{meshanything,
  author       = {Yiwen Chen and
                  Tong He and
                  Di Huang and
                  Weicai Ye and
                  Sijin Chen and
                  Jiaxiang Tang and
                  Xin Chen and
                  Zhongang Cai and
                  Lei Yang and
                  Gang Yu and
                  Guosheng Lin and
                  Chi Zhang},
  title        = {MeshAnything: Artist-Created Mesh Generation with Autoregressive Transformers},
  journal      = {arXiv preprint arXiv:2406.10163},
  year         = {2024}
}

@article{meshanything2,
  author       = {Yiwen Chen and
                  Yikai Wang and
                  Yihao Luo and
                  Zhengyi Wang and
                  Zilong Chen and
                  Jun Zhu and
                  Chi Zhang and
                  Guosheng Lin},
  title        = {MeshAnything {V2:} Artist-Created Mesh Generation With Adjacent Mesh
                  Tokenization},
  journal      = {arXiv preprint arXiv:2408.02555},
  year         = {2024}
}

@inproceedings{meshgpt,
  author       = {Yawar Siddiqui and
                  Antonio Alliegro and
                  Alexey Artemov and
                  Tatiana Tommasi and
                  Daniele Sirigatti and
                  Vladislav Rosov and
                  Angela Dai and
                  Matthias Nie{\ss}ner},
  title        = {MeshGPT: Generating Triangle Meshes with Decoder-Only Transformers},
  booktitle    = {{CVPR}},
  pages        = {19615--19625},
  year         = {2024}
}

@inproceedings{DBLP:conf/cvpr/LeeKKCH22,
  author       = {Doyup Lee and
                  Chiheon Kim and
                  Saehoon Kim and
                  Minsu Cho and
                  Wook{-}Shin Han},
  title        = {Autoregressive Image Generation using Residual Quantization},
  booktitle    = {{CVPR}},
  pages        = {11513--11522},
  year         = {2022}
}

@inproceedings{DBLP:conf/iclr/YuLKZPQKXBW22,
  author       = {Jiahui Yu and
                  Xin Li and
                  Jing Yu Koh and
                  Han Zhang and
                  Ruoming Pang and
                  James Qin and
                  Alexander Ku and
                  Yuanzhong Xu and
                  Jason Baldridge and
                  Yonghui Wu},
  title        = {Vector-quantized Image Modeling with Improved {VQGAN}},
  booktitle    = {{ICLR}},
  year         = {2022}
}

@inproceedings{DBLP:conf/mlsys/PopeDCDBHXAD23,
  author       = {Reiner Pope and
                  Sholto Douglas and
                  Aakanksha Chowdhery and
                  Jacob Devlin and
                  James Bradbury and
                  Jonathan Heek and
                  Kefan Xiao and
                  Shivani Agrawal and
                  Jeff Dean},
  title        = {Efficiently Scaling Transformer Inference},
  booktitle    = {Proceedings of Machine Learning and Systems},
  year         = {2023}
}

@article{shapenet,
 title       = {{ShapeNet: An Information-Rich 3D Model Repository}},
  author      = {Chang, Angel X. and Funkhouser, Thomas and Guibas, Leonidas and Hanrahan, Pat and Huang, Qixing and Li, Zimo and Savarese, Silvio and Savva, Manolis and Song, Shuran and Su, Hao and Xiao, Jianxiong and Yi, Li and Yu, Fisher},
  journal      = {arXiv preprint arXiv:1512.03012},
  year         = {2015}
}