@article{kantorovich1958space,
	title={On a space of totally additive functions},
	author={L. V. Kantorovich and S. G. Rubinshtein},
	journal={Vestnik of the St. Petersburg University: Mathematics},
	volume={13},
	number={7},
	pages={52--59},
	year={1958},
	publisher={Allerton Press, Inc.}
}

@misc{kuhn2024distributionallyrobustoptimization,
      title={Distributionally Robust Optimization}, 
      author={D. Kuhn and S. Shafiee and W. Wiesemann},
      year={2024},
      eprint={2411.02549},
      archivePrefix={arXiv},
      primaryClass={math.OC},
      url={https://arxiv.org/abs/2411.02549}, 
}

@article{drusvyatskiy2019efficiency,
  title={Efficiency of minimizing compositions of convex functions and smooth maps},
  author={D. Drusvyatskiy and C. Paquette},
  journal={Mathematical Programming},
  volume={178},
  pages={503--558},
  year={2019},
  publisher={Springer}
}

@article{zhang2022global,
  title={A global dual error bound and its application to the analysis of linearly constrained non-convex optimization},
  author={J. Zhang and Z. Luo},
  journal={SIAM Journal on Optimization},
  volume={32},
  number={3},
  pages={2319--2346},
  year={2022},
  publisher={SIAM}
}

@article{Barvinok1992ComputingTV,
	title={Computing the volume, counting integral points, and exponential sums},
	author={I. B. Alexander},
	journal={Discrete \& Computational Geometry},
	year={1992},
	volume={10},
	pages={123-141},
	url={https://api.semanticscholar.org/CorpusID:16191510}
}

@book{royden2010real,
	title={Real analysis},
	author={H. Royden and P. M. Fitzpatrick},
	year={2010},
	publisher={China Machine Press}
}

@article{bian2015linearly,
	title={Linearly constrained non-{L}ipschitz optimization for image restoration},
	author={W. Bian and X. Chen},
	journal={SIAM Journal on Imaging Sciences},
	volume={8},
	number={4},
	pages={2294--2322},
	year={2015},
	publisher={SIAM}
}

@article{bian2013worst,
	title={Worst-case complexity of smoothing quadratic regularization methods for non-{L}ipschitzian optimization},
	author={W. Bian and X. Chen},
	journal={SIAM Journal on Optimization},
	volume={23},
	number={3},
	pages={1718--1741},
	year={2013},
	publisher={SIAM}
}


@article{zhang2018robust,
	title={Robust multicategory support vector machines using difference convex algorithm},
	author={C. Zhang and M. Pham and S. Fu and Y. Liu},
	journal={Mathematical programming},
	volume={169},
	pages={277--305},
	year={2018},
	publisher={Springer}
}

@book{scholtes2012introduction,
	title={Introduction to piecewise differentiable equations},
	author={S. Scholtes},
	year={2012},
	publisher={Springer}
}

@article{yang2020global,
	title={Global convergence and variance-reduced optimization for a class of nonconvex-nonconcave minimax problems},
	author={J. Yang and N. Kiyavash and N. He},
	journal={Preprint, arXiv:2002.09621},
	year={2020}
}

@article{shapiro2023bayesian,
  title={Bayesian distributionally robust optimization},
  author={A. Shapiro and E. Zhou and Y. Lin},
  journal={SIAM Journal on Optimization},
  volume={33},
  number={2},
  pages={1279--1304},
  year={2023},
  publisher={SIAM}
}

@article{cuturi2013sinkhorn,
  title={Sinkhorn distances: Lightspeed computation of optimal transport},
  author={M. Cuturi},
  journal={Advances in neural information processing systems},
  volume={26},
  year={2013}
}

@inproceedings{liang2023implications,
  title={Implications of Solution Patterns on Adversarial Robustness},
  author={H. Liang and B. Liang and J. Sun and Y. Cui and T. Mitchell},
  booktitle={Proceedings of the IEEE/CVF Conference on Computer Vision and Pattern Recognition},
  pages={2393--2400},
  year={2023}
}

@inproceedings{deng2021local,
  title={Local stochastic gradient descent ascent: Convergence analysis and communication efficiency},
  author={Y. Deng and M. Mahdavi},
  booktitle={International Conference on Artificial Intelligence and Statistics},
  pages={1387--1395},
  year={2021},
  organization={PMLR}
}

@inproceedings{asadi2017alternative,
	title={An alternative softmax operator for reinforcement learning},
	author={K. Asadi and M. Littman},
	booktitle={International Conference on Machine Learning},
	pages={243--252},
	year={2017},
	organization={PMLR}
}

@article{wen2017linear,
	title={Linear convergence of proximal gradient algorithm with extrapolation for a class of nonconvex nonsmooth minimization problems},
	author={B. Wen and X. Chen and T. Pong},
	journal={SIAM Journal on Optimization},
	volume={27},
	number={1},
	pages={124--145},
	year={2017},
	publisher={SIAM}
}

@article{lecun2015deep,
	title={Deep learning},
	author={Y. LeCun and Y. Bengio and G. Hinton},
	journal={nature},
	volume={521},
	number={7553},
	pages={436--444},
	year={2015},
	publisher={Nature Publishing Group UK London}
}

@article{davidson2007complexity,
	title={The complexity of non-hierarchical clustering with instance and cluster level constraints},
	author={I. Davidson and S. Ravi},
	journal={Data mining and knowledge discovery},
	volume={14},
	pages={25--61},
	year={2007},
	publisher={Springer}
}

@article{goodfellow2014explaining,
	title={Explaining and harnessing adversarial examples},
	author={I. Goodfellow and J. Shlens and C. Szegedy},
	journal={Preprint, arXiv:1412.6572},
	year={2014}
}

@article{huang2015learning,
	title={Learning with a strong adversary},
	author={R. Huang and B. Xu and D. Schuurmans and C. Szepesv{\'a}ri},
	journal={Preprint, arXiv:1511.03034},
	year={2015}
}

@article{polak2003algorithms,
  title={Algorithms with adaptive smoothing for finite minimax problems},
  author={E. Polak and J. O. Royset and R. S. Womersley},
  journal={Journal of Optimization Theory and Applications},
  volume={119},
  pages={459--484},
  year={2003},
  publisher={Springer}
}

@article{lan2023novel,
  title={A Novel Catalyst Scheme for Stochastic Minimax Optimization},
  author={G. Lan and Y. Li},
  journal={Preprint, arXiv:2311.02814},
  year={2023}
}

@article{yan2022adaptive,
  title={Adaptive primal-dual stochastic gradient method for expectation-constrained convex stochastic programs},
  author={Y. Yan and Y. Xu},
  journal={Mathematical Programming Computation},
  volume={14},
  number={2},
  pages={319--363},
  year={2022},
  publisher={Springer}
}

@article{zhao2022accelerated,
  title={Accelerated stochastic algorithms for convex-concave saddle-point problems},
  author={R. Zhao},
  journal={Mathematics of Operations Research},
  volume={47},
  number={2},
  pages={1443--1473},
  year={2022},
  publisher={Informs}
}

@article{hamedani2021primal,
  title={A primal-dual algorithm with line search for general convex-concave saddle point problems},
  author={E. Y. Hamedani and N. S. Aybat},
  journal={SIAM Journal on Optimization},
  volume={31},
  number={2},
  pages={1299--1329},
  year={2021},
  publisher={SIAM}
}

@article{pee2011solving,
  title={On solving large-scale finite minimax problems using exponential smoothing},
  author={E. Y. Pee and J. O. Royset},
  journal={Journal of optimization theory and applications},
  volume={148},
  number={2},
  pages={390--421},
  year={2011},
  publisher={Springer}
}

@article{madry2017towards,
	title={Towards deep learning models resistant to adversarial attacks},
	author={A. Madry and A. Makelov and L. Schmidt and D. Tsipras and A. Vladu},
	journal={Preprint, arXiv:1706.06083},
	year={2017}
}

@article{liang2023optimization,
	title={Optimization and optimizers for adversarial robustness},
	author={H. Liang and B. Liang and L. Peng and Y. Cui and T. Mitchell and J. Sun},
	journal={Preprint, arXiv:2303.13401},
	year={2023}
}

@article{zhao2024primal,
  title={A primal-dual smoothing framework for max-structured non-convex optimization},
  author={R. Zhao},
  journal={Mathematics of operations research},
  volume={49},
  number={3},
  pages={1535--1565},
  year={2024},
  publisher={Informs}
}

@article{kong2021accelerated,
	title={An accelerated inexact proximal point method for solving nonconvex-concave min-max problems},
	author={W. Kong and R. D. C. Monteiro},
	journal={SIAM Journal on Optimization},
	volume={31},
	number={4},
	pages={2558--2585},
	year={2021},
	publisher={SIAM}
}

@article{blanchet2020semi,
	title={Semi-supervised Learning Based on Distributionally Robust Optimization},
	author={J. Blanchet and Y. Kang},
	journal={Data Analysis and Applications 3: Computational, Classification, Financial, Statistical and Stochastic Methods},
	volume={5},
	pages={1--33},
	year={2020},
	publisher={Wiley Online Library}
}

@article{beck2012smoothing,
	title={Smoothing and first order methods: A unified framework},
	author={A. Beck and M. Teboulle},
	journal={SIAM Journal on Optimization},
	volume={22},
	number={2},
	pages={557--580},
	year={2012},
	publisher={SIAM}
}

@article{rafique2022weakly,
	title={Weakly-convex--concave min--max optimization: provable algorithms and applications in machine learning},
	author={H. Rafique and M. Liu and Q. Lin and T. Yang},
	journal={Optimization Methods and Software},
	volume={37},
	number={3},
	pages={1087--1121},
	year={2022},
	publisher={Taylor \& Francis}
}

@article{nesterov2009primal,
  title={Primal-dual subgradient methods for convex problems},
  author={Y. Nesterov},
  journal={Mathematical programming},
  volume={120},
  number={1},
  pages={221--259},
  year={2009},
  publisher={Springer}
}

@article{mood1950introduction,
  title={Introduction to the Theory of Statistics.},
  author={A. M. Mood},
  year={1950},
  publisher={McGraw-hill}
}

@book{shapiro2021lectures,
	title={Lectures on stochastic programming: modeling and theory},
	author={A. Shapiro and D. Dentcheva and A. Ruszczynski},
	year={2021},
	publisher={SIAM}
}

@article{burke2013gradient,
	title={Gradient consistency for integral-convolution smoothing functions},
	author={J. V. Burke and T. Hoheisel and C. Kanzow},
	journal={Set-Valued and Variational Analysis},
	volume={21},
	number={2},
	pages={359--376},
	year={2013},
	publisher={Springer}
}

@article{xu2018distributionally,
	title={Distributionally robust optimization with matrix moment constraints: Lagrange duality and cutting plane methods},
	author={H. Xu and Y. Liu and H. Sun},
	journal={Mathematical programming},
	volume={169},
	pages={489--529},
	year={2018},
	publisher={Springer}
}

@article{pang2017computing,
	title={Computing {B-}stationary points of nonsmooth DC programs},
	author={J.-S. Pang and M. Razaviyayn and A. Alvarado},
	journal={Mathematics of Operations Research},
	volume={42},
	number={1},
	pages={95--118},
	year={2017},
	publisher={INFORMS}
}

@article{cui2018composite,
	title={Composite difference-max programs for modern statistical estimation problems},
	author={Y. Cui and J.-S. Pang and B. Sen},
	journal={SIAM Journal on Optimization},
	volume={28},
	number={4},
	pages={3344--3374},
	year={2018},
	publisher={SIAM}
}



@article{wang2023stochastic,
	title={Stochastic smoothing accelerated gradient method for nonsmooth convex composite optimization},
	author={R. Wang and C. Zhang},
	journal={Preprint, arXiv:2308.01252},
	year={2023}
}

@article{goodfellow2014generative,
	title={Generative adversarial nets},
	author={I. Goodfellow and J. Pouget-Abadie and M. Mirza and B. Xu and D. Warde-Farley and S. Ozair and A. Courville and Y. Bengio},
	journal={Advances in neural information processing systems},
	volume={27},
	year={2014}
}

 

@inproceedings{
	sinha2018certifiable,
	title={Certifiable Distributional Robustness with Principled Adversarial Training},
	author={A. Sinha and H. Namkoong and J. Duchi},
	booktitle={International Conference on Learning Representations},
	year={2018},
	url={https://openreview.net/forum?id=Hk6kPgZA-},
}


@article{xu2023unified,
	title={A unified single-loop alternating gradient projection algorithm for nonconvex--concave and convex--nonconcave minimax problems},
	author={Z. Xu and H. Zhang and Y. Xu and G. Lan},
	journal={Mathematical Programming},
	pages={1--72},
	year={2023},
	publisher={Springer}
}

@article{v1928theorie,
	title={Zur theorie der gesellschaftsspiele},
	author={J. von Neumann},
	journal={Mathematische annalen},
	volume={100},
	number={1},
	pages={295--320},
	year={1928},
	publisher={Springer}
}

@inproceedings{
	madry2018towards,
	title={Towards Deep Learning Models Resistant to Adversarial Attacks},
	author={A. Madry and A. Makelov and L. Schmidt and D. Tsipras and A. Vladu},
	booktitle={International Conference on Learning Representations},
	year={2018},
	url={https://openreview.net/forum?id=rJzIBfZAb},
}

@article{namkoong2017variance,
	title={Variance-based regularization with convex objectives},
	author={H. Namkoong and J. Duchi},
	journal={Advances in neural information processing systems},
	volume={30},
	year={2017}
}

@article{silver2016mastering,
	title={Mastering the game of Go with deep neural networks and tree search},
	author={D. Silver and A. Huang and C. J. Maddison and A. Guez and L. Sifre and G. van den Driessche and J. Schrittwieser and I. Antonoglou and V. Panneershelvam and M. Lanctot and K. Kavukcuoglu and T. Graepel  and D. Hassabis},
	journal={nature},
	volume={529},
	number={7587},
	pages={484--489},
	year={2016},
	publisher={Nature Publishing Group}
}

@article{li2022nonsmooth,
	title={Nonsmooth Composite Nonconvex-Concave Minimax Optimization},
	author={J. Li and L. Zhu and A. M.-C. So},
	journal={Preprint, arXiv:2209.10825},
	year={2022}
}

@inproceedings{lin2020gradient,
	title={On gradient descent ascent for nonconvex-concave minimax problems},
	author={T. Lin and C. Jin and M. I. Jordan},
	booktitle={International Conference on Machine Learning},
	pages={6083--6093},
	year={2020},
	organization={PMLR}
}

@misc{li2023global,
	title={Global Convergence Rate Analysis of Nonsmooth Nonconvex-Nonconcave Minimax Optimization}, 
	author={J. Li and L. Zhu and A. M.-C. So},
	year={2023},
	journal={Preprint, arXiv:2209.10825},
}

@article{lu2020hybrid,
	title={Hybrid block successive approximation for one-sided non-convex min-max problems: algorithms and applications},
	author={S. Lu and I. Tsaknakis and M. Hong and Y. Chen},
	journal={IEEE Transactions on Signal Processing},
	volume={68},
	pages={3676--3691},
	year={2020},
	publisher={IEEE}
}

@article{thekumparampil2019efficient,
	title={Efficient algorithms for smooth minimax optimization},
	author={K. K. Thekumparampil and P. Jain and P. Netrapalli and S. Oh},
	journal={Advances in Neural Information Processing Systems},
	volume={32},
	year={2019}
}

@inproceedings{lin2020near,
	title={Near-optimal algorithms for minimax optimization},
	author={T. Lin and C. Jin and M. I. Jordan},
	booktitle={Conference on Learning Theory},
	pages={2738--2779},
	year={2020},
	organization={PMLR}
}

@inproceedings{jin2020local,
	title={What is local optimality in nonconvex-nonconcave minimax optimization?},
	author={C. Jin and P. Netrapalli and M. I. Jordan},
	booktitle={International conference on machine learning},
	pages={4880--4889},
	year={2020},
	organization={PMLR}
}

@article{shen2022zeroth,
	title={Zeroth-order single-loop algorithms for nonconvex-linear minimax problems},
	author={J. Shen and Z. Wang and Z. Xu},
	journal={Journal of Global Optimization},
	pages={1--30},
	year={2022},
	publisher={Springer}
}

@article{mancino2023variance,
  title={Variance-reduced accelerated methods for decentralized stochastic double-regularized nonconvex strongly-concave minimax problems},
  author={G. Mancino-Ball and Y. Xu},
  journal={Preprint, arXiv:2307.07113},
  year={2023}
}

@article{zhang2022sapd+,
  title={Sapd+: An accelerated stochastic method for nonconvex-concave minimax problems},
  author={X. Zhang and N. S. Aybat and M. Gurbuzbalaban},
  journal={Advances in Neural Information Processing Systems},
  volume={35},
  pages={21668--21681},
  year={2022}
}

@inproceedings{zhang2024jointly,
  title={Jointly improving the sample and communication complexities in decentralized stochastic minimax optimization},
  author={X. Zhang and G. Mancino-Ball and N. S. Aybat and Y. Xu},
  booktitle={Proceedings of the AAAI Conference on Artificial Intelligence},
  volume={38},
  pages={20865--20873},
  year={2024}
}

@article{xu2024decentralized,
  title={Decentralized gradient descent maximization method for composite nonconvex strongly-concave minimax problems},
  author={Y. Xu},
  journal={SIAM Journal on Optimization},
  volume={34},
  number={1},
  pages={1006--1044},
  year={2024},
  publisher={SIAM}
}

@inproceedings{fiez2021local,
	title={Local convergence analysis of gradient descent ascent with finite timescale separation},
	author={T. Fiez and L. J. Ratliff},
	booktitle={Proceedings of the International Conference on Learning Representation},
	year={2021}
}

@article{mazumdar2019finding,
	title={On finding local nash equilibria (and only local nash equilibria) in zero-sum games},
	author={E. V. Mazumdar and M. I. Jordan and S. S. Sastry},
	journal={Preprint, arXiv:1901.00838},
	year={2019}
}

@article{liu2021first,
	title={First-order convergence theory for weakly-convex-weakly-concave min-max problems},
	author={M. Liu and H. Rafique and Q. Lin and T. Yang},
	journal={The Journal of Machine Learning Research},
	volume={22},
	number={1},
	pages={7651--7684},
	year={2021},
	publisher={JMLRORG}
}

@inproceedings{
	Wang2020On,
	title={On Solving Minimax Optimization Locally: A Follow-the-Ridge Approach},
	author={Y. Wang and G. Zhang and J. Ba},
	booktitle={International Conference on Learning Representations},
	year={2020},
	url={https://openreview.net/forum?id=Hkx7_1rKwS}
}
 
@article{grimmer2022landscape,
	title={The landscape of the proximal point method for nonconvex--nonconcave minimax optimization},
	author={B. Grimmer and H. Lu and P. Worah and V. Mirrokni},
	journal={Mathematical Programming},
	pages={1--35},
	year={2022},
	publisher={Springer}
}

@article{hu2020sample,
	title={Sample complexity of sample average approximation for conditional stochastic optimization},
	author={Y. Hu and X. Chen and N. He},
	journal={SIAM Journal on Optimization},
	volume={30},
	number={3},
	pages={2103--2133},
	year={2020},
	publisher={SIAM}
}

@article{hu2021bias,
	title={On the bias-variance-cost tradeoff of stochastic optimization},
	author={Y. Hu and X. Chen and N. He},
	journal={Advances in Neural Information Processing Systems},
	volume={34},
	pages={22119--22131},
	year={2021}
}

@article{drusvyatskiy2018error,
	title={Error bounds, quadratic growth, and linear convergence of proximal methods},
	author={D. Drusvyatskiy and A. S. Lewis},
	journal={Mathematics of Operations Research},
	volume={43},
	number={3},
	pages={919--948},
	year={2018},
	publisher={INFORMS}
}

 


@book{beck2017first,
	title={First-order methods in optimization},
	author={A. Beck},
	year={2017},
	publisher={SIAM}
}

@article{jiang2022optimality,
	title={Optimality conditions for nonsmooth nonconvex-nonconcave min-max problems and generative adversarial networks},
	author={J. Jiang and X. Chen},
	journal={Preprint, arXiv:2203.10914},
	year={2022}
}

@article{chen2014optimal,
	title={Optimal primal-dual methods for a class of saddle point problems},
	author={Y. Chen and G. Lan and Y. Ouyang},
	journal={SIAM Journal on Optimization},
	volume={24},
	number={4},
	pages={1779--1814},
	year={2014},
	publisher={SIAM}
}

@article{daskalakis2018limit,
	title={The limit points of (optimistic) gradient descent in min-max optimization},
	author={C. Daskalakis and I. Panageas},
	journal={Advances in neural information processing systems},
	volume={31},
	year={2018}
}

@inproceedings{adolphs2019local,
	title={Local saddle point optimization: A curvature exploitation approach},
	author={L. Adolphs and H. Daneshmand and A. Lucchi and T. Hofmann},
	booktitle={The 22nd International Conference on Artificial Intelligence and Statistics},
	pages={486--495},
	year={2019},
	organization={PMLR}
}

@inproceedings{zhang2024generalization,
  title={Generalization Bounds of Nonconvex-(Strongly)-Concave Stochastic Minimax Optimization},
  author={S. Zhang and Y. Hu and L. Zhang and N. He},
  booktitle={International Conference on Artificial Intelligence and Statistics},
  pages={694--702},
  year={2024},
  organization={PMLR}
}

@article{grimmer2023landscape,
  title={The landscape of the proximal point method for nonconvex--nonconcave minimax optimization},
  author={B. Grimmer and H. Lu and P. Worah and V. Mirrokni},
  journal={Mathematical Programming},
  volume={201},
  number={1},
  pages={373--407},
  year={2023},
  publisher={Springer}
}

@inproceedings{yang2022faster,
	title={Faster single-loop algorithms for minimax optimization without strong concavity},
	author={J. Yang and A. Orvieto and A. Lucchi and N. He},
	booktitle={International Conference on Artificial Intelligence and Statistics},
	pages={5485--5517},
	year={2022},
	organization={PMLR}
}


@article{correa1990subdifferential,
	title={Subdifferential analysis of bivariate separately regular functions},
	author={R. Correa and L. Thibault},
	journal={Journal of mathematical analysis and applications},
	volume={148},
	number={1},
	pages={157--174},
	year={1990},
	publisher={Academic Press}
}

@incollection{blanchet2021statistical,
	title={Statistical analysis of {Wasserstein} distributionally robust estimators},
	author={J. Blanchet  and K. Murthy and V. A. Nguyen},
	booktitle={Tutorials in Operations Research: Emerging Optimization Methods and Modeling Techniques with Applications},
	pages={227--254},
	year={2021},
	publisher={INFORMS}
}

@article{correa1985directional,
	title={Directional derivative of a minimax function},
	author={R. Correa and A. Seeger},
	journal={Nonlinear Analysis: Theory, Methods \& Applications},
	volume={9},
	number={1},
	pages={13--22},
	year={1985},
	publisher={Pergamon}
}

@book{cui2021modern,
	title={Modern nonconvex nondifferentiable optimization},
	author={Y. Cui and J.-S. Pang},
	year={2021},
	publisher={SIAM}
}

@book{boyd2004convex,
	title={Convex optimization},
	author={S. P. Boyd and L. Vandenberghe},
	year={2004},
	publisher={Cambridge university press}
}

@article{rahimian2019distributionally,
	title={Distributionally robust optimization: A review},
	author={H. Rahimian and S. Mehrotra},
	journal={Preprint, arXiv:1908.05659},
	year={2019}
}

@article{blanchet2022optimal,
	title={Optimal transport-based distributionally robust optimization: Structural properties and iterative schemes},
	author={J. Blanchet and K. Murthy and F. Zhang},
	journal={Mathematics of Operations Research},
	volume={47},
	number={2},
	pages={1500--1529},
	year={2022},
	publisher={INFORMS}
}

@article{sinha2017certifiable,
	title={Certifiable distributional robustness with principled adversarial training},
	author={A. Sinha and H. Namkoong and J. Duchi},
	journal={Preprint, arXiv:1710.10571},
	volume={2},
	year={2017}
}

@article{shafieezadeh2015distributionally,
	title={Distributionally robust logistic regression},
	author={S. Shafieezadeh Abadeh and P. M. Esfahani and D. Kuhn},
	journal={Advances in Neural Information Processing Systems},
	volume={28},
	year={2015}
}

@article{selvi2022wasserstein,
	title={{Wasserstein} logistic regression with mixed features},
	author={A. Selvi and M. R. Belbasi and M. Haugh and W. Wiesemann},
	journal={Advances in Neural Information Processing Systems},
	volume={35},
	pages={16691--16704},
	year={2022}
}


@article{nouiehed2019solving,
	title={Solving a class of non-convex min-max games using iterative first order methods},
	author={M. Nouiehed and M. Sanjabi and T. Huang and J. D. Lee and M. Razaviyayn},
	journal={Advances in Neural Information Processing Systems},
	volume={32},
	year={2019}
}

@article{zhou2017stochastic,
	title={Stochastic mirror descent in variationally coherent optimization problems},
	author={Z. Zhou and P. Mertikopoulos and N. Bambos and S. Boyd and P. W. Glynn},
	journal={Advances in Neural Information Processing Systems},
	volume={30},
	year={2017}
}

@inproceedings{diakonikolas2021efficient,
	title={Efficient methods for structured nonconvex-nonconcave min-max optimization},
	author={J. Diakonikolas and C. Daskalakis and M. I. Jordan},
	booktitle={International Conference on Artificial Intelligence and Statistics},
	pages={2746--2754},
	year={2021},
	organization={PMLR}
}

@book{asmussen2007stochastic,
	title={Stochastic simulation: algorithms and analysis},
	author={S. Asmussen and P .W. Glynn},
	volume={57},
	year={2007},
	publisher={Springer}
}

@article{yue2022linear,
	title={On linear optimization over {Wasserstein} balls},
	author={M.-C. Yue and D. Kuhn and W. Wiesemann},
	journal={Mathematical Programming},
	volume={195},
	number={1-2},
	pages={1107--1122},
	year={2022},
	publisher={Springer}
}

@inproceedings{yu2022fast,
	title={Fast distributionally robust learning with variance-reduced min-max optimization},
	author={Y. Yu and T. Lin and E. V. Mazumdar and M. I. Jordan},
	booktitle={International Conference on Artificial Intelligence and Statistics},
	pages={1219--1250},
	year={2022},
	organization={PMLR}
}


@article{li2019first,
	title={A First-Order Algorithmic Framework for Distributionally Robust Logistic Regression},
	author={J. Li and S. Huang and A. M.-C. So},
	journal={Advances in Neural Information Processing Systems},
	volume={32},
	year={2019}
}

@article{mohajerin2018data,
	title={Data-driven distributionally robust optimization using the {Wasserstein} metric: Performance guarantees and tractable reformulations},
	author={O. Mohajerin Esfahani and D. Kuhn},
	journal={Mathematical Programming},
	volume={171},
	number={1-2},
	pages={115--166},
	year={2018},
	publisher={Springer}
}

@article{gao2023distributionally,
	title={Distributionally robust stochastic optimization with {Wasserstein} distance},
	author={R. Gao and A. Kleywegt},
	journal={Mathematics of Operations Research},
	volume={48},
	number={2},
	pages={603--655},
	year={2023},
	publisher={INFORMS}
}

@article{chen2021decomposition,
	title={Decomposition and discrete approximation methods for solving two-stage distributionally robust optimization problems},
	author={Y. Chen and H. Sun and H. Xu},
	journal={Computational Optimization and Applications},
	volume={78},
	number={1},
	pages={205--238},
	year={2021},
	publisher={Springer}
}

@article{liu2021discrete,
	title={Discrete approximation scheme in distributionally robust optimization},
	author={Y. Liu and X. Yuan and J. Zhang},
	journal={Numer Math Theory Methods Appl},
	volume={14},
	number={2},
	pages={285--320},
	year={2021}
}

@article{pflug2007ambiguity,
	title={Ambiguity in portfolio selection},
	author={G. Pflug and D. Wozabal},
	journal={Quantitative Finance},
	volume={7},
	number={4},
	pages={435--442},
	year={2007},
	publisher={Taylor \& Francis}
}

@incollection{kuhn2019wasserstein,
	title={Wasserstein distributionally robust optimization: Theory and applications in machine learning},
	author={D. Kuhn and P. M. Esfahani  and V. A. Nguyen and S. Shafieezadeh Abadeh},
	booktitle={Operations research \& management science in the age of analytics},
	pages={130--166},
	year={2019},
	publisher={Informs}
}


@article{wozabal2012framework,
	title={A framework for optimization under ambiguity},
	author={D. Wozabal},
	journal={Annals of Operations Research},
	volume={193},
	number={1},
	pages={21--47},
	year={2012},
	publisher={Springer Science+ Business Media, Van Godewijckstraat 30 Dordrecht 3311 GX~…}
}



@book{goodfellow2016deep,
  title={Deep learning},
  author={I. Goodfellow and Y. Bengio and A. Courville},
  volume={1},
  number={2},
  year={2016},
  publisher={MIT press Cambridge}
}

@article{sheriff2024nonlinear,
  title={Nonlinear distributionally robust optimization},
  author={M. R. Sheriff and P. Mohajerin Esfahani},
  journal={Mathematical Programming},
  pages={1--60},
  year={2024},
  publisher={Springer}
}

@book{clarke1990optimization,
	title={{Optimization and Nonsmooth Analysis}},
	author={F. H. Clarke},
	year={1990},
	publisher={SIAM},
	address={Philadelphia}
}

@book{roc1998var,
	title={Variational Analysis},
	author={R. T. Rockafellar and  R. J.-B. Wets},
	year={1998},
	publisher={Springer Science $\&$ Business Media}
}

@book{yosida2012functional,
	title={Functional analysis},
	author={K. Yosida},
	year={2012},
	publisher={Springer Science \& Business Media}
}

@article{burke2020subdifferential,
	title={The subdifferential of measurable composite max integrands and smoothing approximation},
	author={J. V. Burke and X. Chen and H. Sun},
	journal={Mathematical Programming},
	volume={181},
	pages={229--264},
	year={2020},
	publisher={Springer}
}

@article{azizian2022regularization,
	title={Regularization for {Wasserstein} distributionally robust optimization},
	author={W. Azizian and F. Iutzeler and J. Malick},
	journal={Preprint, arXiv:2205.08826},
	year={2022}
}

@article{mifflin,
	title={Semismooth and semiconvex functions in constrained optimization},
	author={R. Mifflin},
	journal={SIAM J. Control Optim.},
	volume={15},
	number={6},
	pages={959--972},
	year={1977},
	publisher={SIAM}
}

@article{chen2012smoothing,
	title={Smoothing methods for nonsmooth, nonconvex minimization},
	author={X. Chen},
	journal={Mathematical Programming},
	volume={134},
	number={1},
	pages={71--99},
	year={2012},
	publisher={Springer}
}

@article{wang2021sinkhorn,
	title={Sinkhorn distributionally robust optimization},
	author={J. Wang and R. Gao and Y. Xie},
	journal={Preprint, arXiv:2109.11926},
	year={2021}
}

@article{springenberg2014striving,
	title={Striving for Simplicity: The All Convolutional Net},
	author={J.~T. Springenberg and A. Dosovitskiy and T. Brox and M. Riedmiller},
	journal={Preprint, arXiv:1412.6806},
	year={2014},
	url={https://arxiv.org/abs/1412.6806}
}

@article{lee2021data,
	title={A data-driven distributionally robust newsvendor model with a {Wasserstein} ambiguity set},
	author={L. Sangyoon and K. Hyunwoo and M. Ilkyeong},
	journal={Journal of the Operational Research Society},
	volume={72},
	number={8},
	pages={1879--1897},
	year={2021},
	publisher={Taylor \& Francis}
}


@article{davis2019proximally,
	title={Proximally guided stochastic subgradient method for nonsmooth, nonconvex problems},
	author={D. Davis and B. Grimmer},
	journal={SIAM Journal on Optimization},
	volume={29},
	number={3},
	pages={1908--1930},
	year={2019},
	publisher={SIAM}
}

@article{ioffe2015batch,
	title={Batch Normalization: Accelerating Deep Network Training by Reducing Internal Covariate Shift},
	author={S.~Ioffe and C.~Szegedy},
	journal={Preprint, arXiv:1502.03167},
	year={2015},
	url={https://arxiv.org/pdf/1502.03167}
}