@inproceedings{adolphs2019local,
	title={Local saddle point optimization: A curvature exploitation approach},
	author={L. Adolphs and H. Daneshmand and A. Lucchi and T. Hofmann},
	booktitle={The 22nd International Conference on Artificial Intelligence and Statistics},
	pages={486--495},
	year={2019},
	organization={PMLR}
}

@article{blanchet2020semi,
	title={Semi-supervised Learning Based on Distributionally Robust Optimization},
	author={J. Blanchet and Y. Kang},
	journal={Data Analysis and Applications 3: Computational, Classification, Financial, Statistical and Stochastic Methods},
	volume={5},
	pages={1--33},
	year={2020},
	publisher={Wiley Online Library}
}

@article{blanchet2022optimal,
	title={Optimal transport-based distributionally robust optimization: Structural properties and iterative schemes},
	author={J. Blanchet and K. Murthy and F. Zhang},
	journal={Mathematics of Operations Research},
	volume={47},
	number={2},
	pages={1500--1529},
	year={2022},
	publisher={INFORMS}
}

@book{boyd2004convex,
	title={Convex optimization},
	author={S. P. Boyd and L. Vandenberghe},
	year={2004},
	publisher={Cambridge university press}
}

@article{burke2013gradient,
	title={Gradient consistency for integral-convolution smoothing functions},
	author={J. V. Burke and T. Hoheisel and C. Kanzow},
	journal={Set-Valued and Variational Analysis},
	volume={21},
	number={2},
	pages={359--376},
	year={2013},
	publisher={Springer}
}

@article{burke2020subdifferential,
	title={The subdifferential of measurable composite max integrands and smoothing approximation},
	author={J. V. Burke and X. Chen and H. Sun},
	journal={Mathematical Programming},
	volume={181},
	pages={229--264},
	year={2020},
	publisher={Springer}
}

@article{chen2012smoothing,
	title={Smoothing methods for nonsmooth, nonconvex minimization},
	author={X. Chen},
	journal={Mathematical Programming},
	volume={134},
	number={1},
	pages={71--99},
	year={2012},
	publisher={Springer}
}

@article{chen2014optimal,
	title={Optimal primal-dual methods for a class of saddle point problems},
	author={Y. Chen and G. Lan and Y. Ouyang},
	journal={SIAM Journal on Optimization},
	volume={24},
	number={4},
	pages={1779--1814},
	year={2014},
	publisher={SIAM}
}

@article{chen2021decomposition,
	title={Decomposition and discrete approximation methods for solving two-stage distributionally robust optimization problems},
	author={Y. Chen and H. Sun and H. Xu},
	journal={Computational Optimization and Applications},
	volume={78},
	number={1},
	pages={205--238},
	year={2021},
	publisher={Springer}
}

@book{clarke1990optimization,
	title={{Optimization and Nonsmooth Analysis}},
	author={F. H. Clarke},
	year={1990},
	publisher={SIAM},
	address={Philadelphia}
}

@article{cui2018composite,
	title={Composite difference-max programs for modern statistical estimation problems},
	author={Y. Cui and J.-S. Pang and B. Sen},
	journal={SIAM Journal on Optimization},
	volume={28},
	number={4},
	pages={3344--3374},
	year={2018},
	publisher={SIAM}
}

@book{cui2021modern,
	title={Modern nonconvex nondifferentiable optimization},
	author={Y. Cui and J.-S. Pang},
	year={2021},
	publisher={SIAM}
}

@article{daskalakis2018limit,
	title={The limit points of (optimistic) gradient descent in min-max optimization},
	author={C. Daskalakis and I. Panageas},
	journal={Advances in neural information processing systems},
	volume={31},
	year={2018}
}

@inproceedings{diakonikolas2021efficient,
	title={Efficient methods for structured nonconvex-nonconcave min-max optimization},
	author={J. Diakonikolas and C. Daskalakis and M. I. Jordan},
	booktitle={International Conference on Artificial Intelligence and Statistics},
	pages={2746--2754},
	year={2021},
	organization={PMLR}
}

@inproceedings{fiez2021local,
	title={Local convergence analysis of gradient descent ascent with finite timescale separation},
	author={T. Fiez and L. J. Ratliff},
	booktitle={Proceedings of the International Conference on Learning Representation},
	year={2021}
}

@article{gao2023distributionally,
	title={Distributionally robust stochastic optimization with {Wasserstein} distance},
	author={R. Gao and A. Kleywegt},
	journal={Mathematics of Operations Research},
	volume={48},
	number={2},
	pages={603--655},
	year={2023},
	publisher={INFORMS}
}

@article{grimmer2022landscape,
	title={The landscape of the proximal point method for nonconvex--nonconcave minimax optimization},
	author={B. Grimmer and H. Lu and P. Worah and V. Mirrokni},
	journal={Mathematical Programming},
	pages={1--35},
	year={2022},
	publisher={Springer}
}

@article{hamedani2021primal,
  title={A primal-dual algorithm with line search for general convex-concave saddle point problems},
  author={E. Y. Hamedani and N. S. Aybat},
  journal={SIAM Journal on Optimization},
  volume={31},
  number={2},
  pages={1299--1329},
  year={2021},
  publisher={SIAM}
}

@article{jiang2022optimality,
	title={Optimality conditions for nonsmooth nonconvex-nonconcave min-max problems and generative adversarial networks},
	author={J. Jiang and X. Chen},
	journal={Preprint, arXiv:2203.10914},
	year={2022}
}

@article{kong2021accelerated,
	title={An accelerated inexact proximal point method for solving nonconvex-concave min-max problems},
	author={W. Kong and R. D. C. Monteiro},
	journal={SIAM Journal on Optimization},
	volume={31},
	number={4},
	pages={2558--2585},
	year={2021},
	publisher={SIAM}
}

@incollection{kuhn2019wasserstein,
	title={Wasserstein distributionally robust optimization: Theory and applications in machine learning},
	author={D. Kuhn and P. M. Esfahani  and V. A. Nguyen and S. Shafieezadeh Abadeh},
	booktitle={Operations research \& management science in the age of analytics},
	pages={130--166},
	year={2019},
	publisher={Informs}
}

@article{lan2023novel,
  title={A Novel Catalyst Scheme for Stochastic Minimax Optimization},
  author={G. Lan and Y. Li},
  journal={Preprint, arXiv:2311.02814},
  year={2023}
}

@article{lecun2015deep,
	title={Deep learning},
	author={Y. LeCun and Y. Bengio and G. Hinton},
	journal={nature},
	volume={521},
	number={7553},
	pages={436--444},
	year={2015},
	publisher={Nature Publishing Group UK London}
}

@article{li2019first,
	title={A First-Order Algorithmic Framework for Distributionally Robust Logistic Regression},
	author={J. Li and S. Huang and A. M.-C. So},
	journal={Advances in Neural Information Processing Systems},
	volume={32},
	year={2019}
}

@article{li2022nonsmooth,
	title={Nonsmooth Composite Nonconvex-Concave Minimax Optimization},
	author={J. Li and L. Zhu and A. M.-C. So},
	journal={Preprint, arXiv:2209.10825},
	year={2022}
}

@inproceedings{lin2020gradient,
	title={On gradient descent ascent for nonconvex-concave minimax problems},
	author={T. Lin and C. Jin and M. I. Jordan},
	booktitle={International Conference on Machine Learning},
	pages={6083--6093},
	year={2020},
	organization={PMLR}
}

@inproceedings{lin2020near,
	title={Near-optimal algorithms for minimax optimization},
	author={T. Lin and C. Jin and M. I. Jordan},
	booktitle={Conference on Learning Theory},
	pages={2738--2779},
	year={2020},
	organization={PMLR}
}

@article{liu2021discrete,
	title={Discrete approximation scheme in distributionally robust optimization},
	author={Y. Liu and X. Yuan and J. Zhang},
	journal={Numer Math Theory Methods Appl},
	volume={14},
	number={2},
	pages={285--320},
	year={2021}
}

@article{liu2021first,
	title={First-order convergence theory for weakly-convex-weakly-concave min-max problems},
	author={M. Liu and H. Rafique and Q. Lin and T. Yang},
	journal={The Journal of Machine Learning Research},
	volume={22},
	number={1},
	pages={7651--7684},
	year={2021},
	publisher={JMLRORG}
}

@article{lu2020hybrid,
	title={Hybrid block successive approximation for one-sided non-convex min-max problems: algorithms and applications},
	author={S. Lu and I. Tsaknakis and M. Hong and Y. Chen},
	journal={IEEE Transactions on Signal Processing},
	volume={68},
	pages={3676--3691},
	year={2020},
	publisher={IEEE}
}

@article{mancino2023variance,
  title={Variance-reduced accelerated methods for decentralized stochastic double-regularized nonconvex strongly-concave minimax problems},
  author={G. Mancino-Ball and Y. Xu},
  journal={Preprint, arXiv:2307.07113},
  year={2023}
}

@article{mazumdar2019finding,
	title={On finding local nash equilibria (and only local nash equilibria) in zero-sum games},
	author={E. V. Mazumdar and M. I. Jordan and S. S. Sastry},
	journal={Preprint, arXiv:1901.00838},
	year={2019}
}

@article{mohajerin2018data,
	title={Data-driven distributionally robust optimization using the {Wasserstein} metric: Performance guarantees and tractable reformulations},
	author={O. Mohajerin Esfahani and D. Kuhn},
	journal={Mathematical Programming},
	volume={171},
	number={1-2},
	pages={115--166},
	year={2018},
	publisher={Springer}
}

@article{nouiehed2019solving,
	title={Solving a class of non-convex min-max games using iterative first order methods},
	author={M. Nouiehed and M. Sanjabi and T. Huang and J. D. Lee and M. Razaviyayn},
	journal={Advances in Neural Information Processing Systems},
	volume={32},
	year={2019}
}

@article{pang2017computing,
	title={Computing {B-}stationary points of nonsmooth DC programs},
	author={J.-S. Pang and M. Razaviyayn and A. Alvarado},
	journal={Mathematics of Operations Research},
	volume={42},
	number={1},
	pages={95--118},
	year={2017},
	publisher={INFORMS}
}

@article{pee2011solving,
  title={On solving large-scale finite minimax problems using exponential smoothing},
  author={E. Y. Pee and J. O. Royset},
  journal={Journal of optimization theory and applications},
  volume={148},
  number={2},
  pages={390--421},
  year={2011},
  publisher={Springer}
}

@article{pflug2007ambiguity,
	title={Ambiguity in portfolio selection},
	author={G. Pflug and D. Wozabal},
	journal={Quantitative Finance},
	volume={7},
	number={4},
	pages={435--442},
	year={2007},
	publisher={Taylor \& Francis}
}

@article{polak2003algorithms,
  title={Algorithms with adaptive smoothing for finite minimax problems},
  author={E. Polak and J. O. Royset and R. S. Womersley},
  journal={Journal of Optimization Theory and Applications},
  volume={119},
  pages={459--484},
  year={2003},
  publisher={Springer}
}

@article{rafique2022weakly,
	title={Weakly-convex--concave min--max optimization: provable algorithms and applications in machine learning},
	author={H. Rafique and M. Liu and Q. Lin and T. Yang},
	journal={Optimization Methods and Software},
	volume={37},
	number={3},
	pages={1087--1121},
	year={2022},
	publisher={Taylor \& Francis}
}

@article{rahimian2019distributionally,
	title={Distributionally robust optimization: A review},
	author={H. Rahimian and S. Mehrotra},
	journal={Preprint, arXiv:1908.05659},
	year={2019}
}

@article{selvi2022wasserstein,
	title={{Wasserstein} logistic regression with mixed features},
	author={A. Selvi and M. R. Belbasi and M. Haugh and W. Wiesemann},
	journal={Advances in Neural Information Processing Systems},
	volume={35},
	pages={16691--16704},
	year={2022}
}

@article{shafieezadeh2015distributionally,
	title={Distributionally robust logistic regression},
	author={S. Shafieezadeh Abadeh and P. M. Esfahani and D. Kuhn},
	journal={Advances in Neural Information Processing Systems},
	volume={28},
	year={2015}
}

@article{thekumparampil2019efficient,
	title={Efficient algorithms for smooth minimax optimization},
	author={K. K. Thekumparampil and P. Jain and P. Netrapalli and S. Oh},
	journal={Advances in Neural Information Processing Systems},
	volume={32},
	year={2019}
}

@article{v1928theorie,
	title={Zur theorie der gesellschaftsspiele},
	author={J. von Neumann},
	journal={Mathematische annalen},
	volume={100},
	number={1},
	pages={295--320},
	year={1928},
	publisher={Springer}
}

@article{wang2021sinkhorn,
	title={Sinkhorn distributionally robust optimization},
	author={J. Wang and R. Gao and Y. Xie},
	journal={Preprint, arXiv:2109.11926},
	year={2021}
}

@article{wang2023stochastic,
	title={Stochastic smoothing accelerated gradient method for nonsmooth convex composite optimization},
	author={R. Wang and C. Zhang},
	journal={Preprint, arXiv:2308.01252},
	year={2023}
}

@article{wozabal2012framework,
	title={A framework for optimization under ambiguity},
	author={D. Wozabal},
	journal={Annals of Operations Research},
	volume={193},
	number={1},
	pages={21--47},
	year={2012},
	publisher={Springer Science+ Business Media, Van Godewijckstraat 30 Dordrecht 3311 GX~…}
}

@article{xu2018distributionally,
	title={Distributionally robust optimization with matrix moment constraints: Lagrange duality and cutting plane methods},
	author={H. Xu and Y. Liu and H. Sun},
	journal={Mathematical programming},
	volume={169},
	pages={489--529},
	year={2018},
	publisher={Springer}
}

@article{xu2023unified,
	title={A unified single-loop alternating gradient projection algorithm for nonconvex--concave and convex--nonconcave minimax problems},
	author={Z. Xu and H. Zhang and Y. Xu and G. Lan},
	journal={Mathematical Programming},
	pages={1--72},
	year={2023},
	publisher={Springer}
}

@article{xu2024decentralized,
  title={Decentralized gradient descent maximization method for composite nonconvex strongly-concave minimax problems},
  author={Y. Xu},
  journal={SIAM Journal on Optimization},
  volume={34},
  number={1},
  pages={1006--1044},
  year={2024},
  publisher={SIAM}
}

@article{yan2022adaptive,
  title={Adaptive primal-dual stochastic gradient method for expectation-constrained convex stochastic programs},
  author={Y. Yan and Y. Xu},
  journal={Mathematical Programming Computation},
  volume={14},
  number={2},
  pages={319--363},
  year={2022},
  publisher={Springer}
}

@inproceedings{yang2022faster,
	title={Faster single-loop algorithms for minimax optimization without strong concavity},
	author={J. Yang and A. Orvieto and A. Lucchi and N. He},
	booktitle={International Conference on Artificial Intelligence and Statistics},
	pages={5485--5517},
	year={2022},
	organization={PMLR}
}

@article{zhang2022sapd+,
  title={Sapd+: An accelerated stochastic method for nonconvex-concave minimax problems},
  author={X. Zhang and N. S. Aybat and M. Gurbuzbalaban},
  journal={Advances in Neural Information Processing Systems},
  volume={35},
  pages={21668--21681},
  year={2022}
}

@inproceedings{zhang2024generalization,
  title={Generalization Bounds of Nonconvex-(Strongly)-Concave Stochastic Minimax Optimization},
  author={S. Zhang and Y. Hu and L. Zhang and N. He},
  booktitle={International Conference on Artificial Intelligence and Statistics},
  pages={694--702},
  year={2024},
  organization={PMLR}
}

@inproceedings{zhang2024jointly,
  title={Jointly improving the sample and communication complexities in decentralized stochastic minimax optimization},
  author={X. Zhang and G. Mancino-Ball and N. S. Aybat and Y. Xu},
  booktitle={Proceedings of the AAAI Conference on Artificial Intelligence},
  volume={38},
  pages={20865--20873},
  year={2024}
}

@article{zhao2022accelerated,
  title={Accelerated stochastic algorithms for convex-concave saddle-point problems},
  author={R. Zhao},
  journal={Mathematics of Operations Research},
  volume={47},
  number={2},
  pages={1443--1473},
  year={2022},
  publisher={Informs}
}

@article{zhao2024primal,
  title={A primal-dual smoothing framework for max-structured non-convex optimization},
  author={R. Zhao},
  journal={Mathematics of operations research},
  volume={49},
  number={3},
  pages={1535--1565},
  year={2024},
  publisher={Informs}
}

