@inproceedings{akbari2018polyp,
  title={Polyp segmentation in colonoscopy images using fully convolutional network},
  author={Akbari, Mojtaba and Mohrekesh, Majid and Nasr-Esfahani, Ebrahim and Soroushmehr, SM Reza and Karimi, Nader and Samavi, Shadrokh and Najarian, Kayvan},
  booktitle={EMBC},
  year={2018}
}

@inproceedings{brandao2017fully,
  title={Fully convolutional neural networks for polyp segmentation in colonoscopy},
  author={Brandao, Patrick and Mazomenos, Evangelos and Ciuti, Gastone and Cali{\`o}, Renato and Bianchi, Federico and Menciassi, Arianna and Dario, Paolo and Koulaouzidis, Anastasios and Arezzo, Alberto and Stoyanov, Danail},
  booktitle={Medical Imaging 2017: Computer-Aided Diagnosis},
  volume={10134},
  pages={101--107},
  year={2017}
}

@inproceedings{fan2020pranet,
  title={Pranet: Parallel reverse attention network for polyp segmentation},
  author={Fan, Deng-Ping and Ji, Ge-Peng and Zhou, Tao and Chen, Geng and Fu, Huazhu and Shen, Jianbing and Shao, Ling},
  booktitle={International conference on medical image computing and computer-assisted intervention},
  pages={263--273},
  year={2020}
}

@article{gat2025discrete,
  title={Discrete flow matching},
  author={Gat, Itai and Remez, Tal and Shaul, Neta and Kreuk, Felix and Chen, Ricky TQ and Synnaeve, Gabriel and Adi, Yossi and Lipman, Yaron},
  journal={NIPS},
  year={2025}
}

@inproceedings{jha2019resunet++,
  title={Resunet++: An advanced architecture for medical image segmentation},
  author={Jha, Debesh and Smedsrud, Pia H and Riegler, Michael A and Johansen, Dag and De Lange, Thomas and Halvorsen, P{\aa}l and Johansen, H{\aa}vard D},
  booktitle={2019 IEEE international symposium on multimedia (ISM)},
  pages={225--2255},
  year={2019}
}

@article{lipman2022flow,
  title={Flow matching for generative modeling},
  author={Lipman, Yaron and Chen, Ricky TQ and Ben-Hamu, Heli and Nickel, Maximilian and Le, Matt},
  journal={arXiv preprint arXiv:2210.02747},
  year={2022}
}

@article{lipman2024flow,
  title={Flow matching guide and code},
  author={Lipman, Yaron and Havasi, Marton and Holderrieth, Peter and Shaul, Neta and Le, Matt and Karrer, Brian and Chen, Ricky TQ and Lopez-Paz, David and Ben-Hamu, Heli and Gat, Itai},
  journal={arXiv preprint arXiv:2412.06264},
  year={2024}
}

@article{mamonov2014automated,
  title={Automated polyp detection in colon capsule endoscopy},
  author={Mamonov, Alexander V and Figueiredo, Isabel N and Figueiredo, Pedro N and Tsai, Yen-Hsi Richard},
  journal={IEEE TMI},
  volume={33},
  number={7},
  pages={1488--1502},
  year={2014},
}

@inproceedings{ronneberger2015u,
  title={U-net: Convolutional networks for biomedical image segmentation},
  author={Ronneberger, Olaf and Fischer, Philipp and Brox, Thomas},
  booktitle={MICCAI},
  year={2015}
}

@inproceedings{shi2023flowformer++,
  title={Flowformer++: Masked cost volume autoencoding for pretraining optical flow estimation},
  author={Shi, Xiaoyu and Huang, Zhaoyang and Li, Dasong and Zhang, Manyuan and Cheung, Ka Chun and See, Simon and Qin, Hongwei and Dai, Jifeng and Li, Hongsheng},
  booktitle={CVPR},
  year={2023}
}

@article{tajbakhsh2015automated,
  title={Automated polyp detection in colonoscopy videos using shape and context information},
  author={Tajbakhsh, Nima and Gurudu, Suryakanth R and Liang, Jianming},
  journal={IEEE TMI},
  volume={35},
  number={2},
  pages={630--644},
  year={2015}
}

@article{tischendorf2010computer,
  title={Computer-aided classification of colorectal polyps based on vascular patterns: a pilot study},
  author={Tischendorf, JJW and Gross, S and Winograd, R and Hecker, H and Auer, R and Behrens, A and Trautwein, C and Aach, T and Stehle, T},
  journal={Endoscopy},
  volume={42},
  number={03},
  pages={203--207},
  year={2010}
}

@inproceedings{weinzaepfel2013deepflow,
  title={DeepFlow: Large displacement optical flow with deep matching},
  author={Weinzaepfel, Philippe and Revaud, Jerome and Harchaoui, Zaid and Schmid, Cordelia},
  booktitle={ICCV},
  year={2013}
}

@article{yun2025flowhigh,
  title={FLowHigh: Towards Efficient and High-Quality Audio Super-Resolution with Single-Step Flow Matching},
  author={Yun, Jun-Hak and Kim, Seung-Bin and Lee, Seong-Whan},
  journal={arXiv preprint arXiv:2501.04926},
  year={2025}
}

@article{zhang2018polyp,
  title={Polyp detection during colonoscopy using a regression-based convolutional neural network with a tracker},
  author={Zhang, Ruikai and Zheng, Yali and Poon, Carmen CY and Shen, Dinggang and Lau, James YW},
  journal={Pattern recognition},
  volume={83},
  pages={209--219},
  year={2018}
}

@inproceedings{zhou2018unet++,
  title={Unet++: A nested u-net architecture for medical image segmentation},
  author={Zhou, Zongwei and Rahman Siddiquee, Md Mahfuzur and Tajbakhsh, Nima and Liang, Jianming},
  booktitle={MICCAI},
  year={2018}
}

@article{zhou2021review,
  title={A review of deep learning in medical imaging: Imaging traits, technology trends, case studies with progress highlights, and future promises},
  author={Zhou, S Kevin and Greenspan, Hayit and Davatzikos, Christos and Duncan, James S and Van Ginneken, Bram and Madabhushi, Anant and Prince, Jerry L and Rueckert, Daniel and Summers, Ronald M},
  journal={Proceedings of the IEEE},
  volume={109},
  number={5},
  pages={820--838},
  year={2021},
}

