@article{lipman2022flow,
  title={Flow matching for generative modeling},
  author={Lipman, Yaron and Chen, Ricky TQ and Ben-Hamu, Heli and Nickel, Maximilian and Le, Matt},
  journal={arXiv preprint arXiv:2210.02747},
  year={2022}
}
@article{biswas2023polyp,
  title={Polyp-sam++: Can a text guided sam perform better for polyp segmentation?},
  author={Biswas, Risab},
  journal={arXiv preprint arXiv:2308.06623},
  year={2023}
}
@article{lipman2024flow,
  title={Flow matching guide and code},
  author={Lipman, Yaron and Havasi, Marton and Holderrieth, Peter and Shaul, Neta and Le, Matt and Karrer, Brian and Chen, Ricky TQ and Lopez-Paz, David and Ben-Hamu, Heli and Gat, Itai},
  journal={arXiv preprint arXiv:2412.06264},
  year={2024}
}


@inproceedings{li2024polyp,
  title={Polyp-sam: Transfer sam for polyp segmentation},
  author={Li, Yuheng and Hu, Mingzhe and Yang, Xiaofeng},
  booktitle={Medical Imaging 2024: Computer-Aided Diagnosis},
  volume={12927},
  pages={759--765},
  year={2024}
}

@article{dong2021polyp,
  title={Polyp-pvt: Polyp segmentation with pyramid vision transformers},
  author={Dong, Bo and Wang, Wenhai and Fan, Deng-Ping and Li, Jinpeng and Fu, Huazhu and Shao, Ling},
  journal={arXiv preprint arXiv:2108.06932},
  year={2021}
}

@ARTICLE{9845389,
  author={Duc, Nguyen Thanh and Oanh, Nguyen Thi and Thuy, Nguyen Thi and Triet, Tran Minh and Dinh, Viet Sang},
  journal={IEEE Access}, 
  title={ColonFormer: An Efficient Transformer Based Method for Colon Polyp Segmentation}, 
  year={2022},
  volume={10},
  pages={80575-80586}
}
@article{sikkandar2024utilizing,
  title={Utilizing adaptive deformable convolution and position embedding for colon polyp segmentation with a visual transformer},
  author={Sikkandar, Mohamed Yacin and Sundaram, Sankar Ganesh and Alassaf, Ahmad and AlMohimeed, Ibrahim and Alhussaini, Khalid and Aleid, Adham and Alolayan, Salem Ali and Ramkumar, P and Almutairi, Meshal Khalaf and Begum, S Sabarunisha},
  journal={Scientific Reports},
  volume={14},
  number={1},
  pages={7318},
  year={2024}
}


@article{misawa2018artificial,
  title={Artificial intelligence-assisted polyp detection for colonoscopy: initial experience},
  author={Misawa, Masashi and Kudo, Shin-ei and Mori, Yuichi and Cho, Tomonari and Kataoka, Shinichi and Yamauchi, Akihiro and Ogawa, Yushi and Maeda, Yasuharu and Takeda, Kenichi and Ichimasa, Katsuro and others},
  journal={Gastroenterology},
  volume={154},
  number={8},
  pages={2027--2029},
  year={2018}
}

@article{nishihara2013long,
  title={Long-term colorectal-cancer incidence and mortality after lower endoscopy},
  author={Nishihara, Reiko and Wu, Kana and Lochhead, Paul and Morikawa, Teppei and Liao, Xiaoyun and Qian, Zhi Rong and Inamura, Kentaro and Kim, Sun A and Kuchiba, Aya and Yamauchi, Mai and others},
  journal={New England Journal of Medicine},
  volume={369},
  number={12},
  pages={1095--1105},
  year={2013}
}

@article{winawer1993prevention,
  title={Prevention of colorectal cancer by colonoscopic polypectomy},
  author={Winawer, Sidney J and Zauber, Ann G and Ho, May Nah and O'Brien, Michael J and Gottlieb, Leonard S and Sternberg, Stephen S and Waye, Jerome D and Schapiro, Melvin and Bond, John H and Panish, Joel F and others},
  journal={New England Journal of Medicine},
  volume={329},
  number={27},
  pages={1977--1981},
  year={1993}
}

@article{haggar2009colorectal,
  title={Colorectal cancer epidemiology: incidence, mortality, survival, and risk factors},
  author={Haggar, Fatima A and Boushey, Robin P},
  journal={Clinics in colon and rectal surgery},
  volume={22},
  number={04},
  pages={191--197},
  year={2009}
}

@article{silva2014toward,
  title={Toward embedded detection of polyps in wce images for early diagnosis of colorectal cancer},
  author={Silva, Juan and Histace, Aymeric and Romain, Olivier and Dray, Xavier and Granado, Bertrand},
  journal={International journal of computer assisted radiology and surgery},
  volume={9},
  pages={283--293},
  year={2014}
}

@article{mamonov2014automated,
  title={Automated polyp detection in colon capsule endoscopy},
  author={Mamonov, Alexander V and Figueiredo, Isabel N and Figueiredo, Pedro N and Tsai, Yen-Hsi Richard},
  journal={IEEE TMI},
  volume={33},
  number={7},
  pages={1488--1502},
  year={2014},
}


@article{tischendorf2010computer,
  title={Computer-aided classification of colorectal polyps based on vascular patterns: a pilot study},
  author={Tischendorf, JJW and Gross, S and Winograd, R and Hecker, H and Auer, R and Behrens, A and Trautwein, C and Aach, T and Stehle, T},
  journal={Endoscopy},
  volume={42},
  number={03},
  pages={203--207},
  year={2010}
}


@article{tajbakhsh2015automated,
  title={Automated polyp detection in colonoscopy videos using shape and context information},
  author={Tajbakhsh, Nima and Gurudu, Suryakanth R and Liang, Jianming},
  journal={IEEE TMI},
  volume={35},
  number={2},
  pages={630--644},
  year={2015}
}


@article{zhou2021review,
  title={A review of deep learning in medical imaging: Imaging traits, technology trends, case studies with progress highlights, and future promises},
  author={Zhou, S Kevin and Greenspan, Hayit and Davatzikos, Christos and Duncan, James S and Van Ginneken, Bram and Madabhushi, Anant and Prince, Jerry L and Rueckert, Daniel and Summers, Ronald M},
  journal={Proceedings of the IEEE},
  volume={109},
  number={5},
  pages={820--838},
  year={2021},
}

@inproceedings{shi2023flowformer++,
  title={Flowformer++: Masked cost volume autoencoding for pretraining optical flow estimation},
  author={Shi, Xiaoyu and Huang, Zhaoyang and Li, Dasong and Zhang, Manyuan and Cheung, Ka Chun and See, Simon and Qin, Hongwei and Dai, Jifeng and Li, Hongsheng},
  booktitle={CVPR},
  year={2023}
}

@article{gat2025discrete,
  title={Discrete flow matching},
  author={Gat, Itai and Remez, Tal and Shaul, Neta and Kreuk, Felix and Chen, Ricky TQ and Synnaeve, Gabriel and Adi, Yossi and Lipman, Yaron},
  journal={NIPS},
  year={2025}
}

@article{zhang2018polyp,
  title={Polyp detection during colonoscopy using a regression-based convolutional neural network with a tracker},
  author={Zhang, Ruikai and Zheng, Yali and Poon, Carmen CY and Shen, Dinggang and Lau, James YW},
  journal={Pattern recognition},
  volume={83},
  pages={209--219},
  year={2018}
}

@inproceedings{akbari2018polyp,
  title={Polyp segmentation in colonoscopy images using fully convolutional network},
  author={Akbari, Mojtaba and Mohrekesh, Majid and Nasr-Esfahani, Ebrahim and Soroushmehr, SM Reza and Karimi, Nader and Samavi, Shadrokh and Najarian, Kayvan},
  booktitle={EMBC},
  year={2018}
}

@inproceedings{brandao2017fully,
  title={Fully convolutional neural networks for polyp segmentation in colonoscopy},
  author={Brandao, Patrick and Mazomenos, Evangelos and Ciuti, Gastone and Cali{\`o}, Renato and Bianchi, Federico and Menciassi, Arianna and Dario, Paolo and Koulaouzidis, Anastasios and Arezzo, Alberto and Stoyanov, Danail},
  booktitle={Medical Imaging 2017: Computer-Aided Diagnosis},
  volume={10134},
  pages={101--107},
  year={2017}
}

@inproceedings{shi2022ssformer,
  title={Ssformer: A lightweight transformer for semantic segmentation},
  author={Shi, Wentao and Xu, Jing and Gao, Pan},
  booktitle={MMSP},
  year={2022}
}

@inproceedings{liu2021acsnet,
  title={ACSNet: Action-context separation network for weakly supervised temporal action localization},
  author={Liu, Ziyi and Wang, Le and Zhang, Qilin and Tang, Wei and Yuan, Junsong and Zheng, Nanning and Hua, Gang},
  booktitle={AAAI},
  year={2021}
}

@article{mei2021sanet,
  title={SANet: A slice-aware network for pulmonary nodule detection},
  author={Mei, Jie and Cheng, Ming-Ming and Xu, Gang and Wan, Lan-Ruo and Zhang, Huan},
  journal={IEEE TPAMI},
  volume={44},
  number={8},
  pages={4374--4387},
  year={2021},
}

@article{liu2020ms,
  title={MS-Net: multi-site network for improving prostate segmentation with heterogeneous MRI data},
  author={Liu, Quande and Dou, Qi and Yu, Lequan and Heng, Pheng Ann},
  journal={IEEE TMI},
  volume={39},
  number={9},
  pages={2713--2724},
  year={2020}
}

@inproceedings{qin2020dcr,
  title={Dcr-net: A deep co-interactive relation network for joint dialog act recognition and sentiment classification},
  author={Qin, Libo and Che, Wanxiang and Li, Yangming and Ni, Mingheng and Liu, Ting},
  booktitle={AAAI},
  year={2020}
}

@inproceedings{zhou2018unet++,
  title={Unet++: A nested u-net architecture for medical image segmentation},
  author={Zhou, Zongwei and Rahman Siddiquee, Md Mahfuzur and Tajbakhsh, Nima and Liang, Jianming},
  booktitle={MICCAI},
  year={2018}
}

@inproceedings{jha2019resunet++,
  title={Resunet++: An advanced architecture for medical image segmentation},
  author={Jha, Debesh and Smedsrud, Pia H and Riegler, Michael A and Johansen, Dag and De Lange, Thomas and Halvorsen, P{\aa}l and Johansen, H{\aa}vard D},
  booktitle={2019 IEEE international symposium on multimedia (ISM)},
  pages={225--2255},
  year={2019}
}

@inproceedings{ronneberger2015u,
  title={U-net: Convolutional networks for biomedical image segmentation},
  author={Ronneberger, Olaf and Fischer, Philipp and Brox, Thomas},
  booktitle={MICCAI},
  year={2015}
}

@inproceedings{fan2020pranet,
  title={Pranet: Parallel reverse attention network for polyp segmentation},
  author={Fan, Deng-Ping and Ji, Ge-Peng and Zhou, Tao and Chen, Geng and Fu, Huazhu and Shen, Jianbing and Shao, Ling},
  booktitle={International conference on medical image computing and computer-assisted intervention},
  pages={263--273},
  year={2020}
}
@article{chen2018neural,
  title={Neural ordinary differential equations},
  author={Chen, Ricky TQ and Rubanova, Yulia and Bettencourt, Jesse and Duvenaud, David K},
  journal={NIPS},
  year={2018}
}
@article{tong2023improving,
  title={Improving and generalizing flow-based generative models with minibatch optimal transport},
  author={Tong, Alexander and Fatras, Kilian and Malkin, Nikolay and Huguet, Guillaume and Zhang, Yanlei and Rector-Brooks, Jarrid and Wolf, Guy and Bengio, Yoshua},
  journal={arXiv preprint arXiv:2302.00482},
  year={2023}
}
@article{zheng2024polyp,
  title={Polyp-DAM: Polyp segmentation via depth anything model},
  author={Zheng, Zhuoran and Wu, Chen and Jin, Yeying and Jia, Xiuyi},
  journal={IEEE Signal Processing Letters},
  year={2024}
}
@inproceedings{jha2020kvasir,
  title={Kvasir-seg: A segmented polyp dataset},
  author={Jha, Debesh and Smedsrud, Pia H and Riegler, Michael A and Halvorsen, P{\aa}l and De Lange, Thomas and Johansen, Dag and Johansen, H{\aa}vard D},
  booktitle={MMM},
  year={2020}
}
@article{bernal2015wm,
  title={WM-DOVA maps for accurate polyp highlighting in colonoscopy: Validation vs. saliency maps from physicians},
  author={Bernal, Jorge and S{\'a}nchez, F Javier and Fern{\'a}ndez-Esparrach, Gloria and Gil, Debora and Rodr{\'\i}guez, Cristina and Vilari{\~n}o, Fernando},
  journal={Computerized medical imaging and graphics},
  volume={43},
  pages={99--111},
  year={2015}
}

@article{vazquez2017benchmark,
  title={A benchmark for endoluminal scene segmentation of colonoscopy images},
  author={V{\'a}zquez, David and Bernal, Jorge and S{\'a}nchez, F Javier and Fern{\'a}ndez-Esparrach, Gloria and L{\'o}pez, Antonio M and Romero, Adriana and Drozdzal, Michal and Courville, Aaron},
  journal={Journal of healthcare engineering},
  volume={2017},
  number={1},
  pages={4037190},
  year={2017}
}

@inproceedings{weinzaepfel2013deepflow,
  title={DeepFlow: Large displacement optical flow with deep matching},
  author={Weinzaepfel, Philippe and Revaud, Jerome and Harchaoui, Zaid and Schmid, Cordelia},
  booktitle={ICCV},
  year={2013}
}
@article{ma2024segment,
  title={Segment anything in medical images},
  author={Ma, Jun and He, Yuting and Li, Feifei and Han, Lin and You, Chenyu and Wang, Bo},
  journal={Nature Communications},
  volume={15},
  number={1},
  pages={654},
  year={2024}
}
@inproceedings{kirillov2023segment,
  title={Segment anything},
  author={Kirillov, Alexander and Mintun, Eric and Ravi, Nikhila and Mao, Hanzi and Rolland, Chloe and Gustafson, Laura and Xiao, Tete and Whitehead, Spencer and Berg, Alexander C and Lo, Wan-Yen and others},
  booktitle={ICCV},
  year={2023}
}
@article{liu2022flow,
  title={Flow straight and fast: Learning to generate and transfer data with rectified flow},
  author={Liu, Xingchao and Gong, Chengyue and Liu, Qiang},
  journal={arXiv preprint arXiv:2209.03003},
  year={2022}
}
@article{zhou2023can,
  title={Can sam segment polyps?},
  author={Zhou, Tao and Zhang, Yizhe and Zhou, Yi and Wu, Ye and Gong, Chen},
  journal={arXiv preprint arXiv:2304.07583},
  year={2023}
}
@article{yun2025flowhigh,
  title={FLowHigh: Towards Efficient and High-Quality Audio Super-Resolution with Single-Step Flow Matching},
  author={Yun, Jun-Hak and Kim, Seung-Bin and Lee, Seong-Whan},
  journal={arXiv preprint arXiv:2501.04926},
  year={2025}
}
@inproceedings{wei2021shallow,
  title={Shallow attention network for polyp segmentation},
  author={Wei, Jun and Hu, Yiwen and Zhang, Ruimao and Li, Zhen and Zhou, S Kevin and Cui, Shuguang},
  booktitle={Medical Image Computing and Computer Assisted Intervention--MICCAI 2021: 24th International Conference, Strasbourg, France, September 27--October 1, 2021, Proceedings, Part I 24},
  pages={699--708},
  year={2021}
}
@article{liu2024cafe,
  title={Cafe-net: Cross-attention and feature exploration network for polyp segmentation},
  author={Liu, Guoqi and Yao, Sheng and Liu, Dong and Chang, Baofang and Chen, Zongyu and Wang, Jiajia and Wei, Jiangqi},
  journal={Expert Systems with Applications},
  volume={238},
  pages={121754},
  year={2024}
}
