@article{xu2018alternating,
  title={Alternating multi-bit quantization for recurrent neural networks},
  author={Xu, Chen and Yao, Jianqiang and Lin, Zhouchen and Ou, Wenwu and Cao, Yuanbin and Wang, Zhirong and Zha, Hongbin},
  journal={arXiv preprint arXiv:1802.00150},
  year={2018}
}

@article{krishnamoorthi2018quantizing,
  title={Quantizing deep convolutional networks for efficient inference: A whitepaper},
  author={Krishnamoorthi, Raghuraman},
  journal={arXiv preprint arXiv:1806.08342},
  year={2018}
}

@article{chen2021quantization,
  title={Quantization of deep neural networks for accurate edge computing},
  author={Chen, Wentao and Qiu, Hailong and Zhuang, Jian and Zhang, Chutong and Hu, Yu and Lu, Qing and Wang, Tianchen and Shi, Yiyu and Huang, Meiping and Xu, Xiaowe},
  journal={ACM Journal on Emerging Technologies in Computing Systems (JETC)},
  volume={17},
  number={4},
  pages={1--11},
  year={2021},
  publisher={ACM New York, NY}
}

@article{KieferWolfowitz1952,
  title={Stochastic estimation of the maximum of a regression function},
  journal={The Annals of Mathematical Statistics},
  pages={462--466},
 author = {J. Kiefer and J. Wolfowitz},
  year={1952},
  publisher={JSTOR}
}

@article{kingma2014adam,
  title={Adam: A method for stochastic optimization},
  author={Kingma, Diederik P},
  journal={arXiv preprint arXiv:1412.6980},
  year={2014}
}

@article{nagel2021white,
  title={A white paper on neural network quantization},
  author={Nagel, Markus and Fournarakis, Marios and Amjad, Rana Ali and Bondarenko, Yelysei and Van Baalen, Mart and Blankevoort, Tijmen},
  journal={arXiv preprint arXiv:2106.08295},
  year={2021}
}

@article{bengio2013ste,
  title={Estimating or propagating gradients through stochastic neurons for conditional computation},
  author={Bengio, Yoshua and L{\'e}onard, Nicholas and Courville, Aaron},
  journal={arXiv preprint arXiv:1308.3432},
  year={2013}
}

@article{alizadeh2020gradient,
  title={Gradient l1 regularization for quantization robustness},
  author={Alizadeh, Milad and Behboodi, Arash and Van Baalen, Mart and Louizos, Christos and Blankevoort, Tijmen and Welling, Max},
  journal={arXiv preprint arXiv:2002.07520},
  year={2020}
}

@article{esser2020learned,
  title={Learned step size quantization},
  author={Esser, Steven K and McKinstry, Jeffrey L and Bablani, Deepika and Appuswamy, Rathinakumar and Modha, Dharmendra S},
  journal={arXiv preprint arXiv:1902.08153},
  year={2019}
}

@inproceedings{gupta2023reducing,
  title={Reducing the Side-Effects of Oscillations in Training of Quantized YOLO Networks},
  author={Gupta, Kartik and Asthana, Akshay},
  booktitle={Proceedings of the IEEE/CVF Winter Conference on Applications of Computer Vision},
  pages={2452--2461},
  year={2024}
}
@inproceedings{vitoscillations,
  title={Oscillation-free quantization for low-bit vision transformers},
  author={Liu, Shih-Yang and Liu, Zechun and Cheng, Kwang-Ting},
  booktitle={International Conference on Machine Learning},
  pages={21813--21824},
  year={2023},
  organization={PMLR}
}
@inproceedings{nagel2022overcoming,
  title={Overcoming oscillations in quantization-aware training},
  author={Nagel, Markus and Fournarakis, Marios and Bondarenko, Yelysei and Blankevoort, Tijmen},
  booktitle={International Conference on Machine Learning},
  pages={16318--16330},
  year={2022},
  organization={PMLR}
}

@inproceedings{inferenceBenchmark,
  title={Mlperf inference benchmark},
  author={Reddi, Vijay Janapa and Cheng, Christine and Kanter, David and Mattson, Peter and Schmuelling, Guenther and Wu, Carole-Jean and Anderson, Brian and Breughe, Maximilien and Charlebois, Mark and Chou, William and others},
  booktitle={2020 ACM/IEEE 47th Annual International Symposium on Computer Architecture (ISCA)},
  pages={446--459},
  year={2020},
  organization={IEEE}
}
@article{OneModelRobust,
  title={Robust quantization: One model to rule them all},
  author={Chmiel, Brian and Banner, Ron and Shomron, Gil and Nahshan, Yury and Bronstein, Alex and Weiser, Uri and others},
  journal={Advances in neural information processing systems},
  volume={33},
  pages={5308--5317},
  year={2020}
}
@article{zhong2024mbquantnovelmultibranchtopology,
  title={MBQuant: A novel multi-branch topology method for arbitrary bit-width network quantization},
  author={Zhong, Yunshan and Zhou, Yuyao and Chao, Fei and Ji, Rongrong},
  journal={Pattern Recognition},
  volume={158},
  pages={111061},
  year={2025},
  publisher={Elsevier}
}
@inproceedings{BridgeDeepLearning,
  title={Bridge deep learning to the physical world: An efficient method to quantize network},
  author={Hung, Pei-Hen and Lee, Chia-Han and Yang, Shao-Wen and Somayazulu, V Srinivasa and Chen, Yen-Kuang and Chien, Shao-Yi},
  booktitle={2015 IEEE Workshop on Signal Processing Systems (SiPS)},
  pages={1--6},
  year={2015},
  organization={IEEE}
}

@inproceedings{ImprovingLowBit,
  title={Improving low-precision network quantization via bin regularization},
  author={Han, Tiantian and Li, Dong and Liu, Ji and Tian, Lu and Shan, Yi},
  booktitle={Proceedings of the IEEE/CVF International Conference on Computer Vision},
  pages={5261--5270},
  year={2021}
}

@inproceedings{minimizeQuantError,
  title={Quantization error-based regularization in neural networks},
  author={Hirose, Kazutoshi and Ando, Kota and Ueyoshi, Kodai and Ikebe, Masayuki and Asai, Tetsuya and Motomura, Masato and Takamaeda-Yamazaki, Shinya},
  booktitle={Artificial Intelligence XXXIV: 37th SGAI International Conference on Artificial Intelligence, AI 2017, Cambridge, UK, December 12-14, 2017, Proceedings 37},
  pages={137--142},
  year={2017},
  organization={Springer}
}

@article{Choi_2020,
  title={Learning sparse low-precision neural networks with learnable regularization},
  author={Choi, Yoojin and El-Khamy, Mostafa and Lee, Jungwon},
  journal={IEEE Access},
  volume={8},
  pages={96963--96974},
  year={2020},
  publisher={IEEE}
}
@article{APTQ,
  title={Additive powers-of-two quantization: An efficient non-uniform discretization for neural networks},
  author={Li, Yuhang and Dong, Xin and Wang, Wei},
  journal={arXiv preprint arXiv:1909.13144},
  year={2019}
}

@inproceedings{ijcai2022p504,
  title={MultiQuant: Training Once for Multi-bit Quantization of Neural Networks.},
  author={Xu, Ke and Feng, Qiantai and Zhang, Xingyi and Wang, Dong}
}

@inproceedings{Xu_2023_ICCV,
  title={Eq-net: Elastic quantization neural networks},
  author={Xu, Ke and Han, Lei and Tian, Ye and Yang, Shangshang and Zhang, Xingyi},
  booktitle={Proceedings of the IEEE/CVF International Conference on Computer Vision},
  pages={1505--1514},
  year={2023}
}

@article{pseudoQuantNoise,
  title={Differentiable model compression via pseudo quantization noise},
  author={D{\'e}fossez, Alexandre and Adi, Yossi and Synnaeve, Gabriel},
  journal={arXiv preprint arXiv:2104.09987},
  year={2021}
}

@inproceedings{jacob2017quantization,
  title={Quantization and training of neural networks for efficient integer-arithmetic-only inference},
  author={Jacob, Benoit and Kligys, Skirmantas and Chen, Bo and Zhu, Menglong and Tang, Matthew and Howard, Andrew and Adam, Hartwig and Kalenichenko, Dmitry},
  booktitle={Proceedings of the IEEE conference on computer vision and pattern recognition},
  pages={2704--2713},
  year={2018}
}


@InProceedings{gupta15limited,
  title = 	 {Deep Learning with Limited Numerical Precision},
  author = 	 {Gupta, Suyog and Agrawal, Ankur and Gopalakrishnan, Kailash and Narayanan, Pritish},
  booktitle = 	 {Proceedings of the 32nd International Conference on Machine Learning (ICML)},
  year = 	 {2015}
}
@inproceedings{
dettmers2022bit,
title={{8-bit Optimizers via Block-wise Quantization}},
author={Tim Dettmers and Mike Lewis and Sam Shleifer and Luke Zettlemoyer},
booktitle={International Conference on Learning Representations},
year={2022}
}
@InProceedings{Nagel_2019_ICCV,
author = {Nagel, Markus and Baalen, Mart van and Blankevoort, Tijmen and Welling, Max},
title = {Data-Free Quantization Through Weight Equalization and Bias Correction},
booktitle = {Proceedings of the IEEE/CVF International Conference on Computer Vision (ICCV)},
month = {October},
year = {2019}
} 


@inproceedings{wu2022tinyvit,
  title={Tinyvit: Fast pretraining distillation for small vision transformers},
  author={Wu, Kan and Zhang, Jinnian and Peng, Houwen and Liu, Mengchen and Xiao, Bin and Fu, Jianlong and Yuan, Lu},
  booktitle={European conference on computer vision},
  pages={68--85},
  year={2022},
  organization={Springer}
}

@inproceedings{deng2009imagenet,
  title={Imagenet: A large-scale hierarchical image database},
  author={Deng, Jia and Dong, Wei and Socher, Richard and Li, Li-Jia and Li, Kai and Fei-Fei, Li},
  booktitle={2009 IEEE conference on computer vision and pattern recognition},
  pages={248--255},
  year={2009},
  organization={Ieee}
}


@inproceedings{he2016deep,
  title={Deep residual learning for image recognition},
  author={He, Kaiming and Zhang, Xiangyu and Ren, Shaoqing and Sun, Jian},
  booktitle={Proceedings of the IEEE conference on computer vision and pattern recognition},
  pages={770--778},
  year={2016}
}

@article{krizhevsky2009learning,
  title={Learning multiple layers of features from tiny images},
  author={Krizhevsky, Alex and Hinton, Geoffrey and others},
  year={2009},
  publisher={Toronto, ON, Canada}
}