@article{Beck2010JobShop,
  title={Combining Constraint Programming and Local Search for Job-Shop Scheduling},
  author={Beck, J. Christopher and Feng, T. K. and Watson, Jean-Paul},
  journal={INFORMS Journal on Computing},
  volume={23},
  number={1},
  pages={1-14},
  year={2010}
}

@article{Bonetta2023JobShop,
  title={Job Shop Scheduling via Deep Reinforcement Learning: a Sequence to Sequence approach},
  author={Giovanni Bonetta and Davide Zago and Rossella Cancelliere and Andrea Grosso},
  journal={Not Specified},
  year={2023},
  month={Aug},
  day={3}
}

@inproceedings{L2D,
  title={Learning to Dispatch for Job Shop Scheduling via Deep Reinforcement Learning},
  author={Zhang, Cong and Song, Wen and Cao, Zhiguang and Zhang, Jie and Tan, Puay Siew and Xu, Chi},
  booktitle={34th Conference on Neural Information Processing Systems (NeurIPS)},
  year={2020}
}

@article{Nowicki2005TabuSearch,
  title={An Advanced Tabu Search Algorithm for the Job Shop Problem},
  author={Nowicki, Eugeniusz and Smutnicki, Czeslaw},
  journal={Journal of Scheduling},
  volume={8},
  number={2},
  pages={145-159},
  year={2005},
  doi={10.1007/s10951-005-6364-5}
}

@inproceedings{PDR_Zahmani2015JobShop,
  title={Multiple Priority Dispatching Rules for the Job Shop Scheduling Problem},
  author={Zahmani, Mohamed Habib and Atmani, Baghdad and Bekrar, Abdelghani and Aissani, Nassima},
  booktitle={3rd International Conference on Control, Engineering  Information Technology (CEIT’2015)},
  year={2015},
  address={Tlemcen, Algeria},
  doi={10.1109/CEIT.2015.7232991}
}

@inproceedings{SelfJSP,
    title = {Self-Labeling the Job Shop Scheduling Problem},
    booktitle = {Self-Labeling the Job Shop Scheduling Problem},
    author = {Corsini, Andrea and Porrello, Angelo and Calderara, Simone and Dell'Amico, Mauro},
    year={2024},
    publisher={Arxiv},
}

@inproceedings{ahn2024large,
    title = "Large Language Models for Mathematical Reasoning: Progresses and Challenges",
    author = "Ahn, Janice  and
      Verma, Rishu  and
      Lou, Renze  and
      Liu, Di  and
      Zhang, Rui  and
      Yin, Wenpeng",
    editor = "Falk, Neele  and
      Papi, Sara  and
      Zhang, Mike",
    booktitle = "Proceedings of the 18th Conference of the European Chapter of the Association for Computational Linguistics: Student Research Workshop",
    month = mar,
    year = "2024",
    address = "St. Julian{'}s, Malta",
    publisher = "Association for Computational Linguistics",
    url = "https://aclanthology.org/2024.eacl-srw.17",
    pages = "225--237",

}

@misc{chen2024exploring,
      title={Exploring the Potential of Large Language Models (LLMs) in Learning on Graphs}, 
      author={Zhikai Chen and Haitao Mao and Hang Li and Wei Jin and Hongzhi Wen and Xiaochi Wei and Shuaiqiang Wang and Dawei Yin and Wenqi Fan and Hui Liu and Jiliang Tang},
      year={2024},
      eprint={2307.03393},
      archivePrefix={arXiv},
      primaryClass={cs.LG}
}

@misc{chen2024exploringpotentiallargelanguage,
      title={Exploring the Potential of Large Language Models (LLMs) in Learning on Graphs}, 
      author={Zhikai Chen and Haitao Mao and Hang Li and Wei Jin and Hongzhi Wen and Xiaochi Wei and Shuaiqiang Wang and Dawei Yin and Wenqi Fan and Hui Liu and Jiliang Tang},
      year={2024},
      eprint={2307.03393},
      archivePrefix={arXiv},
      primaryClass={cs.LG},
      url={https://arxiv.org/abs/2307.03393}, 
}

@misc{frieder2023large,
      title={Large Language Models for Mathematicians}, 
      author={Simon Frieder and Julius Berner and Philipp Petersen and Thomas Lukasiewicz},
      year={2024},
      eprint={2312.04556},
      archivePrefix={arXiv},
      primaryClass={cs.CL}
}

@article{garey1976complexity,
  title={The complexity of flowshop and jobshop scheduling},
  author={Garey, Michael R and Johnson, David S and Sethi, Ravi},
  journal={Mathematics of Operations Research},
  volume={1},
  number={2},
  pages={117--129},
  year={1976}
}

@inproceedings{huang2022language,
  title = {Language Models as Zero-Shot Planners: Extracting Actionable Knowledge for Embodied Agents},
  author = {Huang, Wenlong and Abbeel, Pieter and Pathak, Deepak and Mordatch, Igor},
  booktitle = {Proceedings of the International Conference on Machine Learning},
  year = {2022},
  organization = {PMLR},
  institution = {1University of California, Berkeley, 2Carnegie Mellon University, 3Google Brain}
}

@INPROCEEDINGS{jssp_np,
  author={Cebi, Ceren and Atac, Enes and Sahingoz, Ozgur Koray},
  booktitle={2020 11th International Conference on Computing, Communication and Networking Technologies (ICCCNT)}, 
  title={Job Shop Scheduling Problem and Solution Algorithms: A Review}, 
  year={2020},
  volume={},
  number={},
  pages={1-7},
  doi={10.1109/ICCCNT49239.2020.9225581}}

@article{opro,
  title={Large language models as optimizers},
  author={Yang, Chengrun and Wang, Xuezhi and Lu, Yifeng and Liu, Hanxiao and Le, Quoc V and Zhou, Denny and Chen, Xinyun},
  journal={arXiv preprint arXiv:2309.03409},
  year={2023}
}

@inproceedings{valmeekam2022large,
  title = {Large Language Models Still Can’t Plan: A Benchmark for LLMs on Planning and Reasoning about Change},
  author = {Valmeekam, Karthik and Olmo, Alberto and Sreedharan, Sarath and Kambhampati, Subbarao},
  booktitle = {NeurIPS 2022 Foundation Models for Decision Making Workshop},
  year = {2022},
  url = {https://openreview.net/forum?id=wUU-7XTL5XO}
}

@article{wei2022chain_of_thaught,
  title={Chain-of-Thought Prompting Elicits Reasoning in Large Language Models},
  author={Wei, Jason and Wang, Xuezhi and Schuurmans, Dale and Bosma, Maarten and Ichter, Brian and Xia, Fei and Chi, Ed H. and Le, Quoc V. and Zhou, Denny},
  journal={Google Research, Brain Team},
  year={2022}

