
@article{Gao2019Swarm,
  title={A Review on Swarm Intelligence and Evolutionary Algorithms for Solving Flexible Job Shop Scheduling Problems},
  author={Gao, Kaizhou and Cao, Zhiguang and Zhang, Le and Chen, Zhenghua and Han, Yuyan and Pan, Quanke},
  journal={IEEE/CAA Journal of Automatica Sinica},
  volume={6},
  number={4},
  pages={904},
  year={2019},
  publisher={IEEE}
}



@article{garey1976complexity,
  title={The complexity of flowshop and jobshop scheduling},
  author={Garey, Michael R and Johnson, David S and Sethi, Ravi},
  journal={Mathematics of Operations Research},
  volume={1},
  number={2},
  pages={117--129},
  year={1976}
}


@INPROCEEDINGS{jssp_np,
  author={Cebi, Ceren and Atac, Enes and Sahingoz, Ozgur Koray},
  booktitle={2020 11th International Conference on Computing, Communication and Networking Technologies (ICCCNT)}, 
  title={Job Shop Scheduling Problem and Solution Algorithms: A Review}, 
  year={2020},
  volume={},
  number={},
  pages={1-7},
  doi={10.1109/ICCCNT49239.2020.9225581}}

@article{Beck2010JobShop,
  title={Combining Constraint Programming and Local Search for Job-Shop Scheduling},
  author={Beck, J. Christopher and Feng, T. K. and Watson, Jean-Paul},
  journal={INFORMS Journal on Computing},
  volume={23},
  number={1},
  pages={1-14},
  year={2010}
}


@article{Nowicki2005TabuSearch,
  title={An Advanced Tabu Search Algorithm for the Job Shop Problem},
  author={Nowicki, Eugeniusz and Smutnicki, Czeslaw},
  journal={Journal of Scheduling},
  volume={8},
  number={2},
  pages={145-159},
  year={2005},
  doi={10.1007/s10951-005-6364-5}
}


@book{Monch2012Semiconductor,
  title={Production Planning and Control for Semiconductor Wafer Fabrication Facilities: Modeling, Analysis, and Systems},
  author={Mönch, Lars and Fowler, John W and Mason, Scott J},
  volume={52},
  year={2012},
  publisher={Springer Science & Business Media}
}

@inproceedings{PDR_Zahmani2015JobShop,
  title={Multiple Priority Dispatching Rules for the Job Shop Scheduling Problem},
  author={Zahmani, Mohamed Habib and Atmani, Baghdad and Bekrar, Abdelghani and Aissani, Nassima},
  booktitle={3rd International Conference on Control, Engineering  Information Technology (CEIT’2015)},
  year={2015},
  address={Tlemcen, Algeria},
  doi={10.1109/CEIT.2015.7232991}
}


@article{performance_of_HeuristicDispatchingRules,
  title={Comparison of dispatching rules in job-shop Scheduling problem Using simulation: A case study},
  author={Chaudhry, S. A. and Khan, S.},
  journal={ResearchGate},
  year={2015},
  url={https://www.researchgate.net/publication/283505822_Comparison_of_dispatching_rules_in_job-shop_Schedulingproblem_Usingsimulation_A_case_study}
}


@article{Bonetta2023JobShop,
  title={Job Shop Scheduling via Deep Reinforcement Learning: a Sequence to Sequence approach},
  author={Giovanni Bonetta and Davide Zago and Rossella Cancelliere and Andrea Grosso},
  journal={Not Specified},
  year={2023},
  month={Aug},
  day={3}
}

@inproceedings{L2D,
  title={Learning to Dispatch for Job Shop Scheduling via Deep Reinforcement Learning},
  author={Zhang, Cong and Song, Wen and Cao, Zhiguang and Zhang, Jie and Tan, Puay Siew and Xu, Chi},
  booktitle={34th Conference on Neural Information Processing Systems (NeurIPS)},
  year={2020}
}

@article{taillard1993benchmarks,
  title={Benchmarks for basic scheduling problems},
  author={Taillard, Eric},
  journal={European Journal of Operational Research},
  volume={64},
  number={2},
  pages={278--285},
  year={1993},
  publisher={Elsevier}
}

@article{dmu_dataset,
  title={Benchmarks for shop scheduling problems},
  author={Demirkol, Ebru and Mehta, Sanjay and Uzsoy, Reha},
  journal={European Journal of Operational Research},
  volume={109},
  number={1},
  pages={137--141},
  year={1998},
  publisher={Elsevier}
}





%kkkkkkk
@article{YUAN2023110436,
title = {Solving job shop scheduling problems via deep reinforcement learning},
journal = {Applied Soft Computing},
volume = {143},
pages = {110436},
year = {2023},
issn = {1568-4946},
doi = {https://doi.org/10.1016/j.asoc.2023.110436},
url = {https://www.sciencedirect.com/science/article/pii/S1568494623004544},
author = {Erdong Yuan and Shuli Cheng and Liejun Wang and Shiji Song and Fang Wu},
keywords = {Job shop scheduling, State representation, Invalid action masking, Deep reinforcement learning, Generalization},
}



@ARTICLE{deepq_manufacture,
  author={Lin, Chun-Cheng and Deng, Der-Jiunn and Chih, Yen-Ling and Chiu, Hsin-Ting},
  journal={IEEE Transactions on Industrial Informatics}, 
  title={Smart Manufacturing Scheduling With Edge Computing Using Multiclass Deep Q Network}, 
  year={2019},
  volume={15},
  number={7},
  pages={4276-4284},
  keywords={Production facilities;Dispatching;Edge computing;Job shop scheduling;Smart manufacturing;Task analysis;Deep Q network;edge computing;job shop scheduling;multiple dispatching rules;smart manufacturing},
  doi={10.1109/TII.2019.2908210}}

@misc{bello2017neural,
      title={Neural Combinatorial Optimization with Reinforcement Learning}, 
      author={Irwan Bello and Hieu Pham and Quoc V. Le and Mohammad Norouzi and Samy Bengio},
      year={2017},
      eprint={1611.09940},
      archivePrefix={arXiv},
      primaryClass={cs.AI}
}

@inproceedings{tristan_nested_monte_carlo,
  author = {Cazenave, Tristan},
  year = {2009},
  pages = {456-461},
  title = {Nested {Monte-Carlo} Search},
  booktitle = {Proceedings of the IJCAI International Joint Conference on Artificial Intelligence}
}

@ARTICLE{MCTS,
  author={Browne, Cameron B. and Powley, Edward and Whitehouse, Daniel and Lucas, Simon M. and Cowling, Peter I. and Rohlfshagen, Philipp and Tavener, Stephen and Perez, Diego and Samothrakis, Spyridon and Colton, Simon},
  journal={IEEE Transactions on Computational Intelligence and AI in Games}, 
  title={A Survey of Monte Carlo Tree Search Methods}, 
  year={2012},
  volume={4},
  number={1},
  pages={1-43},
  keywords={Games;Monte Carlo methods;Artificial intelligence;Game theory;Computers;Markov processes;Decision theory;Artificial intelligence (AI);bandit-based methods;computer Go;game search;Monte Carlo tree search (MCTS);upper confidence bounds (UCB);upper confidence bounds for trees (UCT)},
  doi={10.1109/TCIAIG.2012.2186810}}



@inproceedings{harveyGinsbergLDS,
  title={Limited discrepancy search},
  author={Harvey, William D and Ginsberg, Matthew L},
  booktitle={IJCAI},
  pages={607--615},
  year={1995}
}

@inbook{PolicyBasedLearningBeamSearch,
  author = {Ettrich, Rupert and Huber, Marc and Raidl, Günther},
  year = {2023},
  month = {03},
  pages = {130-145},
  title = {A Policy-Based Learning Beam Search for Combinatorial Optimization},
  isbn = {978-3-031-30034-9},
  doi = {10.1007/978-3-031-30035-6_9},
  publisher = {Springer}
}



@misc{ppo,
  title={Proximal policy optimization algorithms},
  author={Schulman, John and Wolski, Filip and Dhariwal, Prafulla and Radford, Alec and Klimov, Oleg},
  year={2017},
  howpublished={arXiv preprint arXiv:1707.06347}
}



%%%%%
@article{
chen2023program,
title={Program of Thoughts Prompting: Disentangling Computation from Reasoning for Numerical Reasoning Tasks},
author={Wenhu Chen and Xueguang Ma and Xinyi Wang and William W. Cohen},
journal={Transactions on Machine Learning Research},
issn={2835-8856},
year={2023},
url={https://openreview.net/forum?id=YfZ4ZPt8zd},
note={}
}

@inproceedings{ahn2024large,
    title = "Large Language Models for Mathematical Reasoning: Progresses and Challenges",
    author = "Ahn, Janice  and
      Verma, Rishu  and
      Lou, Renze  and
      Liu, Di  and
      Zhang, Rui  and
      Yin, Wenpeng",
    editor = "Falk, Neele  and
      Papi, Sara  and
      Zhang, Mike",
    booktitle = "Proceedings of the 18th Conference of the European Chapter of the Association for Computational Linguistics: Student Research Workshop",
    month = mar,
    year = "2024",
    address = "St. Julian{'}s, Malta",
    publisher = "Association for Computational Linguistics",
    url = "https://aclanthology.org/2024.eacl-srw.17",
    pages = "225--237",

}



@misc{frieder2023large,
      title={Large Language Models for Mathematicians}, 
      author={Simon Frieder and Julius Berner and Philipp Petersen and Thomas Lukasiewicz},
      year={2024},
      eprint={2312.04556},
      archivePrefix={arXiv},
      primaryClass={cs.CL}
}

@article{opro,
  title={Large language models as optimizers},
  author={Yang, Chengrun and Wang, Xuezhi and Lu, Yifeng and Liu, Hanxiao and Le, Quoc V and Zhou, Denny and Chen, Xinyun},
  journal={arXiv preprint arXiv:2309.03409},
  year={2023}
}



@misc{chen2024exploring,
      title={Exploring the Potential of Large Language Models (LLMs) in Learning on Graphs}, 
      author={Zhikai Chen and Haitao Mao and Hang Li and Wei Jin and Hongzhi Wen and Xiaochi Wei and Shuaiqiang Wang and Dawei Yin and Wenqi Fan and Hui Liu and Jiliang Tang},
      year={2024},
      eprint={2307.03393},
      archivePrefix={arXiv},
      primaryClass={cs.LG}
}

@misc{
zhao2024graphtext,
title={GraphText: Graph Learning in Text Space},
author={Jianan Zhao and Le Zhuo and Yikang Shen and Meng Qu and Kai Liu and Michael M. Bronstein and Zhaocheng Zhu and Jian Tang},
year={2024},
url={https://openreview.net/forum?id=dbcWzalk6G}
}

@inproceedings{
hu2022lora,
title={Lo{RA}: Low-Rank Adaptation of Large Language Models},
author={Edward J Hu and yelong shen and Phillip Wallis and Zeyuan Allen-Zhu and Yuanzhi Li and Shean Wang and Lu Wang and Weizhu Chen},
booktitle={International Conference on Learning Representations},
year={2022},
url={https://openreview.net/forum?id=nZeVKeeFYf9}
}


@article{wei2022chain_of_thaught,
  title={Chain-of-Thought Prompting Elicits Reasoning in Large Language Models},
  author={Wei, Jason and Wang, Xuezhi and Schuurmans, Dale and Bosma, Maarten and Ichter, Brian and Xia, Fei and Chi, Ed H. and Le, Quoc V. and Zhou, Denny},
  journal={Google Research, Brain Team},
  year={2022},
  email={jasonwei, dennyzhou@google.com}
}

@misc{abdin2024phi3,
      title={Phi-3 Technical Report: A Highly Capable Language Model Locally on Your Phone}, 
      author={Marah Abdin and Sam Ade Jacobs and Ammar Ahmad Awan and Jyoti Aneja and Ahmed Awadallah and Hany Awadalla and Nguyen Bach and Amit Bahree and Arash Bakhtiari and Jianmin Bao and Harkirat Behl and Alon Benhaim and Misha Bilenko and Johan Bjorck and Sébastien Bubeck and Qin Cai and Martin Cai and Caio César Teodoro Mendes and Weizhu Chen and Vishrav Chaudhary and Dong Chen and Dongdong Chen and Yen-Chun Chen and Yi-Ling Chen and Parul Chopra and Xiyang Dai and Allie Del Giorno and Gustavo de Rosa and Matthew Dixon and Ronen Eldan and Victor Fragoso and Dan Iter and Mei Gao and Min Gao and Jianfeng Gao and Amit Garg and Abhishek Goswami and Suriya Gunasekar and Emman Haider and Junheng Hao and Russell J. Hewett and Jamie Huynh and Mojan Javaheripi and Xin Jin and Piero Kauffmann and Nikos Karampatziakis and Dongwoo Kim and Mahoud Khademi and Lev Kurilenko and James R. Lee and Yin Tat Lee and Yuanzhi Li and Yunsheng Li and Chen Liang and Lars Liden and Ce Liu and Mengchen Liu and Weishung Liu and Eric Lin and Zeqi Lin and Chong Luo and Piyush Madan and Matt Mazzola and Arindam Mitra and Hardik Modi and Anh Nguyen and Brandon Norick and Barun Patra and Daniel Perez-Becker and Thomas Portet and Reid Pryzant and Heyang Qin and Marko Radmilac and Corby Rosset and Sambudha Roy and Olatunji Ruwase and Olli Saarikivi and Amin Saied and Adil Salim and Michael Santacroce and Shital Shah and Ning Shang and Hiteshi Sharma and Swadheen Shukla and Xia Song and Masahiro Tanaka and Andrea Tupini and Xin Wang and Lijuan Wang and Chunyu Wang and Yu Wang and Rachel Ward and Guanhua Wang and Philipp Witte and Haiping Wu and Michael Wyatt and Bin Xiao and Can Xu and Jiahang Xu and Weijian Xu and Sonali Yadav and Fan Yang and Jianwei Yang and Ziyi Yang and Yifan Yang and Donghan Yu and Lu Yuan and Chengruidong Zhang and Cyril Zhang and Jianwen Zhang and Li Lyna Zhang and Yi Zhang and Yue Zhang and Yunan Zhang and Xiren Zhou},
      year={2024},
      eprint={2404.14219},
      archivePrefix={arXiv},
      primaryClass={cs.CL}
}


@inproceedings{SelfJSP,
    title = {Self-Labeling the Job Shop Scheduling Problem},
    booktitle = {Self-Labeling the Job Shop Scheduling Problem},
    author = {Corsini, Andrea and Porrello, Angelo and Calderara, Simone and Dell'Amico, Mauro},
    year={2024},
    publisher={Arxiv},
}


@misc{huggingface_finetuning,
  author       = {Microsoft},
  title        = {Sample Fine-Tuning Script},
  howpublished = {\url{https://huggingface.co/microsoft/Phi-3-mini-4k-instruct/blob/main/sample_finetune.py}},
}



@incollection{FT06,
  author = {Henry Fisher and Gerald L. Thompson},
  title = {Probabilistic Learning Combinations of Local Job-Shop Scheduling Rules},
  booktitle = {Industrial Scheduling},
  editor = {John F. Muth and Gerald L. Thompson},
  publisher = {Prentice-Hall},
  address = {Englewood Cliffs, {NJ}, {USA}},
  year = {1963},
  chapter = {3.2},
  pages = {225--251}
}



@misc{huggingface_chat_templating,
  author       = {Hugging Face},
  title        = {Templates for Chat Models},
  howpublished = {\url{https://huggingface.co/docs/transformers/en/chat_templating}},
  
}


@misc{llama3modelcard,
  author       = {Meta AI},
  title        = {Llama 3 Model Card},
  year         = {2024},
  url          = {https://github.com/meta-llama/llama3/blob/main/MODEL_CARD.md},
  note         = {Accessed: 2024-08-10}
}




@article{pdrs,
author = {Veronique Sels, Nele Gheysen and Mario Vanhoucke},
title = {A comparison of priority rules for the job shop scheduling problem under different flow time- and tardiness-related objective functions},
journal = {International Journal of Production Research},
volume = {50},
number = {15},
pages = {4255--4270},
year = {2012},
publisher = {Taylor \& Francis},
doi = {10.1080/00207543.2011.611539},


URL = { 
    
        https://doi.org/10.1080/00207543.2011.611539
    
    

},
eprint = { 
    
        https://doi.org/10.1080/00207543.2011.611539
 

}

}


@inproceedings{huang2022language,
  title = {Language Models as Zero-Shot Planners: Extracting Actionable Knowledge for Embodied Agents},
  author = {Huang, Wenlong and Abbeel, Pieter and Pathak, Deepak and Mordatch, Igor},
  booktitle = {Proceedings of the International Conference on Machine Learning},
  year = {2022},
  organization = {PMLR},
  institution = {1University of California, Berkeley, 2Carnegie Mellon University, 3Google Brain}
}

@inproceedings{valmeekam2022large,
  title = {Large Language Models Still Can’t Plan: A Benchmark for LLMs on Planning and Reasoning about Change},
  author = {Valmeekam, Karthik and Olmo, Alberto and Sreedharan, Sarath and Kambhampati, Subbarao},
  booktitle = {NeurIPS 2022 Foundation Models for Decision Making Workshop},
  year = {2022},
  url = {https://openreview.net/forum?id=wUU-7XTL5XO}
}

@misc{chen2024exploringpotentiallargelanguage,
      title={Exploring the Potential of Large Language Models (LLMs) in Learning on Graphs}, 
      author={Zhikai Chen and Haitao Mao and Hang Li and Wei Jin and Hongzhi Wen and Xiaochi Wei and Shuaiqiang Wang and Dawei Yin and Wenqi Fan and Hui Liu and Jiliang Tang},
      year={2024},
      eprint={2307.03393},
      archivePrefix={arXiv},
      primaryClass={cs.LG},
      url={https://arxiv.org/abs/2307.03393}, 
}


@misc{kalajdzievski2023rankstabilizationscalingfactor,
      title={A Rank Stabilization Scaling Factor for Fine-Tuning with LoRA}, 
      author={Damjan Kalajdzievski},
      year={2023},
      eprint={2312.03732},
      archivePrefix={arXiv},
      primaryClass={cs.CL},
      url={https://arxiv.org/abs/2312.03732}, 
}


@misc{unslothai_unsloth,
  author       = {Unsloth AI},
  title        = {Unsloth: Accelerated Fine-Tuning for Large Language Models},
  year         = {2024},
  url          = {https://github.com/unslothai/unsloth},
  note         = {Accessed: 2024-11-19}
}


@misc{gerganov2023llama,
  author = {Georgi Gerganov},
  title = {llama.cpp: LLM inference in C/C++},
  year = {2023},
  howpublished = {\url{https://github.com/ggerganov/llama.cpp}},
}

@misc{dai2024gpu,
  author       = {Xiongjie Dai},
  title        = {GPU-Benchmarks-on-LLM-Inference},
  year         = {2024},
  howpublished = {\url{https://github.com/XiongjieDai/GPU-Benchmarks-on-LLM-Inference}}}