@inproceedings{bai2024aligning,
  title={Aligning Large Language Model with Direct Multi-Preference Optimization for Recommendation},
  author={Bai, Zhuoxi and Wu, Ning and Cai, Fengyu and Zhu, Xinyi and Xiong, Yun},
  booktitle={Proceedings of the 33rd ACM International Conference on Information and Knowledge Management},
  pages={76--86},
  year={2024}
}

@inproceedings{bao2023tallrec,
  title={Tallrec: An effective and efficient tuning framework to align large language model with recommendation},
  author={Bao, Keqin and Zhang, Jizhi and Zhang, Yang and Wang, Wenjie and Feng, Fuli and He, Xiangnan},
  booktitle={Proceedings of the 17th ACM Conference on Recommender Systems},
  pages={1007--1014},
  year={2023}
}

@article{cai2024flow,
  title={FLOW: A Feedback LOop FrameWork for Simultaneously Enhancing Recommendation and User Agents},
  author={Cai, Shihao and Zhang, Jizhi and Bao, Keqin and Gao, Chongming and Feng, Fuli},
  journal={arXiv preprint arXiv:2410.20027},
  year={2024}
}

@article{deldjoo2024understanding,
  title={Understanding biases in chatgpt-based recommender systems: Provider fairness, temporal stability, and recency},
  author={Deldjoo, Yashar},
  journal={ACM Transactions on Recommender Systems},
  year={2024},
  publisher={ACM New York, NY}
}

@article{friedman2023leveraging,
  title={Leveraging large language models in conversational recommender systems},
  author={Friedman, Luke and Ahuja, Sameer and Allen, David and Tan, Zhenning and Sidahmed, Hakim and Long, Changbo and Xie, Jun and Schubiner, Gabriel and Patel, Ajay and Lara, Harsh and others},
  journal={arXiv preprint arXiv:2305.07961},
  year={2023}
}

@article{gao2024sprec,
  title={SPRec: Leveraging Self-Play to Debias Preference Alignment for Large Language Model-based Recommendations},
  author={Gao, Chongming and Chen, Ruijun and Yuan, Shuai and Huang, Kexin and Yu, Yuanqing and He, Xiangnan},
  journal={arXiv preprint arXiv:2412.09243},
  year={2024}
}

@article{huang2023recommender,
  title={Recommender ai agent: Integrating large language models for interactive recommendations},
  author={Huang, Xu and Lian, Jianxun and Lei, Yuxuan and Yao, Jing and Lian, Defu and Xie, Xing},
  journal={arXiv preprint arXiv:2308.16505},
  year={2023}
}

@inproceedings{jiang2024item,
  title={Item-side Fairness of Large Language Model-based Recommendation System},
  author={Jiang, Meng and Bao, Keqin and Zhang, Jizhi and Wang, Wenjie and Yang, Zhengyi and Feng, Fuli and He, Xiangnan},
  booktitle={Proceedings of the ACM on Web Conference 2024},
  pages={4717--4726},
  year={2024}
}

@article{kim2024stop,
  title={Stop Playing the Guessing Game! Target-free User Simulation for Evaluating Conversational Recommender Systems},
  author={Kim, Sunghwan and Kim, Tongyoung and Seo, Kwangwook and Yeo, Jinyoung and Lee, Dongha},
  journal={arXiv preprint arXiv:2411.16160},
  year={2024}
}

@article{lichtenberg2024large,
  title={Large language models as recommender systems: A study of popularity bias},
  author={Lichtenberg, Jan Malte and Buchholz, Alexander and Schw{\"o}bel, Pola},
  journal={arXiv preprint arXiv:2406.01285},
  year={2024}
}

@article{ortega2024evaluating,
  title={Evaluating zero-shot large language models recommenders on popularity bias and unfairness: a comparative approach to traditional algorithms},
  author={Ortega, Gustavo Mendon{\c{c}}a and Souza, Rodrigo Ferrari de and Manzato, Marcelo Garcia},
  journal={Anais Estendidos},
  year={2024}
}

@inproceedings{petruzzelli2024instructing,
  title={Instructing and prompting large language models for explainable cross-domain recommendations},
  author={Petruzzelli, Alessandro and Musto, Cataldo and Laraspata, Lucrezia and Rinaldi, Ivan and de Gemmis, Marco and Lops, Pasquale and Semeraro, Giovanni},
  booktitle={Proceedings of the 18th ACM Conference on Recommender Systems},
  pages={298--308},
  year={2024}
}

@article{shen2024exploring,
  title={Exploring User Retrieval Integration towards Large Language Models for Cross-Domain Sequential Recommendation},
  author={Shen, Tingjia and Wang, Hao and Zhang, Jiaqing and Zhao, Sirui and Li, Liangyue and Chen, Zulong and Lian, Defu and Chen, Enhong},
  journal={arXiv preprint arXiv:2406.03085},
  year={2024}
}

@inproceedings{shi2024large,
  title={Large language models are learnable planners for long-term recommendation},
  author={Shi, Wentao and He, Xiangnan and Zhang, Yang and Gao, Chongming and Li, Xinyue and Zhang, Jizhi and Wang, Qifan and Feng, Fuli},
  booktitle={Proceedings of the 47th International ACM SIGIR Conference on Research and Development in Information Retrieval},
  pages={1893--1903},
  year={2024}
}

@article{shu2024rah,
  title={RAH! RecSys--Assistant--Human: A Human-Centered Recommendation Framework With LLM Agents},
  author={Shu, Yubo and Zhang, Haonan and Gu, Hansu and Zhang, Peng and Lu, Tun and Li, Dongsheng and Gu, Ning},
  journal={IEEE Transactions on Computational Social Systems},
  year={2024},
  publisher={IEEE}
}

@article{tang2023one,
  title={One model for all: Large language models are domain-agnostic recommendation systems},
  author={Tang, Zuoli and Huan, Zhaoxin and Li, Zihao and Zhang, Xiaolu and Hu, Jun and Fu, Chilin and Zhou, Jun and Li, Chenliang},
  journal={arXiv preprint arXiv:2310.14304},
  year={2023}
}

@article{vajjala2024cross,
  title={Cross-Domain Recommendation Meets Large Language Models},
  author={Vajjala, Ajay Krishna and Meher, Dipak and Zhu, Ziwei and Rosenblum, David S},
  journal={arXiv preprint arXiv:2411.19862},
  year={2024}
}

@article{wang2023recmind,
  title={Recmind: Large language model powered agent for recommendation},
  author={Wang, Yancheng and Jiang, Ziyan and Chen, Zheng and Yang, Fan and Zhou, Yingxue and Cho, Eunah and Fan, Xing and Huang, Xiaojiang and Lu, Yanbin and Yang, Yingzhen},
  journal={arXiv preprint arXiv:2308.14296},
  year={2023}
}

@article{wang2023rethinking,
  title={Rethinking the evaluation for conversational recommendation in the era of large language models},
  author={Wang, Xiaolei and Tang, Xinyu and Zhao, Wayne Xin and Wang, Jingyuan and Wen, Ji-Rong},
  journal={arXiv preprint arXiv:2305.13112},
  year={2023}
}

@article{wang2024multi,
  title={Multi-Agent Collaboration Framework for Recommender Systems},
  author={Wang, Zhefan and Yu, Yuanqing and Zheng, Wendi and Ma, Weizhi and Zhang, Min},
  journal={arXiv preprint arXiv:2402.15235},
  year={2024}
}

@article{wang2024user,
  title={User Behavior Simulation with Large Language Model-based Agents for Recommender Systems},
  author={Wang, Lei and Zhang, Jingsen and Yang, Hao and Chen, Zhi-Yuan and Tang, Jiakai and Zhang, Zeyu and Chen, Xu and Lin, Yankai and Sun, Hao and Song, Ruihua and others},
  journal={ACM Transactions on Information Systems},
  year={2024},
  publisher={ACM New York, NY}
}

@article{zhang2023recommendation,
  title={Recommendation as instruction following: A large language model empowered recommendation approach},
  author={Zhang, Junjie and Xie, Ruobing and Hou, Yupeng and Zhao, Xin and Lin, Leyu and Wen, Ji-Rong},
  journal={ACM Transactions on Information Systems},
  year={2023},
  publisher={ACM New York, NY}
}

@inproceedings{zhang2024agentcf,
  title={Agentcf: Collaborative learning with autonomous language agents for recommender systems},
  author={Zhang, Junjie and Hou, Yupeng and Xie, Ruobing and Sun, Wenqi and McAuley, Julian and Zhao, Wayne Xin and Lin, Leyu and Wen, Ji-Rong},
  booktitle={Proceedings of the ACM on Web Conference 2024},
  pages={3679--3689},
  year={2024}
}

@inproceedings{zhang2024generative,
  title={On generative agents in recommendation},
  author={Zhang, An and Chen, Yuxin and Sheng, Leheng and Wang, Xiang and Chua, Tat-Seng},
  booktitle={Proceedings of the 47th international ACM SIGIR conference on research and development in Information Retrieval},
  pages={1807--1817},
  year={2024}
}

@article{zhang2024llm,
  title={LLM-Powered User Simulator for Recommender System},
  author={Zhang, Zijian and Liu, Shuchang and Liu, Ziru and Zhong, Rui and Cai, Qingpeng and Zhao, Xiangyu and Zhang, Chunxu and Liu, Qidong and Jiang, Peng},
  journal={arXiv preprint arXiv:2412.16984},
  year={2024}
}

@article{zhang2024prospect,
  title={Prospect Personalized Recommendation on Large Language Model-based Agent Platform},
  author={Zhang, Jizhi and Bao, Keqin and Wang, Wenjie and Zhang, Yang and Shi, Wentao and Xu, Wanhong and Feng, Fuli and Chua, Tat-Seng},
  journal={arXiv preprint arXiv:2402.18240},
  year={2024}
}

@inproceedings{zhao2024let,
  title={Let me do it for you: Towards llm empowered recommendation via tool learning},
  author={Zhao, Yuyue and Wu, Jiancan and Wang, Xiang and Tang, Wei and Wang, Dingxian and de Rijke, Maarten},
  booktitle={Proceedings of the 47th International ACM SIGIR Conference on Research and Development in Information Retrieval},
  pages={1796--1806},
  year={2024}
}

@article{zhu2024llm,
  title={A LLM-based Controllable, Scalable, Human-Involved User Simulator Framework for Conversational Recommender Systems},
  author={Zhu, Lixi and Huang, Xiaowen and Sang, Jitao},
  journal={arXiv preprint arXiv:2405.08035},
  year={2024}
}

@inproceedings{zhu2024reliable,
  title={How Reliable is Your Simulator? Analysis on the Limitations of Current LLM-based User Simulators for Conversational Recommendation},
  author={Zhu, Lixi and Huang, Xiaowen and Sang, Jitao},
  booktitle={Companion Proceedings of the ACM on Web Conference 2024},
  pages={1726--1732},
  year={2024}
}

