@article{zhao2023survey,
  title={A survey of large language models},
  author={Zhao, Wayne Xin and Zhou, Kun and Li, Junyi and Tang, Tianyi and Wang, Xiaolei and Hou, Yupeng and Min, Yingqian and Zhang, Beichen and Zhang, Junjie and Dong, Zican and others},
  journal={arXiv preprint arXiv:2303.18223},
  year={2023}
}

@article{wang2024survey,
  title={A survey on large language model based autonomous agents},
  author={Wang, Lei and Ma, Chen and Feng, Xueyang and Zhang, Zeyu and Yang, Hao and Zhang, Jingsen and Chen, Zhiyuan and Tang, Jiakai and Chen, Xu and Lin, Yankai and others},
  journal={Frontiers of Computer Science},
  volume={18},
  number={6},
  pages={186345},
  year={2024},
  publisher={Springer}
}

@article{zhang2024survey,
  title={A survey on the memory mechanism of large language model based agents},
  author={Zhang, Zeyu and Bo, Xiaohe and Ma, Chen and Li, Rui and Chen, Xu and Dai, Quanyu and Zhu, Jieming and Dong, Zhenhua and Wen, Ji-Rong},
  journal={arXiv preprint arXiv:2404.13501},
  year={2024}
}

@article{yuan2024easytool,
  title={Easytool: Enhancing llm-based agents with concise tool instruction},
  author={Yuan, Siyu and Song, Kaitao and Chen, Jiangjie and Tan, Xu and Shen, Yongliang and Kan, Ren and Li, Dongsheng and Yang, Deqing},
  journal={arXiv preprint arXiv:2401.06201},
  year={2024}
}

@article{huang2024understanding,
  title={Understanding the planning of LLM agents: A survey},
  author={Huang, Xu and Liu, Weiwen and Chen, Xiaolong and Wang, Xingmei and Wang, Hao and Lian, Defu and Wang, Yasheng and Tang, Ruiming and Chen, Enhong},
  journal={arXiv preprint arXiv:2402.02716},
  year={2024}
}

@inproceedings{park2023generative,
  title={Generative agents: Interactive simulacra of human behavior},
  author={Park, Joon Sung and O'Brien, Joseph and Cai, Carrie Jun and Morris, Meredith Ringel and Liang, Percy and Bernstein, Michael S},
  booktitle={Proceedings of the 36th annual acm symposium on user interface software and technology},
  pages={1--22},
  year={2023}
}

@article{wang2024user,
  title={User Behavior Simulation with Large Language Model-based Agents for Recommender Systems},
  author={Wang, Lei and Zhang, Jingsen and Yang, Hao and Chen, Zhi-Yuan and Tang, Jiakai and Zhang, Zeyu and Chen, Xu and Lin, Yankai and Sun, Hao and Song, Ruihua and others},
  journal={ACM Transactions on Information Systems},
  year={2024},
  publisher={ACM New York, NY}
}

@inproceedings{zhang2024generative,
  title={On generative agents in recommendation},
  author={Zhang, An and Chen, Yuxin and Sheng, Leheng and Wang, Xiang and Chua, Tat-Seng},
  booktitle={Proceedings of the 47th international ACM SIGIR conference on research and development in Information Retrieval},
  pages={1807--1817},
  year={2024}
}

@inproceedings{zhang2024agentcf,
  title={Agentcf: Collaborative learning with autonomous language agents for recommender systems},
  author={Zhang, Junjie and Hou, Yupeng and Xie, Ruobing and Sun, Wenqi and McAuley, Julian and Zhao, Wayne Xin and Lin, Leyu and Wen, Ji-Rong},
  booktitle={Proceedings of the ACM on Web Conference 2024},
  pages={3679--3689},
  year={2024}
}

@article{shu2024rah,
  title={RAH! RecSys--Assistant--Human: A Human-Centered Recommendation Framework With LLM Agents},
  author={Shu, Yubo and Zhang, Haonan and Gu, Hansu and Zhang, Peng and Lu, Tun and Li, Dongsheng and Gu, Ning},
  journal={IEEE Transactions on Computational Social Systems},
  year={2024},
  publisher={IEEE}
}

@article{cai2024flow,
  title={FLOW: A Feedback LOop FrameWork for Simultaneously Enhancing Recommendation and User Agents},
  author={Cai, Shihao and Zhang, Jizhi and Bao, Keqin and Gao, Chongming and Feng, Fuli},
  journal={arXiv preprint arXiv:2410.20027},
  year={2024}
}

@article{zhang2024llm,
  title={LLM-Powered User Simulator for Recommender System},
  author={Zhang, Zijian and Liu, Shuchang and Liu, Ziru and Zhong, Rui and Cai, Qingpeng and Zhao, Xiangyu and Zhang, Chunxu and Liu, Qidong and Jiang, Peng},
  journal={arXiv preprint arXiv:2412.16984},
  year={2024}
}

@incollection{ricci2010introduction,
  title={Introduction to recommender systems handbook},
  author={Ricci, Francesco and Rokach, Lior and Shapira, Bracha},
  booktitle={Recommender systems handbook},
  pages={1--35},
  year={2010},
  publisher={Springer}
}

@article{shani2011evaluating,
  title={Evaluating recommendation systems},
  author={Shani, Guy and Gunawardana, Asela},
  journal={Recommender systems handbook},
  pages={257--297},
  year={2011},
  publisher={Springer}
}

@article{zhang2024simulating,
  title={Simulating News Recommendation Ecosystems for Insights and Implications},
  author={Zhang, Guangping and Li, Dongsheng and Gu, Hansu and Lu, Tun and Shang, Li and Gu, Ning},
  journal={IEEE Transactions on Computational Social Systems},
  year={2024},
  publisher={IEEE}
}

@inproceedings{shi2024large,
  title={Large language models are learnable planners for long-term recommendation},
  author={Shi, Wentao and He, Xiangnan and Zhang, Yang and Gao, Chongming and Li, Xinyue and Zhang, Jizhi and Wang, Qifan and Feng, Fuli},
  booktitle={Proceedings of the 47th International ACM SIGIR Conference on Research and Development in Information Retrieval},
  pages={1893--1903},
  year={2024}
}

@article{zhang2023recommendation,
  title={Recommendation as instruction following: A large language model empowered recommendation approach},
  author={Zhang, Junjie and Xie, Ruobing and Hou, Yupeng and Zhao, Xin and Lin, Leyu and Wen, Ji-Rong},
  journal={ACM Transactions on Information Systems},
  year={2023},
  publisher={ACM New York, NY}
}

@article{huang2023recommender,
  title={Recommender ai agent: Integrating large language models for interactive recommendations},
  author={Huang, Xu and Lian, Jianxun and Lei, Yuxuan and Yao, Jing and Lian, Defu and Xie, Xing},
  journal={arXiv preprint arXiv:2308.16505},
  year={2023}
}

@article{wang2023recmind,
  title={Recmind: Large language model powered agent for recommendation},
  author={Wang, Yancheng and Jiang, Ziyan and Chen, Zheng and Yang, Fan and Zhou, Yingxue and Cho, Eunah and Fan, Xing and Huang, Xiaojiang and Lu, Yanbin and Yang, Yingzhen},
  journal={arXiv preprint arXiv:2308.14296},
  year={2023}
}

@article{wang2024multi,
  title={Multi-Agent Collaboration Framework for Recommender Systems},
  author={Wang, Zhefan and Yu, Yuanqing and Zheng, Wendi and Ma, Weizhi and Zhang, Min},
  journal={arXiv preprint arXiv:2402.15235},
  year={2024}
}

@inproceedings{zhao2024let,
  title={Let me do it for you: Towards llm empowered recommendation via tool learning},
  author={Zhao, Yuyue and Wu, Jiancan and Wang, Xiang and Tang, Wei and Wang, Dingxian and de Rijke, Maarten},
  booktitle={Proceedings of the 47th International ACM SIGIR Conference on Research and Development in Information Retrieval},
  pages={1796--1806},
  year={2024}
}

@article{zhang2024prospect,
  title={Prospect Personalized Recommendation on Large Language Model-based Agent Platform},
  author={Zhang, Jizhi and Bao, Keqin and Wang, Wenjie and Zhang, Yang and Shi, Wentao and Xu, Wanhong and Feng, Fuli and Chua, Tat-Seng},
  journal={arXiv preprint arXiv:2402.18240},
  year={2024}
}

@article{zhu2024llm,
  title={A LLM-based Controllable, Scalable, Human-Involved User Simulator Framework for Conversational Recommender Systems},
  author={Zhu, Lixi and Huang, Xiaowen and Sang, Jitao},
  journal={arXiv preprint arXiv:2405.08035},
  year={2024}
}

@inproceedings{zhu2024reliable,
  title={How Reliable is Your Simulator? Analysis on the Limitations of Current LLM-based User Simulators for Conversational Recommendation},
  author={Zhu, Lixi and Huang, Xiaowen and Sang, Jitao},
  booktitle={Companion Proceedings of the ACM on Web Conference 2024},
  pages={1726--1732},
  year={2024}
}

@article{kim2024stop,
  title={Stop Playing the Guessing Game! Target-free User Simulation for Evaluating Conversational Recommender Systems},
  author={Kim, Sunghwan and Kim, Tongyoung and Seo, Kwangwook and Yeo, Jinyoung and Lee, Dongha},
  journal={arXiv preprint arXiv:2411.16160},
  year={2024}
}

@article{friedman2023leveraging,
  title={Leveraging large language models in conversational recommender systems},
  author={Friedman, Luke and Ahuja, Sameer and Allen, David and Tan, Zhenning and Sidahmed, Hakim and Long, Changbo and Xie, Jun and Schubiner, Gabriel and Patel, Ajay and Lara, Harsh and others},
  journal={arXiv preprint arXiv:2305.07961},
  year={2023}
}

@article{wang2023rethinking,
  title={Rethinking the evaluation for conversational recommendation in the era of large language models},
  author={Wang, Xiaolei and Tang, Xinyu and Zhao, Wayne Xin and Wang, Jingyuan and Wen, Ji-Rong},
  journal={arXiv preprint arXiv:2305.13112},
  year={2023}
}

@inproceedings{bao2023tallrec,
  title={Tallrec: An effective and efficient tuning framework to align large language model with recommendation},
  author={Bao, Keqin and Zhang, Jizhi and Zhang, Yang and Wang, Wenjie and Feng, Fuli and He, Xiangnan},
  booktitle={Proceedings of the 17th ACM Conference on Recommender Systems},
  pages={1007--1014},
  year={2023}
}

@inproceedings{bai2024aligning,
  title={Aligning Large Language Model with Direct Multi-Preference Optimization for Recommendation},
  author={Bai, Zhuoxi and Wu, Ning and Cai, Fengyu and Zhu, Xinyi and Xiong, Yun},
  booktitle={Proceedings of the 33rd ACM International Conference on Information and Knowledge Management},
  pages={76--86},
  year={2024}
}

@article{shen2024exploring,
  title={Exploring User Retrieval Integration towards Large Language Models for Cross-Domain Sequential Recommendation},
  author={Shen, Tingjia and Wang, Hao and Zhang, Jiaqing and Zhao, Sirui and Li, Liangyue and Chen, Zulong and Lian, Defu and Chen, Enhong},
  journal={arXiv preprint arXiv:2406.03085},
  year={2024}
}

@article{vajjala2024cross,
  title={Cross-Domain Recommendation Meets Large Language Models},
  author={Vajjala, Ajay Krishna and Meher, Dipak and Zhu, Ziwei and Rosenblum, David S},
  journal={arXiv preprint arXiv:2411.19862},
  year={2024}
}

@inproceedings{petruzzelli2024instructing,
  title={Instructing and prompting large language models for explainable cross-domain recommendations},
  author={Petruzzelli, Alessandro and Musto, Cataldo and Laraspata, Lucrezia and Rinaldi, Ivan and de Gemmis, Marco and Lops, Pasquale and Semeraro, Giovanni},
  booktitle={Proceedings of the 18th ACM Conference on Recommender Systems},
  pages={298--308},
  year={2024}
}

@article{tang2023one,
  title={One model for all: Large language models are domain-agnostic recommendation systems},
  author={Tang, Zuoli and Huan, Zhaoxin and Li, Zihao and Zhang, Xiaolu and Hu, Jun and Fu, Chilin and Zhou, Jun and Li, Chenliang},
  journal={arXiv preprint arXiv:2310.14304},
  year={2023}
}

@inproceedings{jiang2024item,
  title={Item-side Fairness of Large Language Model-based Recommendation System},
  author={Jiang, Meng and Bao, Keqin and Zhang, Jizhi and Wang, Wenjie and Yang, Zhengyi and Feng, Fuli and He, Xiangnan},
  booktitle={Proceedings of the ACM on Web Conference 2024},
  pages={4717--4726},
  year={2024}
}

@article{lichtenberg2024large,
  title={Large language models as recommender systems: A study of popularity bias},
  author={Lichtenberg, Jan Malte and Buchholz, Alexander and Schw{\"o}bel, Pola},
  journal={arXiv preprint arXiv:2406.01285},
  year={2024}
}

@article{gao2024sprec,
  title={SPRec: Leveraging Self-Play to Debias Preference Alignment for Large Language Model-based Recommendations},
  author={Gao, Chongming and Chen, Ruijun and Yuan, Shuai and Huang, Kexin and Yu, Yuanqing and He, Xiangnan},
  journal={arXiv preprint arXiv:2412.09243},
  year={2024}
}

@article{ortega2024evaluating,
  title={Evaluating zero-shot large language models recommenders on popularity bias and unfairness: a comparative approach to traditional algorithms},
  author={Ortega, Gustavo Mendon{\c{c}}a and Souza, Rodrigo Ferrari de and Manzato, Marcelo Garcia},
  journal={Anais Estendidos},
  year={2024}
}

@article{deldjoo2024understanding,
  title={Understanding biases in chatgpt-based recommender systems: Provider fairness, temporal stability, and recency},
  author={Deldjoo, Yashar},
  journal={ACM Transactions on Recommender Systems},
  year={2024},
  publisher={ACM New York, NY}
}

@article{zang2022survey,
  title={A survey on cross-domain recommendation: taxonomies, methods, and future directions},
  author={Zang, Tianzi and Zhu, Yanmin and Liu, Haobing and Zhang, Ruohan and Yu, Jiadi},
  journal={ACM Transactions on Information Systems},
  volume={41},
  number={2},
  pages={1--39},
  year={2022},
  publisher={ACM New York, NY}
}

@article{ge2024survey,
  title={A survey on trustworthy recommender systems},
  author={Ge, Yingqiang and Liu, Shuchang and Fu, Zuohui and Tan, Juntao and Li, Zelong and Xu, Shuyuan and Li, Yunqi and Xian, Yikun and Zhang, Yongfeng},
  journal={ACM Transactions on Recommender Systems},
  volume={3},
  number={2},
  pages={1--68},
  year={2024},
  publisher={ACM New York, NY}
}

@article{chen2023bias,
  title={Bias and debias in recommender system: A survey and future directions},
  author={Chen, Jiawei and Dong, Hande and Wang, Xiang and Feng, Fuli and Wang, Meng and He, Xiangnan},
  journal={ACM Transactions on Information Systems},
  volume={41},
  number={3},
  pages={1--39},
  year={2023},
  publisher={ACM New York, NY}
}

@inproceedings{zhang2021cope,
  title={Cope: Modeling continuous propagation and evolution on interaction graph},
  author={Zhang, Yao and Xiong, Yun and Li, Dongsheng and Shan, Caihua and Ren, Kan and Zhu, Yangyong},
  booktitle={Proceedings of the 30th ACM International Conference on Information \& Knowledge Management},
  pages={2627--2636},
  year={2021}
}

@article{huang2006herding,
  title={Herding in online product choice},
  author={Huang, Jen-Hung and Chen, Yi-Fen},
  journal={Psychology \& Marketing},
  volume={23},
  number={5},
  pages={413--428},
  year={2006},
  publisher={Wiley Online Library}
}

@article{shinn2024reflexion,
  title={Reflexion: Language agents with verbal reinforcement learning},
  author={Shinn, Noah and Cassano, Federico and Gopinath, Ashwin and Narasimhan, Karthik and Yao, Shunyu},
  journal={Advances in Neural Information Processing Systems},
  volume={36},
  year={2024}
}

@article{madaan2024self,
  title={Self-refine: Iterative refinement with self-feedback},
  author={Madaan, Aman and Tandon, Niket and Gupta, Prakhar and Hallinan, Skyler and Gao, Luyu and Wiegreffe, Sarah and Alon, Uri and Dziri, Nouha and Prabhumoye, Shrimai and Yang, Yiming and others},
  journal={Advances in Neural Information Processing Systems},
  volume={36},
  year={2024}
}

@article{pan2023automatically,
  title={Automatically correcting large language models: Surveying the landscape of diverse self-correction strategies},
  author={Pan, Liangming and Saxon, Michael and Xu, Wenda and Nathani, Deepak and Wang, Xinyi and Wang, William Yang},
  journal={arXiv preprint arXiv:2308.03188},
  year={2023}
}

@article{hou2024bridging,
  title={Bridging language and items for retrieval and recommendation},
  author={Hou, Yupeng and Li, Jiacheng and He, Zhankui and Yan, An and Chen, Xiusi and McAuley, Julian},
  journal={arXiv preprint arXiv:2403.03952},
  year={2024}
}

@article{rendle2012bpr,
  title={BPR: Bayesian personalized ranking from implicit feedback},
  author={Rendle, Steffen and Freudenthaler, Christoph and Gantner, Zeno and Schmidt-Thieme, Lars},
  journal={arXiv preprint arXiv:1205.2618},
  year={2012}
}

@inproceedings{kang2018self,
  title={Self-attentive sequential recommendation},
  author={Kang, Wang-Cheng and McAuley, Julian},
  booktitle={2018 IEEE international conference on data mining (ICDM)},
  pages={197--206},
  year={2018},
  organization={IEEE}
}

@inproceedings{harte2023leveraging,
  title={Leveraging large language models for sequential recommendation},
  author={Harte, Jesse and Zorgdrager, Wouter and Louridas, Panos and Katsifodimos, Asterios and Jannach, Dietmar and Fragkoulis, Marios},
  booktitle={Proceedings of the 17th ACM Conference on Recommender Systems},
  pages={1096--1102},
  year={2023}
}

@inproceedings{hou2024large,
  title={Large language models are zero-shot rankers for recommender systems},
  author={Hou, Yupeng and Zhang, Junjie and Lin, Zihan and Lu, Hongyu and Xie, Ruobing and McAuley, Julian and Zhao, Wayne Xin},
  booktitle={European Conference on Information Retrieval},
  pages={364--381},
  year={2024},
  organization={Springer}
}

%%%%%%%%%%%%%%%%%%%%
@inproceedings{xia2022fire,
  title={FIRE: Fast incremental recommendation with graph signal processing},
  author={Xia, Jiafeng and Li, Dongsheng and Gu, Hansu and Liu, Jiahao and Lu, Tun and Gu, Ning},
  booktitle={Proceedings of the ACM Web Conference 2022},
  pages={2360--2369},
  year={2022}
}

@inproceedings{liu2023personalized,
  title={Personalized graph signal processing for collaborative filtering},
  author={Liu, Jiahao and Li, Dongsheng and Gu, Hansu and Lu, Tun and Zhang, Peng and Shang, Li and Gu, Ning},
  booktitle={Proceedings of the ACM Web Conference 2023},
  pages={1264--1272},
  year={2023}
}

@inproceedings{liu2023autoseqrec,
  title={Autoseqrec: Autoencoder for efficient sequential recommendation},
  author={Liu, Sijia and Liu, Jiahao and Gu, Hansu and Li, Dongsheng and Lu, Tun and Zhang, Peng and Gu, Ning},
  booktitle={Proceedings of the 32nd ACM International Conference on Information and Knowledge Management},
  pages={1493--1502},
  year={2023}
}

@article{liu2023recommendation,
  title={Recommendation unlearning via matrix correction},
  author={Liu, Jiahao and Li, Dongsheng and Gu, Hansu and Lu, Tun and Wu, Jiongran and Zhang, Peng and Shang, Li and Gu, Ning},
  journal={arXiv preprint arXiv:2307.15960},
  year={2023}
}

@inproceedings{liu2023triple,
  title={Triple structural information modelling for accurate, explainable and interactive recommendation},
  author={Liu, Jiahao and Li, Dongsheng and Gu, Hansu and Lu, Tun and Zhang, Peng and Shang, Li and Gu, Ning},
  booktitle={Proceedings of the 46th International ACM SIGIR Conference on Research and Development in Information Retrieval},
  pages={1086--1095},
  year={2023}
}

@article{liu2024filtering,
  title={Filtering Discomforting Recommendations with Large Language Models},
  author={Liu, Jiahao and Shao, Yiyang and Zhang, Peng and Li, Dongsheng and Gu, Hansu and Chen, Chao and Du, Longzhi and Lu, Tun and Gu, Ning},
  journal={arXiv preprint arXiv:2410.05411},
  year={2024}
}

@article{liu2022parameter,
  title={Parameter-free dynamic graph embedding for link prediction},
  author={Liu, Jiahao and Li, Dongsheng and Gu, Hansu and Lu, Tun and Zhang, Peng and Gu, Ning},
  journal={Advances in Neural Information Processing Systems},
  volume={35},
  pages={27623--27635},
  year={2022}
}