@misc{bardes2022vicreg,
      title={VICReg: Variance-Invariance-Covariance Regularization for Self-Supervised Learning}, 
      author={Adrien Bardes and Jean Ponce and Yann LeCun},
      year={2022},
      eprint={2105.04906},
      archivePrefix={arXiv},
      primaryClass={cs.CV},
      url={https://arxiv.org/abs/2105.04906}, 
}

@misc{caron2021swav,
      title={Unsupervised Learning of Visual Features by Contrasting Cluster Assignments}, 
      author={Mathilde Caron and Ishan Misra and Julien Mairal and Priya Goyal and Piotr Bojanowski and Armand Joulin},
      year={2021},
      eprint={2006.09882},
      archivePrefix={arXiv},
      primaryClass={cs.CV}
}

@misc{chen2020simclr,
      title={A Simple Framework for Contrastive Learning of Visual Representations}, 
      author={Ting Chen and Simon Kornblith and Mohammad Norouzi and Geoffrey Hinton},
      year={2020},
      eprint={2002.05709},
      archivePrefix={arXiv},
      primaryClass={cs.LG}
}

@misc{chen2020simsiam,
      title={Exploring Simple Siamese Representation Learning}, 
      author={Xinlei Chen and Kaiming He},
      year={2020},
      eprint={2011.10566},
      archivePrefix={arXiv},
      primaryClass={cs.CV}
}

@article{chen2022bagssl,
  title={Bag of Image Patch Embedding Behind the Success of Self-Supervised Learning},
  author={Chen, Yubei and Bardes, Adrien and Li, Zengyi and LeCun, Yann},
  journal={arXiv preprint arXiv:2206.08954},
  year={2022}
}

@misc{gomezvilla2022pfr,
      title={Continually Learning Self-Supervised Representations with Projected Functional Regularization}, 
      author={Alex Gomez-Villa and Bartlomiej Twardowski and Lu Yu and Andrew D. Bagdanov and Joost van de Weijer},
      year={2022},
      eprint={2112.15022},
      archivePrefix={arXiv},
      primaryClass={cs.CV}
}

@InProceedings{purushwalkam2022minred,
    author="Purushwalkam, Senthil
    and Morgado, Pedro
    and Gupta, Abhinav",
    editor="Avidan, Shai
    and Brostow, Gabriel
    and Ciss{\'e}, Moustapha
    and Farinella, Giovanni Maria
    and Hassner, Tal",
    title="The Challenges of Continuous Self-Supervised Learning",
    booktitle="Computer Vision -- ECCV 2022",
    year="2022",
    publisher="Springer Nature Switzerland",
    address="Cham",
    pages="702--721",
    isbn="978-3-031-19809-0"
    }

@inproceedings{rebuffi2017icarl,
  title={icarl: Incremental classifier and representation learning},
  author={Rebuffi, Sylvestre-Alvise and Kolesnikov, Alexander and Sperl, Georg and Lampert, Christoph H},
  booktitle={Proceedings of the IEEE conference on Computer Vision and Pattern Recognition},
  pages={2001--2010},
  year={2017}
}

@misc{soutifcormerais2023comprehensive,
      title={A Comprehensive Empirical Evaluation on Online Continual Learning}, 
      author={Albin Soutif--Cormerais and Antonio Carta and Andrea Cossu and Julio Hurtado and Hamed Hemati and Vincenzo Lomonaco and Joost Van de Weijer},
      year={2023},
      eprint={2308.10328},
      archivePrefix={arXiv},
      primaryClass={cs.LG}
}

@article{tong2023emp,
  title={Emp-ssl: Towards self-supervised learning in one training epoch},
  author={Tong, Shengbang and Chen, Yubei and Ma, Yi and Lecun, Yann},
  journal={arXiv preprint arXiv:2304.03977},
  year={2023}
}

@misc{yu2023scale,
      title={SCALE: Online Self-Supervised Lifelong Learning without Prior Knowledge}, 
      author={Xiaofan Yu and Yunhui Guo and Sicun Gao and Tajana Rosing},
      year={2023},
      eprint={2208.11266},
      archivePrefix={arXiv},
      primaryClass={cs.LG}
}

