
################### CONTINUAL LEARNING THEORY ####################333
@misc{lesort2019continual,
      title={Continual Learning for Robotics: Definition, Framework, Learning Strategies, Opportunities and Challenges}, 
      author={Timothée Lesort and Vincenzo Lomonaco and Andrei Stoian and Davide Maltoni and David Filliat and Natalia D\'iaz-Rodr\'iguez},
      year={2019},
      eprint={1907.00182},
      archivePrefix={arXiv},
      primaryClass={cs.LG}
}

@misc{goodfellow2015empirical,
      title={An Empirical Investigation of Catastrophic Forgetting in Gradient-Based Neural Networks}, 
      author={Ian J. Goodfellow and Mehdi Mirza and Da Xiao and Aaron Courville and Yoshua Bengio},
      year={2015},
      eprint={1312.6211},
      archivePrefix={arXiv},
      primaryClass={stat.ML}
}


@article{Kirkpatrick_2017,
   title={Overcoming catastrophic forgetting in neural networks},
   volume={114},
   ISSN={1091-6490},
   url={http://dx.doi.org/10.1073/pnas.1611835114},
   DOI={10.1073/pnas.1611835114},
   number={13},
   journal={Proceedings of the National Academy of Sciences},
   publisher={Proceedings of the National Academy of Sciences},
   author={Kirkpatrick, James and Pascanu, Razvan and Rabinowitz, Neil and Veness, Joel and Desjardins, Guillaume and Rusu, Andrei A. and Milan, Kieran and Quan, John and Ramalho, Tiago and Grabska-Barwinska, Agnieszka and Hassabis, Demis and Clopath, Claudia and Kumaran, Dharshan and Hadsell, Raia},
   year={2017},
   month=mar, pages={3521–3526} }


@incollection{MCCLOSKEY1989109,
title = {Catastrophic Interference in Connectionist Networks: The Sequential Learning Problem},
editor = {Gordon H. Bower},
series = {Psychology of Learning and Motivation},
publisher = {Academic Press},
volume = {24},
pages = {109-165},
year = {1989},
issn = {0079-7421},
doi = {https://doi.org/10.1016/S0079-7421(08)60536-8},
url = {https://www.sciencedirect.com/science/article/pii/S0079742108605368},
author = {Michael McCloskey and Neal J. Cohen},
}

@article{hadsell2020embracing,
  title={Embracing change: Continual learning in deep neural networks},
  author={Hadsell, Raia and Rao, Dushyant and Rusu, Andrei A and Pascanu, Razvan},
  journal={Trends in cognitive sciences},
  volume={24},
  number={12},
  pages={1028--1040},
  year={2020},
  publisher={Elsevier}
}

@misc{vandeven2019scenarios,
      title={Three scenarios for continual learning}, 
      author={Gido M. van de Ven and Andreas S. Tolias},
      year={2019},
      eprint={1904.07734},
      archivePrefix={arXiv},
      primaryClass={cs.LG}
}

@ARTICLE{delange2022clsurvey,
  author={De Lange, Matthias and Aljundi, Rahaf and Masana, Marc and Parisot, Sarah and Jia, Xu and Leonardis, Aleš and Slabaugh, Gregory and Tuytelaars, Tinne},
  journal={IEEE Transactions on Pattern Analysis and Machine Intelligence}, 
  title={A Continual Learning Survey: Defying Forgetting in Classification Tasks}, 
  year={2022},
  volume={44},
  number={7},
  pages={3366-3385},
  doi={10.1109/TPAMI.2021.3057446}}

@misc{shim2021aser,
      title={Online Class-Incremental Continual Learning with Adversarial Shapley Value}, 
      author={Dongsub Shim and Zheda Mai and Jihwan Jeong and Scott Sanner and Hyunwoo Kim and Jongseong Jang},
      year={2021},
      eprint={2009.00093},
      archivePrefix={arXiv},
      primaryClass={cs.LG}
}

@misc{wang2023comprehensive,
      title={A Comprehensive Survey of Continual Learning: Theory, Method and Application}, 
      author={Liyuan Wang and Xingxing Zhang and Hang Su and Jun Zhu},
      year={2023},
      eprint={2302.00487},
      archivePrefix={arXiv},
      primaryClass={cs.LG}
}

@article{FRENCH1999128,
title = {Catastrophic forgetting in connectionist networks},
journal = {Trends in Cognitive Sciences},
volume = {3},
number = {4},
pages = {128-135},
year = {1999},
issn = {1364-6613},
doi = {https://doi.org/10.1016/S1364-6613(99)01294-2},
url = {https://www.sciencedirect.com/science/article/pii/S1364661399012942},
author = {Robert M. French},
}

@misc{mirzadeh2022wide,
      title={Wide Neural Networks Forget Less Catastrophically}, 
      author={Seyed Iman Mirzadeh and Arslan Chaudhry and Dong Yin and Huiyi Hu and Razvan Pascanu and Dilan Gorur and Mehrdad Farajtabar},
      year={2022},
      eprint={2110.11526},
      archivePrefix={arXiv},
      primaryClass={cs.LG}
}

@misc{mai2021onlinesurv,
      title={Online Continual Learning in Image Classification: An Empirical Survey}, 
      author={Zheda Mai and Ruiwen Li and Jihwan Jeong and David Quispe and Hyunwoo Kim and Scott Sanner},
      year={2021},
      eprint={2101.10423},
      archivePrefix={arXiv},
      primaryClass={cs.LG}
}

@book{chen2016lifelong,
    title={Lifelong Machine Learning},
    author={Zhiyuan Chen and Bing Liu},
    year={2016},
    publisher={Morgan \& Claypool Publishers}

}

@article{caccia2021new,
  title={New insights on reducing abrupt representation change in online continual learning},
  author={Caccia, Lucas and Aljundi, Rahaf and Asadi, Nader and Tuytelaars, Tinne and Pineau, Joelle and Belilovsky, Eugene},
  journal={arXiv preprint arXiv:2104.05025},
  year={2021}
}


################### SELF SUPERVISED LEARNING ####################

@article{sohn2016ntxent,
  title={Improved deep metric learning with multi-class n-pair loss objective},
  author={Sohn, Kihyuk},
  journal={Advances in neural information processing systems},
  volume={29},
  year={2016}
}

@article{ericsson2022sslintro,
   title={Self-Supervised Representation Learning: Introduction, advances, and challenges},
   volume={39},
   ISSN={1558-0792},
   url={http://dx.doi.org/10.1109/MSP.2021.3134634},
   DOI={10.1109/msp.2021.3134634},
   number={3},
   journal={IEEE Signal Processing Magazine},
   publisher={Institute of Electrical and Electronics Engineers (IEEE)},
   author={Ericsson, Linus and Gouk, Henry and Loy, Chen Change and Hospedales, Timothy M.},
   year={2022},
   month=may, pages={42–62} }

@misc{gui2023sslsurvey,
      title={A Survey on Self-supervised Learning: Algorithms, Applications, and Future Trends}, 
      author={Jie Gui and Tuo Chen and Jing Zhang and Qiong Cao and Zhenan Sun and Hao Luo and Dacheng Tao},
      year={2023},
      eprint={2301.05712},
      archivePrefix={arXiv},
      primaryClass={cs.LG}
}

@misc{gidaris2018rotnet,
      title={Unsupervised Representation Learning by Predicting Image Rotations}, 
      author={Spyros Gidaris and Praveer Singh and Nikos Komodakis},
      year={2018},
      eprint={1803.07728},
      archivePrefix={arXiv},
      primaryClass={cs.CV}
}

@misc{he2021mae,
      title={Masked Autoencoders Are Scalable Vision Learners}, 
      author={Kaiming He and Xinlei Chen and Saining Xie and Yanghao Li and Piotr Dollár and Ross Girshick},
      year={2021},
      eprint={2111.06377},
      archivePrefix={arXiv},
      primaryClass={cs.CV}
}

@misc{bao2022beit,
      title={BEiT: BERT Pre-Training of Image Transformers}, 
      author={Hangbo Bao and Li Dong and Songhao Piao and Furu Wei},
      year={2022},
      eprint={2106.08254},
      archivePrefix={arXiv},
      primaryClass={cs.CV}
}

@misc{chen2020simsiam,
      title={Exploring Simple Siamese Representation Learning}, 
      author={Xinlei Chen and Kaiming He},
      year={2020},
      eprint={2011.10566},
      archivePrefix={arXiv},
      primaryClass={cs.CV}
}

@misc{zbontar2021barlow,
      title={Barlow Twins: Self-Supervised Learning via Redundancy Reduction}, 
      author={Jure Zbontar and Li Jing and Ishan Misra and Yann LeCun and Stéphane Deny},
      year={2021},
      eprint={2103.03230},
      archivePrefix={arXiv},
      primaryClass={cs.CV}
}

@misc{bardes2022vicreg,
      title={VICReg: Variance-Invariance-Covariance Regularization for Self-Supervised Learning}, 
      author={Adrien Bardes and Jean Ponce and Yann LeCun},
      year={2022},
      eprint={2105.04906},
      archivePrefix={arXiv},
      primaryClass={cs.CV},
      url={https://arxiv.org/abs/2105.04906}, 
}

@misc{grill2020byol,
      title={Bootstrap your own latent: A new approach to self-supervised Learning}, 
      author={Jean-Bastien Grill and Florian Strub and Florent Altch\'e and Corentin Tallec and Pierre H. Richemond and Elena Buchatskaya and Carl Doersch and Bernardo Avila Pires and Zhaohan Daniel Guo and Mohammad Gheshlaghi Azar and Bilal Piot and Koray Kavukcuoglu and Rémi Munos and Michal Valko},
      year={2020},
      eprint={2006.07733},
      archivePrefix={arXiv},
      primaryClass={cs.LG}
}

@misc{chen2020simclr,
      title={A Simple Framework for Contrastive Learning of Visual Representations}, 
      author={Ting Chen and Simon Kornblith and Mohammad Norouzi and Geoffrey Hinton},
      year={2020},
      eprint={2002.05709},
      archivePrefix={arXiv},
      primaryClass={cs.LG}
}

@misc{caron2021swav,
      title={Unsupervised Learning of Visual Features by Contrasting Cluster Assignments}, 
      author={Mathilde Caron and Ishan Misra and Julien Mairal and Priya Goyal and Piotr Bojanowski and Armand Joulin},
      year={2021},
      eprint={2006.09882},
      archivePrefix={arXiv},
      primaryClass={cs.CV}
}

@InProceedings{caron2021emerging,
    author    = {Caron, Mathilde and Touvron, Hugo and Misra, Ishan and J\'egou, Herv\'e and Mairal, Julien and Bojanowski, Piotr and Joulin, Armand},
    title     = {Emerging Properties in Self-Supervised Vision Transformers},
    booktitle = {Proceedings of the IEEE/CVF International Conference on Computer Vision (ICCV)},
    month     = {October},
    year      = {2021},
    pages     = {9650-9660}
}

@misc{caron2019deepcluster,
      title={Deep Clustering for Unsupervised Learning of Visual Features}, 
      author={Mathilde Caron and Piotr Bojanowski and Armand Joulin and Matthijs Douze},
      year={2019},
      eprint={1807.05520},
      archivePrefix={arXiv},
      primaryClass={cs.CV},
      url={https://arxiv.org/abs/1807.05520}, 
}

@misc{oord2019infonce,
      title={Representation Learning with Contrastive Predictive Coding}, 
      author={Aaron van den Oord and Yazhe Li and Oriol Vinyals},
      year={2019},
      eprint={1807.03748},
      archivePrefix={arXiv},
      primaryClass={cs.LG}
}

@misc{he2020moco,
      title={Momentum Contrast for Unsupervised Visual Representation Learning}, 
      author={Kaiming He and Haoqi Fan and Yuxin Wu and Saining Xie and Ross Girshick},
      year={2020},
      eprint={1911.05722},
      archivePrefix={arXiv},
      primaryClass={cs.CV}
}

@misc{chen2020mocov2,
      title={Improved Baselines with Momentum Contrastive Learning}, 
      author={Xinlei Chen and Haoqi Fan and Ross Girshick and Kaiming He},
      year={2020},
      eprint={2003.04297},
      archivePrefix={arXiv},
      primaryClass={cs.CV}
}

@misc{dai2021unimoco,
      title={UniMoCo: Unsupervised, Semi-Supervised and Full-Supervised Visual Representation Learning}, 
      author={Zhigang Dai and Bolun Cai and Yugeng Lin and Junying Chen},
      year={2021},
      eprint={2103.10773},
      archivePrefix={arXiv},
      primaryClass={cs.CV}
}

@misc{caron2021dino,
      title={Emerging Properties in Self-Supervised Vision Transformers}, 
      author={Mathilde Caron and Hugo Touvron and Ishan Misra and Hervé Jégou and Julien Mairal and Piotr Bojanowski and Armand Joulin},
      year={2021},
      eprint={2104.14294},
      archivePrefix={arXiv},
      primaryClass={cs.CV}
}

@misc{oquab2024dinov2,
      title={DINOv2: Learning Robust Visual Features without Supervision}, 
      author={Maxime Oquab and Timothée Darcet and Théo Moutakanni and Huy Vo and Marc Szafraniec and Vasil Khalidov and Pierre Fernandez and Daniel Haziza and Francisco Massa and Alaaeldin El-Nouby and Mahmoud Assran and Nicolas Ballas and Wojciech Galuba and Russell Howes and Po-Yao Huang and Shang-Wen Li and Ishan Misra and Michael Rabbat and Vasu Sharma and Gabriel Synnaeve and Hu Xu and Hervé Jegou and Julien Mairal and Patrick Labatut and Armand Joulin and Piotr Bojanowski},
      year={2024},
      eprint={2304.07193},
      archivePrefix={arXiv},
      primaryClass={cs.CV}
}

@article{chen2022bagssl,
  title={Bag of Image Patch Embedding Behind the Success of Self-Supervised Learning},
  author={Chen, Yubei and Bardes, Adrien and Li, Zengyi and LeCun, Yann},
  journal={arXiv preprint arXiv:2206.08954},
  year={2022}
}

@article{tong2023emp,
  title={Emp-ssl: Towards self-supervised learning in one training epoch},
  author={Tong, Shengbang and Chen, Yubei and Ma, Yi and Lecun, Yann},
  journal={arXiv preprint arXiv:2304.03977},
  year={2023}
}

@misc{mishra2022can,
      title={A simple, efficient and scalable contrastive masked autoencoder for learning visual representations}, 
      author={Shlok Mishra and Joshua Robinson and Huiwen Chang and David Jacobs and Aaron Sarna and Aaron Maschinot and Dilip Krishnan},
      year={2022},
      eprint={2210.16870},
      archivePrefix={arXiv},
      primaryClass={cs.CV}
}

@misc{tao2022siamese,
      title={Siamese Image Modeling for Self-Supervised Vision Representation Learning}, 
      author={Chenxin Tao and Xizhou Zhu and Weijie Su and Gao Huang and Bin Li and Jie Zhou and Yu Qiao and Xiaogang Wang and Jifeng Dai},
      year={2022},
      eprint={2206.01204},
      archivePrefix={arXiv},
      primaryClass={cs.CV}
}

@misc{li2022collapse,
      title={Understanding Collapse in Non-Contrastive Siamese Representation Learning}, 
      author={Alexander C. Li and Alexei A. Efros and Deepak Pathak},
      year={2022},
      eprint={2209.15007},
      archivePrefix={arXiv},
      primaryClass={cs.LG}
}

@inproceedings{prabhu2023computbudgetedcl,
  title={Computationally budgeted continual learning: What does matter?},
  author={Prabhu, Ameya and Al Kader Hammoud, Hasan Abed and Dokania, Puneet K and Torr, Philip HS and Lim, Ser-Nam and Ghanem, Bernard and Bibi, Adel},
  booktitle={Proceedings of the IEEE/CVF Conference on Computer Vision and Pattern Recognition},
  pages={3698--3707},
  year={2023}
}

################## CONTINUAL LEARNING METHODS ##############################

@misc{chaudhry2019er_online,
      title={On Tiny Episodic Memories in Continual Learning}, 
      author={Arslan Chaudhry and Marcus Rohrbach and Mohamed Elhoseiny and Thalaiyasingam Ajanthan and Puneet K. Dokania and Philip H. S. Torr and Marc'Aurelio Ranzato},
      year={2019},
      eprint={1902.10486},
      archivePrefix={arXiv},
      primaryClass={cs.LG}
}

@misc{buzzega2020der,
      title={Dark Experience for General Continual Learning: a Strong, Simple Baseline}, 
      author={Pietro Buzzega and Matteo Boschini and Angelo Porrello and Davide Abati and Simone Calderara},
      year={2020},
      eprint={2004.07211},
      archivePrefix={arXiv},
      primaryClass={stat.ML}
}

@inproceedings{prabhu2020gdumb,
  title={GDumb: A Simple Approach that Questions Our Progress in Continual Learning},
  author={Prabhu, Ameya and Torr, Philip and Dokania, Puneet},
  booktitle={The European Conference on Computer Vision (ECCV)},
  month={August},
  year={2020}
}

@misc{li2017lwf,
      title={Learning without Forgetting}, 
      author={Zhizhong Li and Derek Hoiem},
      year={2017},
      eprint={1606.09282},
      archivePrefix={arXiv},
      primaryClass={cs.CV}
}

@misc{dhar2019lwm,
      title={Learning without Memorizing}, 
      author={Prithviraj Dhar and Rajat Vikram Singh and Kuan-Chuan Peng and Ziyan Wu and Rama Chellappa},
      year={2019},
      eprint={1811.08051},
      archivePrefix={arXiv},
      primaryClass={cs.CV},
      url={https://arxiv.org/abs/1811.08051}, 
}

@article{kirkpatrick2017ewc,
   title={Overcoming catastrophic forgetting in neural networks},
   volume={114},
   ISSN={1091-6490},
   url={http://dx.doi.org/10.1073/pnas.1611835114},
   DOI={10.1073/pnas.1611835114},
   number={13},
   journal={Proceedings of the National Academy of Sciences},
   publisher={Proceedings of the National Academy of Sciences},
   author={Kirkpatrick, James and Pascanu, Razvan and Rabinowitz, Neil and Veness, Joel and Desjardins, Guillaume and Rusu, Andrei A. and Milan, Kieran and Quan, John and Ramalho, Tiago and Grabska-Barwinska, Agnieszka and Hassabis, Demis and Clopath, Claudia and Kumaran, Dharshan and Hadsell, Raia},
   year={2017},
   month=mar, pages={3521–3526} }

@inproceedings{rebuffi2017icarl,
  title={icarl: Incremental classifier and representation learning},
  author={Rebuffi, Sylvestre-Alvise and Kolesnikov, Alexander and Sperl, Georg and Lampert, Christoph H},
  booktitle={Proceedings of the IEEE conference on Computer Vision and Pattern Recognition},
  pages={2001--2010},
  year={2017}
}

@misc{zenke2017synaptic,
      title={Continual Learning Through Synaptic Intelligence}, 
      author={Friedemann Zenke and Ben Poole and Surya Ganguli},
      year={2017},
      eprint={1703.04200},
      archivePrefix={arXiv},
      primaryClass={cs.LG}
}

@misc{rusu2022pnn,
      title={Progressive Neural Networks}, 
      author={Andrei A. Rusu and Neil C. Rabinowitz and Guillaume Desjardins and Hubert Soyer and James Kirkpatrick and Koray Kavukcuoglu and Razvan Pascanu and Raia Hadsell},
      year={2022},
      eprint={1606.04671},
      archivePrefix={arXiv},
      primaryClass={cs.LG}
}

@misc{mallya2018piggyback,
      title={Piggyback: Adapting a Single Network to Multiple Tasks by Learning to Mask Weights}, 
      author={Arun Mallya and Dillon Davis and Svetlana Lazebnik},
      year={2018},
      eprint={1801.06519},
      archivePrefix={arXiv},
      primaryClass={cs.CV}
}

@misc{serrà2018hat,
      title={Overcoming catastrophic forgetting with hard attention to the task}, 
      author={Joan Serrà and Dídac Surís and Marius Miron and Alexandros Karatzoglou},
      year={2018},
      eprint={1801.01423},
      archivePrefix={arXiv},
      primaryClass={cs.LG},
      url={https://arxiv.org/abs/1801.01423}, 
}

@misc{mallya2018packnet,
      title={PackNet: Adding Multiple Tasks to a Single Network by Iterative Pruning}, 
      author={Arun Mallya and Svetlana Lazebnik},
      year={2018},
      eprint={1711.05769},
      archivePrefix={arXiv},
      primaryClass={cs.CV}
}

@article{shin2017generativereplay,
  title={Continual learning with deep generative replay},
  author={Shin, Hanul and Lee, Jung Kwon and Kim, Jaehong and Kim, Jiwon},
  journal={Advances in neural information processing systems},
  volume={30},
  year={2017}
}

@misc{buzzega2020rethinking,
      title={Rethinking Experience Replay: a Bag of Tricks for Continual Learning}, 
      author={Pietro Buzzega and Matteo Boschini and Angelo Porrello and Simone Calderara},
      year={2020},
      eprint={2010.05595},
      archivePrefix={arXiv},
      primaryClass={cs.LG}
}

@misc{zhang2022rar,
      title={A simple but strong baseline for online continual learning: Repeated Augmented Rehearsal}, 
      author={Yaqian Zhang and Bernhard Pfahringer and Eibe Frank and Albert Bifet and Nick Jin Sean Lim and Yunzhe Jia},
      year={2022},
      eprint={2209.13917},
      archivePrefix={arXiv},
      primaryClass={cs.LG}
}

@misc{soutifcormerais2023comprehensive,
      title={A Comprehensive Empirical Evaluation on Online Continual Learning}, 
      author={Albin Soutif--Cormerais and Antonio Carta and Andrea Cossu and Julio Hurtado and Hamed Hemati and Vincenzo Lomonaco and Joost Van de Weijer},
      year={2023},
      eprint={2308.10328},
      archivePrefix={arXiv},
      primaryClass={cs.LG}
}

@misc{caccia2022erace,
      title={New Insights on Reducing Abrupt Representation Change in Online Continual Learning}, 
      author={Lucas Caccia and Rahaf Aljundi and Nader Asadi and Tinne Tuytelaars and Joelle Pineau and Eugene Belilovsky},
      year={2022},
      eprint={2104.05025},
      archivePrefix={arXiv},
      primaryClass={cs.LG}
}

@inproceedings{mai2021scr,
  title={Supervised contrastive replay: Revisiting the nearest class mean classifier in online class-incremental continual learning},
  author={Mai, Zheda and Li, Ruiwen and Kim, Hyunwoo and Sanner, Scott},
  booktitle={Proceedings of the IEEE/CVF Conference on Computer Vision and Pattern Recognition},
  pages={3589--3599},
  year={2021}
}

@misc{lopezpaz2022gem,
      title={Gradient Episodic Memory for Continual Learning}, 
      author={David Lopez-Paz and Marc'Aurelio Ranzato},
      year={2022},
      eprint={1706.08840},
      archivePrefix={arXiv},
      primaryClass={cs.LG}
}

@misc{jung2023stabplas,
      title={New Insights for the Stability-Plasticity Dilemma in Online Continual Learning}, 
      author={Dahuin Jung and Dongjin Lee and Sunwon Hong and Hyemi Jang and Ho Bae and Sungroh Yoon},
      year={2023},
      eprint={2302.08741},
      archivePrefix={arXiv},
      primaryClass={cs.CV}
}

@misc{maltoni2019continuous,
      title={Continuous Learning in Single-Incremental-Task Scenarios}, 
      author={Davide Maltoni and Vincenzo Lomonaco},
      year={2019},
      eprint={1806.08568},
      archivePrefix={arXiv},
      primaryClass={cs.LG}
}

@misc{soutifcormerais2023improving,
      title={Improving Online Continual Learning Performance and Stability with Temporal Ensembles}, 
      author={Albin Soutif--Cormerais and Antonio Carta and Joost Van de Weijer},
      year={2023},
      eprint={2306.16817},
      archivePrefix={arXiv},
      primaryClass={cs.LG}
}

@misc{wang2022cvt,
      title={Online Continual Learning with Contrastive Vision Transformer}, 
      author={Zhen Wang and Liu Liu and Yajing Kong and Jiaxian Guo and Dacheng Tao},
      year={2022},
      eprint={2207.13516},
      archivePrefix={arXiv},
      primaryClass={cs.LG}
}

@misc{lee2022pretrained,
      title={Do Pre-trained Models Benefit Equally in Continual Learning?}, 
      author={Kuan-Ying Lee and Yuanyi Zhong and Yu-Xiong Wang},
      year={2022},
      eprint={2210.15701},
      archivePrefix={arXiv},
      primaryClass={cs.CV}
}

@misc{zhu2023ctp,
      title={CTP: Towards Vision-Language Continual Pretraining via Compatible Momentum Contrast and Topology Preservation}, 
      author={Hongguang Zhu and Yunchao Wei and Xiaodan Liang and Chunjie Zhang and Yao Zhao},
      year={2023},
      eprint={2308.07146},
      archivePrefix={arXiv},
      primaryClass={cs.CV}
}

@inproceedings{wang2022learning,
  title={Learning to prompt for continual learning},
  author={Wang, Zifeng and Zhang, Zizhao and Lee, Chen-Yu and Zhang, Han and Sun, Ruoxi and Ren, Xiaoqi and Su, Guolong and Perot, Vincent and Dy, Jennifer and Pfister, Tomas},
  booktitle={Proceedings of the IEEE/CVF Conference on Computer Vision and Pattern Recognition},
  pages={139--149},
  year={2022}
}

@InProceedings{aljundi2019taskfree,
author = {Aljundi, Rahaf and Kelchtermans, Klaas and Tuytelaars, Tinne},
title = {Task-Free Continual Learning},
booktitle = {Proceedings of the IEEE/CVF Conference on Computer Vision and Pattern Recognition (CVPR)},
month = {June},
year = {2019}
}

@misc{carta2023projected,
      title={Projected Latent Distillation for Data-Agnostic Consolidation in Distributed Continual Learning}, 
      author={Antonio Carta and Andrea Cossu and Vincenzo Lomonaco and Davide Bacciu and Joost van de Weijer},
      year={2023},
      eprint={2303.15888},
      archivePrefix={arXiv},
      primaryClass={cs.LG}
}

@misc{wang2024forgettingignorancemyopiarevisiting,
      title={Forgetting, Ignorance or Myopia: Revisiting Key Challenges in Online Continual Learning}, 
      author={Xinrui Wang and Chuanxing Geng and Wenhai Wan and Shaoyuan Li and Songcan Chen},
      year={2024},
      eprint={2409.19245},
      archivePrefix={arXiv},
      primaryClass={cs.LG},
      url={https://arxiv.org/abs/2409.19245}, 
}

@misc{prabhu2023oclstorageconstraint,
      title={Online Continual Learning Without the Storage Constraint}, 
      author={Ameya Prabhu and Zhipeng Cai and Puneet Dokania and Philip Torr and Vladlen Koltun and Ozan Sener},
      year={2023},
      eprint={2305.09253},
      archivePrefix={arXiv},
      primaryClass={cs.CV},
      url={https://arxiv.org/abs/2305.09253}, 
}



##################### SELF SUPERVISED CONTINUAL ############################

@misc{cossu2022pretraining,
      title={Continual Pre-Training Mitigates Forgetting in Language and Vision}, 
      author={Andrea Cossu and Tinne Tuytelaars and Antonio Carta and Lucia Passaro and Vincenzo Lomonaco and Davide Bacciu},
      year={2022},
      eprint={2205.09357},
      archivePrefix={arXiv},
      primaryClass={cs.LG}
}

@misc{yu2023scale,
      title={SCALE: Online Self-Supervised Lifelong Learning without Prior Knowledge}, 
      author={Xiaofan Yu and Yunhui Guo and Sicun Gao and Tajana Rosing},
      year={2023},
      eprint={2208.11266},
      archivePrefix={arXiv},
      primaryClass={cs.LG}
}

    @InProceedings{purushwalkam2022minred,
    author="Purushwalkam, Senthil
    and Morgado, Pedro
    and Gupta, Abhinav",
    editor="Avidan, Shai
    and Brostow, Gabriel
    and Ciss{\'e}, Moustapha
    and Farinella, Giovanni Maria
    and Hassner, Tal",
    title="The Challenges of Continuous Self-Supervised Learning",
    booktitle="Computer Vision -- ECCV 2022",
    year="2022",
    publisher="Springer Nature Switzerland",
    address="Cham",
    pages="702--721",
    isbn="978-3-031-19809-0"
    }

@misc{madaan2022lump,
      title={Representational Continuity for Unsupervised Continual Learning}, 
      author={Divyam Madaan and Jaehong Yoon and Yuanchun Li and Yunxin Liu and Sung Ju Hwang},
      year={2022},
      eprint={2110.06976},
      archivePrefix={arXiv},
      primaryClass={cs.LG}
}

@misc{fini2022cassle,
      title={Self-Supervised Models are Continual Learners}, 
      author={Enrico Fini and Victor G. Turrisi da Costa and Xavier Alameda-Pineda and Elisa Ricci and Karteek Alahari and Julien Mairal},
      year={2022},
      eprint={2112.04215},
      archivePrefix={arXiv},
      primaryClass={cs.CV}
}

@misc{cha2023sycon,
      title={Sy-CON: Symmetric Contrastive Loss for Continual Self-Supervised Representation Learning}, 
      author={Sungmin Cha and Taesup Moon},
      year={2023},
      eprint={2306.05101},
      archivePrefix={arXiv},
      primaryClass={cs.LG}
}

@INPROCEEDINGS{lin2022clcontr,
  author={Lin, Zhiwei and Wang, Yongtao and Lin, Hongxiang},
  booktitle={2022 IEEE International Conference on Multimedia and Expo (ICME)}, 
  title={Continual Contrastive Learning for Image Classification}, 
  year={2022},
  volume={},
  number={},
  pages={1-6},
  doi={10.1109/ICME52920.2022.9859995}}


@misc{gomezvilla2022pfr,
      title={Continually Learning Self-Supervised Representations with Projected Functional Regularization}, 
      author={Alex Gomez-Villa and Bartlomiej Twardowski and Lu Yu and Andrew D. Bagdanov and Joost van de Weijer},
      year={2022},
      eprint={2112.15022},
      archivePrefix={arXiv},
      primaryClass={cs.CV}
}

@misc{gomezvilla2023pocon,
      title={Plasticity-Optimized Complementary Networks for Unsupervised Continual Learning}, 
      author={Alex Gomez-Villa and Bartlomiej Twardowski and Kai Wang and Joost van de Weijer},
      year={2023},
      eprint={2309.06086},
      archivePrefix={arXiv},
      primaryClass={cs.LG}
}

@misc{zhang2024osiris,
      title={Integrating Present and Past in Unsupervised Continual Learning}, 
      author={Yipeng Zhang and Laurent Charlin and Richard Zemel and Mengye Ren},
      year={2024},
      eprint={2404.19132},
      archivePrefix={arXiv},
      primaryClass={cs.LG},
      url={https://arxiv.org/abs/2404.19132}, 
}

@misc{ke2023continual,
      title={Continual Pre-training of Language Models}, 
      author={Zixuan Ke and Yijia Shao and Haowei Lin and Tatsuya Konishi and Gyuhak Kim and Bing Liu},
      year={2023},
      eprint={2302.03241},
      archivePrefix={arXiv},
      primaryClass={cs.CL}
}

#################### OTHER ##########################
@article{vitter1985random,
  title={Random sampling with a reservoir},
  author={Vitter, Jeffrey S},
  journal={ACM Transactions on Mathematical Software (TOMS)},
  volume={11},
  number={1},
  pages={37--57},
  year={1985},
  publisher={ACM New York, NY, USA}
}

@misc{jubran2019introcoreset,
      title={Introduction to Coresets: Accurate Coresets}, 
      author={Ibrahim Jubran and Alaa Maalouf and Dan Feldman},
      year={2019},
      eprint={1910.08707},
      archivePrefix={arXiv},
      primaryClass={cs.LG}
}

@misc{hinton2015distilliation,
      title={Distilling the Knowledge in a Neural Network}, 
      author={Geoffrey Hinton and Oriol Vinyals and Jeff Dean},
      year={2015},
      eprint={1503.02531},
      archivePrefix={arXiv},
      primaryClass={stat.ML}
}

@article{vandermaaten08tsne,
  author  = {Laurens van der Maaten and Geoffrey Hinton},
  title   = {Visualizing Data using t-SNE},
  journal = {Journal of Machine Learning Research},
  year    = {2008},
  volume  = {9},
  number  = {86},
  pages   = {2579--2605},
  url     = {http://jmlr.org/papers/v9/vandermaaten08a.html}
}

@inbook{salomon2013psa,
author = {Salomon, Shaul and Avigad, Gideon and Goldvard, Alexander and Schütze, Oliver},
year = {2013},
month = {01},
pages = {137-151},
title = {PSA – A New Scalable Space Partition Based Selection Algorithm for MOEAs},
isbn = {978-3-642-31518-3},
doi = {10.1007/978-3-642-31519-0_9}
}

@article{krizhevsky2009cifar,
  title={Learning multiple layers of features from tiny images},
  author={Krizhevsky, Alex and Hinton, Geoffrey and others},
  year={2009},
  publisher={Toronto, ON, Canada}
}

@inproceedings{lin2021clear,
  title={The CLEAR Benchmark: Continual LEArning on Real-World Imagery},
  author={Lin, Zhiqiu and Shi, Jia and Pathak, Deepak and Ramanan, Deva},
  booktitle={Thirty-fifth Conference on Neural Information Processing Systems Datasets and Benchmarks Track},
  year={2021}
}

@misc{he2015resnet,
      title={Deep Residual Learning for Image Recognition}, 
      author={Kaiming He and Xiangyu Zhang and Shaoqing Ren and Jian Sun},
      year={2015},
      eprint={1512.03385},
      archivePrefix={arXiv},
      primaryClass={cs.CV}
}

@article{bromley1993siamese,
author = {Bromley, Jane and Bentz, James and Bottou, Leon and Guyon, Isabelle and Lecun, Yann and Moore, Cliff and Sackinger, Eduard and Shah, Rookpak},
year = {1993},
month = {08},
pages = {25},
title = {Signature Verification using a "Siamese" Time Delay Neural Network},
volume = {7},
journal = {International Journal of Pattern Recognition and Artificial Intelligence},
doi = {10.1142/S0218001493000339}
}

@misc{dosovitskiy2021vit,
      title={An Image is Worth 16x16 Words: Transformers for Image Recognition at Scale}, 
      author={Alexey Dosovitskiy and Lucas Beyer and Alexander Kolesnikov and Dirk Weissenborn and Xiaohua Zhai and Thomas Unterthiner and Mostafa Dehghani and Matthias Minderer and Georg Heigold and Sylvain Gelly and Jakob Uszkoreit and Neil Houlsby},
      year={2021},
      eprint={2010.11929},
      archivePrefix={arXiv},
      primaryClass={cs.CV}
}

@INPROCEEDINGS{deng2009imagenet,
  author={Deng, Jia and Dong, Wei and Socher, Richard and Li, Li-Jia and Kai Li and Li Fei-Fei},
  booktitle={2009 IEEE Conference on Computer Vision and Pattern Recognition}, 
  title={ImageNet: A large-scale hierarchical image database}, 
  year={2009},
  volume={},
  number={},
  pages={248-255},
  keywords={Large-scale systems;Image databases;Explosions;Internet;Robustness;Information retrieval;Image retrieval;Multimedia databases;Ontologies;Spine},
  doi={10.1109/CVPR.2009.5206848}}

@inproceedings{netzer2011svhn,
  title={Reading digits in natural images with unsupervised feature learning},
  author={Netzer, Yuval and Wang, Tao and Coates, Adam and Bissacco, Alessandro and Wu, Baolin and Ng, Andrew Y and others},
  booktitle={NIPS workshop on deep learning and unsupervised feature learning},
  volume={2011},
  number={2},
  pages={4},
  year={2011},
  organization={Granada}
}
@inproceedings{krause2013cars,
  title={3d object representations for fine-grained categorization},
  author={Krause, Jonathan and Stark, Michael and Deng, Jia and Fei-Fei, Li},
  booktitle={Proceedings of the IEEE international conference on computer vision workshops},
  pages={554--561},
  year={2013}
}

@ARTICLE{mermillod2013stab,
  
AUTHOR={Mermillod, Martial and Bugaiska, Aurélia and BONIN, Patrick},   
	 
TITLE={The stability-plasticity dilemma: investigating the continuum from catastrophic forgetting to age-limited learning effects},      
	
JOURNAL={Frontiers in Psychology},      
	
VOLUME={4},           
	
YEAR={2013},      
	  
URL={https://www.frontiersin.org/articles/10.3389/fpsyg.2013.00504},       
	
DOI={10.3389/fpsyg.2013.00504},      
	
ISSN={1664-1078}   
   
}

@article{abraham2005memory,
title = {Memory retention – the synaptic stability versus plasticity dilemma},
journal = {Trends in Neurosciences},
volume = {28},
number = {2},
pages = {73-78},
year = {2005},
issn = {0166-2236},
doi = {https://doi.org/10.1016/j.tins.2004.12.003},
url = {https://www.sciencedirect.com/science/article/pii/S0166223604003704},
author = {Wickliffe C. Abraham and Anthony Robins}
}

@article{deng2012mnist,
  title={The mnist database of handwritten digit images for machine learning research},
  author={Deng, Li},
  journal={IEEE Signal Processing Magazine},
  volume={29},
  number={6},
  pages={141--142},
  year={2012},
  publisher={IEEE}
}

@article{le2015tinyimagenet,
  title={Tiny imagenet visual recognition challenge},
  author={Le, Ya and Yang, Xuan},
  journal={CS 231N},
  volume={7},
  number={7},
  pages={3},
  year={2015}
}

@misc{devlin2019bert,
      title={BERT: Pre-training of Deep Bidirectional Transformers for Language Understanding}, 
      author={Jacob Devlin and Ming-Wei Chang and Kenton Lee and Kristina Toutanova},
      year={2019},
      eprint={1810.04805},
      archivePrefix={arXiv},
      primaryClass={cs.CL}
}

@misc{brown2020gpt3,
      title={Language Models are Few-Shot Learners}, 
      author={Tom B. Brown and Benjamin Mann and Nick Ryder and Melanie Subbiah and Jared Kaplan and Prafulla Dhariwal and Arvind Neelakantan and Pranav Shyam and Girish Sastry and Amanda Askell and Sandhini Agarwal and Ariel Herbert-Voss and Gretchen Krueger and Tom Henighan and Rewon Child and Aditya Ramesh and Daniel M. Ziegler and Jeffrey Wu and Clemens Winter and Christopher Hesse and Mark Chen and Eric Sigler and Mateusz Litwin and Scott Gray and Benjamin Chess and Jack Clark and Christopher Berner and Sam McCandlish and Alec Radford and Ilya Sutskever and Dario Amodei},
      year={2020},
      eprint={2005.14165},
      archivePrefix={arXiv},
      primaryClass={cs.CL}
}

@book{bifet2018streams,
    author = {Bifet, Albert and Gavaldà, Ricard and Holmes, Geoffrey and Pfahringer, Bernhard},
    title = "{Machine Learning for Data Streams: with Practical Examples in MOA}",
    publisher = {The MIT Press},
    year = {2018},
    month = {03},
    isbn = {9780262346047},
    doi = {10.7551/mitpress/10654.001.0001},
    url = {https://doi.org/10.7551/mitpress/10654.001.0001},
    eprint = {https://direct.mit.edu/book-pdf/2263131/book\_9780262346047.pdf},
}

@misc{alain2018probing,
      title={Understanding intermediate layers using linear classifier probes}, 
      author={Guillaume Alain and Yoshua Bengio},
      year={2018},
      eprint={1610.01644},
      archivePrefix={arXiv},
      primaryClass={stat.ML}
}

@misc{tarvainen2018mean,
      title={Mean teachers are better role models: Weight-averaged consistency targets improve semi-supervised deep learning results}, 
      author={Antti Tarvainen and Harri Valpola},
      year={2018},
      eprint={1703.01780},
      archivePrefix={arXiv},
      primaryClass={cs.NE}
}

@misc{qiu2023mcal,
      title={MCAL: Minimum Cost Human-Machine Active Labeling}, 
      author={Hang Qiu and Krishna Chintalapudi and Ramesh Govindan},
      year={2023},
      eprint={2006.13999},
      archivePrefix={arXiv},
      primaryClass={cs.LG}
}

@article{ridge2015robot,
  title={Self-supervised online learning of basic object push affordances},
  author={Ridge, Barry and Leonardis, Ale{\v{s}} and Ude, Ale{\v{s}} and Deni{\v{s}}a, Miha and Sko{\v{c}}aj, Danijel},
  journal={International Journal of Advanced Robotic Systems},
  volume={12},
  number={3},
  pages={24},
  year={2015},
  publisher={SAGE Publications Sage UK: London, England}
}

%%%%%%%%%%%%%%%%%%%%%%% LIBRARIES %%%%%%%%%%%%%%%%%%%%%%%%%%%%%%%%%%%%%%%%%%%


@incollection{pytorch2019,
title = {PyTorch: An Imperative Style, High-Performance Deep Learning Library},
author = {Paszke, Adam and Gross, Sam and Massa, Francisco and Lerer, Adam and Bradbury, James and Chanan, Gregory and Killeen, Trevor and Lin, Zeming and Gimelshein, Natalia and Antiga, Luca and Desmaison, Alban and Kopf, Andreas and Yang, Edward and DeVito, Zachary and Raison, Martin and Tejani, Alykhan and Chilamkurthy, Sasank and Steiner, Benoit and Fang, Lu and Bai, Junjie and Chintala, Soumith},
booktitle = {Advances in Neural Information Processing Systems 32},
pages = {8024--8035},
year = {2019},
publisher = {Curran Associates, Inc.},
url = {http://papers.neurips.cc/paper/9015-pytorch-an-imperative-style-high-performance-deep-learning-library.pdf}
}

@misc{carta2023avalanche,
      title={Avalanche: A PyTorch Library for Deep Continual Learning}, 
      author={Antonio Carta and Lorenzo Pellegrini and Andrea Cossu and Hamed Hemati and Vincenzo Lomonaco},
      year={2023},
      eprint={2302.01766},
      archivePrefix={arXiv},
      primaryClass={cs.LG}
}

@article{scikit-learn,
  title={Scikit-learn: Machine Learning in {P}ython},
  author={Pedregosa, F. and Varoquaux, G. and Gramfort, A. and Michel, V.
          and Thirion, B. and Grisel, O. and Blondel, M. and Prettenhofer, P.
          and Weiss, R. and Dubourg, V. and Vanderplas, J. and Passos, A. and
          Cournapeau, D. and Brucher, M. and Perrot, M. and Duchesnay, E.},
  journal={Journal of Machine Learning Research},
  volume={12},
  pages={2825--2830},
  year={2011}
}

%%%%%%%%%%%%%%%%%%%%%% CONTNUAL SEMANTIC SEGMENTATION %%%%%%%%%%%%%%%%%%%%%%%%%%%%%%%%%%%%%%%%%%%%%%%%%%%%%%%%

@misc{stan2021unsupsemantic,
      title={Unsupervised Model Adaptation for Continual Semantic Segmentation}, 
      author={Serban Stan and Mohammad Rostami},
      year={2021},
      eprint={2009.12518},
      archivePrefix={arXiv},
      primaryClass={cs.LG}
}
@misc{douillard2021plop,
      title={PLOP: Learning without Forgetting for Continual Semantic Segmentation}, 
      author={Arthur Douillard and Yifu Chen and Arnaud Dapogny and Matthieu Cord},
      year={2021},
      eprint={2011.11390},
      archivePrefix={arXiv},
      primaryClass={cs.CV}
}
@article{mai2022online,
  title={Online continual learning in image classification: An empirical survey},
  author={Mai, Zheda and Li, Ruiwen and Jeong, Jihwan and Quispe, David and Kim, Hyunwoo and Sanner, Scott},
  journal={Neurocomputing},
  volume={469},
  pages={28--51},
  year={2022},
  publisher={Elsevier}
}

