@inproceedings{downs2022google,
  title={Google scanned objects: A high-quality dataset of 3d scanned household items},
  author={Downs, Laura and Francis, Anthony and Koenig, Nate and Kinman, Brandon and Hickman, Ryan and Reymann, Krista and McHugh, Thomas B and Vanhoucke, Vincent},
  booktitle={2022 International Conference on Robotics and Automation (ICRA)},
  pages={2553--2560},
  year={2022},
  organization={IEEE}
}

@inproceedings{singh2014bigbird,
  title={Bigbird: A large-scale 3d database of object instances},
  author={Singh, Arjun and Sha, James and Narayan, Karthik S and Achim, Tudor and Abbeel, Pieter},
  booktitle={2014 IEEE International Conference on Robotics and Automation (ICRA)},
  pages={509--516},
  year={2014},
  organization={IEEE}
}

@article{makoviychuk2021isaac,
  title={Isaac gym: High performance gpu-based physics simulation for robot learning},
  author={Makoviychuk, Viktor and Wawrzyniak, Lukasz and Guo, Yunrong and Lu, Michelle and Storey, Kier and Macklin, Miles and Hoeller, David and Rudin, Nikita and Allshire, Arthur and Handa, Ankur and others},
  journal={arXiv preprint arXiv:2108.10470},
  year={2021}
}

@article{kleeberger2020survey,
  title={A survey on learning-based robotic grasping},
  author={Kleeberger, Kilian and Bormann, Richard and Kraus, Werner and Huber, Marco F},
  journal={Current Robotics Reports},
  volume={1},
  pages={239--249},
  year={2020},
  publisher={Springer}
}

@article{xie2023learning,
  title={Learning-based robotic grasping: A review},
  author={Xie, Zhen and Liang, Xinquan and Roberto, Canale},
  journal={Frontiers in Robotics and AI},
  volume={10},
  pages={1038658},
  year={2023},
  publisher={Frontiers}
}

@inproceedings{fang2020graspnet,
  title={Graspnet-1billion: A large-scale benchmark for general object grasping},
  author={Fang, Hao-Shu and Wang, Chenxi and Gou, Minghao and Lu, Cewu},
  booktitle={Proceedings of the IEEE/CVF conference on computer vision and pattern recognition},
  pages={11444--11453},
  year={2020}
}

@inproceedings{dai2023graspnerf,
  title={Graspnerf: Multiview-based 6-dof grasp detection for transparent and specular objects using generalizable nerf},
  author={Dai, Qiyu and Zhu, Yan and Geng, Yiran and Ruan, Ciyu and Zhang, Jiazhao and Wang, He},
  booktitle={2023 IEEE International Conference on Robotics and Automation (ICRA)},
  pages={1757--1763},
  year={2023},
  organization={IEEE}
}

@inproceedings{koenig2022role,
  title={The role of tactile sensing in learning and deploying grasp refinement algorithms},
  author={Koenig, Alexander and Liu, Zixi and Janson, Lucas and Howe, Robert},
  booktitle={2022 IEEE/RSJ International Conference on Intelligent Robots and Systems (IROS)},
  pages={7766--7772},
  year={2022},
  organization={IEEE}
}

@inproceedings{kalashnikov2018scalable,
  title={Scalable deep reinforcement learning for vision-based robotic manipulation},
  author={Kalashnikov, Dmitry and Irpan, Alex and Pastor, Peter and Ibarz, Julian and Herzog, Alexander and Jang, Eric and Quillen, Deirdre and Holly, Ethan and Kalakrishnan, Mrinal and Vanhoucke, Vincent and others},
  booktitle={Conference on robot learning},
  pages={651--673},
  year={2018},
  organization={PMLR}
}

@article{li2020review,
  title={A review of tactile information: Perception and action through touch},
  author={Li, Qiang and Kroemer, Oliver and Su, Zhe and Veiga, Filipe Fernandes and Kaboli, Mohsen and Ritter, Helge Joachim},
  journal={IEEE Transactions on Robotics},
  volume={36},
  number={6},
  pages={1619--1634},
  year={2020},
  publisher={IEEE}
}

@inproceedings{pavlichenko2023deep,
  title={Deep Reinforcement Learning of Dexterous Pre-grasp Manipulation for Human-like Functional Categorical Grasping},
  author={Pavlichenko, Dmytro and Behnke, Sven},
  booktitle={2023 IEEE 19th International Conference on Automation Science and Engineering (CASE)},
  pages={1--8},
  year={2023},
  organization={IEEE}
}

@inproceedings{quillen2018deep,
  title={Deep reinforcement learning for vision-based robotic grasping: A simulated comparative evaluation of off-policy methods},
  author={Quillen, Deirdre and Jang, Eric and Nachum, Ofir and Finn, Chelsea and Ibarz, Julian and Levine, Sergey},
  booktitle={2018 IEEE International Conference on Robotics and Automation (ICRA)},
  pages={6284--6291},
  year={2018},
  organization={IEEE}
}

@inproceedings{wu2020mat,
  title={MAT: Multi-Fingered Adaptive Tactile Grasping via Deep Reinforcement Learning},
  author={Wu, Bohan and Akinola, Iretiayo and Varley, Jacob and Allen, Peter K},
  booktitle={Conference on Robot Learning},
  pages={142--161},
  year={2020},
  organization={PMLR}
}

@InProceedings{cimpoi14describing,
      Author    = {M. Cimpoi and S. Maji and I. Kokkinos and S. Mohamed and and A. Vedaldi},
      Title     = {Describing Textures in the Wild},
      Booktitle = {Proceedings of the {IEEE} Conf. on Computer Vision and Pattern Recognition ({CVPR})},
      Year      = {2014}}

@inproceedings{romero2020soft,
  title={Soft, round, high resolution tactile fingertip sensors for dexterous robotic manipulation},
  author={Romero, Branden and Veiga, Filipe and Adelson, Edward},
  booktitle={2020 IEEE International Conference on Robotics and Automation (ICRA)},
  pages={4796--4802},
  year={2020},
  organization={IEEE}
}

@article{da2022tactile,
  title={Tactile object recognition in early phases of grasping using underactuated robotic hands},
  author={da Fonseca, Vinicius Prado and Jiang, Xianta and Petriu, Emil M and de Oliveira, Thiago Eustaquio Alves},
  journal={Intelligent Service Robotics},
  volume={15},
  number={4},
  pages={513--525},
  year={2022},
  publisher={Springer}
}

@article{vulin2021improved,
  title={Improved learning of robot manipulation tasks via tactile intrinsic motivation},
  author={Vulin, Nikola and Christen, Sammy and Stev{\v{s}}i{\'c}, Stefan and Hilliges, Otmar},
  journal={IEEE Robotics and Automation Letters},
  volume={6},
  number={2},
  pages={2194--2201},
  year={2021},
  publisher={IEEE}
}

@article{yang2023tacgnn,
  title={Tacgnn: Learning tactile-based in-hand manipulation with a blind robot using hierarchical graph neural network},
  author={Yang, Linhan and Huang, Bidan and Li, Qingbiao and Tsai, Ya-Yen and Lee, Wang Wei and Song, Chaoyang and Pan, Jia},
  journal={IEEE Robotics and Automation Letters},
  volume={8},
  number={6},
  pages={3605--3612},
  year={2023},
  publisher={IEEE}
}

@inproceedings{chen2022visuo,
  title={Visuo-tactile transformers for manipulation},
  author={Chen, Yizhou and Van der Merwe, Mark and Sipos, Andrea and Fazeli, Nima},
  booktitle={6th Annual Conference on Robot Learning},
  year={2022}
}

@article{lee2020stochastic,
  title={Stochastic latent actor-critic: Deep reinforcement learning with a latent variable model},
  author={Lee, Alex X and Nagabandi, Anusha and Abbeel, Pieter and Levine, Sergey},
  journal={Advances in Neural Information Processing Systems},
  volume={33},
  pages={741--752},
  year={2020}
}

@inproceedings{ding2021sim,
  title={Sim-to-real transfer for robotic manipulation with tactile sensory},
  author={Ding, Zihan and Tsai, Ya-Yen and Lee, Wang Wei and Huang, Bidan},
  booktitle={2021 IEEE/RSJ International Conference on Intelligent Robots and Systems (IROS)},
  pages={6778--6785},
  year={2021},
  organization={IEEE}
}

@article{Andrussow23-AIS-Minsight,
  title = {Minsight: A Fingertip-Sized Vision-Based Tactile Sensor for Robotic Manipulation},
  author = {Andrussow, Iris and Sun, Huanbo and Kuchenbecker, Katherine J. and Martius, Georg},
  journal = {Advanced Intelligent Systems},
  volume = {5},
  number = {8},
  pages = {2300042},
  month = aug,
  year = {2023},
  note2 = {Inside back cover},
  doi = {10.1002/aisy.202300042},
  month_numeric = {8}
}

@article{Insight,
  title = {A Soft Thumb-Sized Vision-Based Sensor with Accurate All-Round Force Perception},
  author = {Sun, Huanbo and Kuchenbecker, Katherine J. and Martius, Georg},
  journal = {Nature Machine Intelligence},
  volume = {4},
  number = {2},
  pages = {135--145},
  month = feb,
  year = {2022},
  doi = {10.1038/s42256-021-00439-3},
  url = {https://rdcu.be/cHCl9},
  month_numeric = {2}
}

@phdthesis{dong2021high,
  title={High-resolution tactile sensing for reactive robotic manipulation},
  author={Dong, Siyuan and others},
  year={2021},
  school={Massachusetts Institute of Technology}
}

@article{takahashi2024stable,
  title={Stable Object Placing using Curl and Diff Features of Vision-based Tactile Sensors},
  author={Takahashi, Kuniyuki and Masuda, Shimpei and Taniguchi, Tadahiro},
  journal={arXiv preprint arXiv:2403.19129},
  year={2024}
}

@inproceedings{Lin2013EstimatingPO,
  title={Estimating Point of Contact, Force and Torque in a Biomimetic Tactile Sensor with Deformable Skin},
  author={Chia-Hsien Lin and Jeremy A. Fishel and Gerald E. Loeb},
  year={2013},
  url={https://api.semanticscholar.org/CorpusID:17091700}
}

@inproceedings{gomes2020geltip,
  title={GelTip: A finger-shaped optical tactile sensor for robotic manipulation},
  author={Gomes, Daniel Fernandes and Lin, Zhonglin and Luo, Shan},
  booktitle={2020 IEEE/RSJ International Conference on Intelligent Robots and Systems (IROS)},
  pages={9903--9909},
  year={2020},
  organization={IEEE}
}


@article{yuan2017gelsight,
  title={Gelsight: High-resolution robot tactile sensors for estimating geometry and force},
  author={Yuan, Wenzhen and Dong, Siyuan and Adelson, Edward H},
  journal={Sensors},
  volume={17},
  number={12},
  pages={2762},
  year={2017},
  publisher={MDPI}
}

@inproceedings{taylor2022gelslim,
  title={Gelslim 3.0: High-resolution measurement of shape, force and slip in a compact tactile-sensing finger},
  author={Taylor, Ian H and Dong, Siyuan and Rodriguez, Alberto},
  booktitle={2022 International Conference on Robotics and Automation (ICRA)},
  pages={10781--10787},
  year={2022},
  organization={IEEE}
}

@inproceedings{funabashi2020stable,
  title={Stable in-grasp manipulation with a low-cost robot hand by using 3-axis tactile sensors with a CNN},
  author={Funabashi, Satoshi and Isobe, Tomoki and Ogasa, Shun and Ogata, Tetsuya and Schmitz, Alexander and Tomo, Tito Pradhono and Sugano, Shigeki},
  booktitle={2020 IEEE/RSJ International Conference on Intelligent Robots and Systems (IROS)},
  pages={9166--9173},
  year={2020},
  organization={IEEE}
}

@inproceedings{pitz2023dextrous,
  title={Dextrous tactile in-hand manipulation using a modular reinforcement learning architecture},
  author={Pitz, Johannes and R{\"o}stel, Lennart and Sievers, Leon and B{\"a}uml, Berthold},
  booktitle={2023 IEEE International Conference on Robotics and Automation (ICRA)},
  pages={1852--1858},
  year={2023},
  organization={IEEE}
}

@inproceedings{melnik2019tactile,
  title={Tactile sensing and deep reinforcement learning for in-hand manipulation tasks},
  author={Melnik, Andrew and Lach, Luca and Plappert, Matthias and Korthals, Timo and Haschke, Robert and Ritter, Helge},
  booktitle={IROS Workshop on Autonomous Object Manipulation},
  year={2019}
}

@article{sferrazza2023power,
  title={The Power of the Senses: Generalizable Manipulation from Vision and Touch through Masked Multimodal Learning},
  author={Sferrazza, Carmelo and Seo, Younggyo and Liu, Hao and Lee, Youngwoon and Abbeel, Pieter},
  year={2023}
}


@article{schulman2017proximal,
  title={Proximal policy optimization algorithms},
  author={Schulman, John and Wolski, Filip and Dhariwal, Prafulla and Radford, Alec and Klimov, Oleg},
  journal={arXiv preprint arXiv:1707.06347},
  year={2017}
}

@inproceedings{haarnoja2018soft,
  title={Soft actor-critic: Off-policy maximum entropy deep reinforcement learning with a stochastic actor},
  author={Haarnoja, Tuomas and Zhou, Aurick and Abbeel, Pieter and Levine, Sergey},
  booktitle={International conference on machine learning},
  pages={1861--1870},
  year={2018},
  organization={PMLR}
}

@inproceedings{
abdolmaleki2018maximum,
title={Maximum a Posteriori Policy Optimisation},
author={Abbas Abdolmaleki and Jost Tobias Springenberg and Yuval Tassa and Remi Munos and Nicolas Heess and Martin Riedmiller},
booktitle={International Conference on Learning Representations (ICLR)},
year={2018},
url={https://openreview.net/forum?id=S1ANxQW0b},
}

@article{ward2018tactip,
  title={The tactip family: Soft optical tactile sensors with 3d-printed biomimetic morphologies},
  author={Ward-Cherrier, Benjamin and Pestell, Nicholas and Cramphorn, Luke and Winstone, Benjamin and Giannaccini, Maria Elena and Rossiter, Jonathan and Lepora, Nathan F},
  journal={Soft Robotics},
  volume={5},
  number={2},
  pages={216--227},
  year={2018},
  publisher={Mary Ann Liebert, Inc. 140 Huguenot Street, 3rd Floor New Rochelle, NY 10801 USA}
}

@inproceedings{bhirangi2021reskin,
  title={Reskin: versatile, replaceable, lasting tactile skins},
  author={Bhirangi, Raunaq and Hellebrekers, Tess and Majidi, Carmel and Gupta, Abhinav},
  booktitle={5th Annual Conference on Robot Learning},
  year={2021}
}

@article{scheidt2001learning,
  title={Learning to move amid uncertainty},
  author={Scheidt, Robert A and Dingwell, Jonathan B and Mussa-Ivaldi, Ferdinando A},
  journal={Journal of Neurophysiology},
  volume={86},
  number={2},
  pages={971--985},
  year={2001},
  publisher={American Physiological Society Bethesda, MD}
}



@inproceedings{koiva2013highly,
  title={A highly sensitive 3D-shaped tactile sensor},
  author={Koiva, Risto and Zenker, Matthias and Sch{\"u}rmann, Carsten and Haschke, Robert and Ritter, Helge J},
  booktitle={2013 IEEE/ASME International Conference on Advanced Intelligent Mechatronics},
  pages={1084--1089},
  year={2013},
  organization={IEEE}
}

@article{lee2024dextouch,
  title={{DexTouch}: Learning to Seek and Manipulate Objects with Tactile Dexterity},
  author={Lee, Kang-Won and Qin, Yuzhe and Wang, Xiaolong and Lim, Soo-Chul},
  journal={arXiv preprint arXiv:2401.12496},
  year={2024}
}

@article{gianoglio2023trade,
  title={Trade-off between accuracy and computational cost with neural architecture search: A novel strategy for tactile sensing design},
  author={Gianoglio, Christian and Ragusa, Edoardo and Gastaldo, Paolo and Valle, Maurizio},
  journal={IEEE Sensors Letters},
  year={2023},
  publisher={IEEE}
}


@inproceedings{tippur2023gelsight360,
  title={GelSight360: An omnidirectional camera-based tactile sensor for dexterous robotic manipulation},
  author={Tippur, Megha H and Adelson, Edward H},
  booktitle={2023 IEEE International Conference on Soft Robotics (RoboSoft)},
  pages={1--8},
  year={2023},
  organization={IEEE}
}

@article{wu2022grasparl,
  title={{GraspARL}: Dynamic grasping via adversarial reinforcement learning},
  author={Wu, Tianhao and Zhong, Fangwei and Geng, Yiran and Wang, Hongchen and Zhu, Yongjian and Wang, Yizhou and Dong, Hao},
  journal={arXiv preprint arXiv:2203.02119},
  year={2022}
}

@inproceedings{esser2021taming,
  title={Taming transformers for high-resolution image synthesis},
  author={Esser, Patrick and Rombach, Robin and Ommer, Bjorn},
  booktitle={Proceedings of the IEEE/CVF conference on computer vision and pattern recognition},
  pages={12873--12883},
  year={2021}
}

@inproceedings{wen2024foundationpose,
  title={Foundationpose: Unified 6d pose estimation and tracking of novel objects},
  author={Wen, Bowen and Yang, Wei and Kautz, Jan and Birchfield, Stan},
  booktitle={Proceedings of the IEEE/CVF Conference on Computer Vision and Pattern Recognition},
  pages={17868--17879},
  year={2024}
}

@inproceedings{garcia2019tactilegcn,
  title={Tactilegcn: A graph convolutional network for predicting grasp stability with tactile sensors},
  author={Garcia-Garcia, Alberto and Zapata-Impata, Brayan S and Orts-Escolano, Sergio and Gil, Pablo and Garcia-Rodriguez, Jose},
  booktitle={2019 International Joint Conference on Neural Networks (IJCNN)},
  pages={1--8},
  year={2019},
  organization={IEEE}
}

@article{calandra2018morethanafeeling,
  author={Calandra, Roberto and Owens, Andrew and Jayaraman, Dinesh and Lin, Justin and Yuan, Wenzhen and Malik, Jitendra and Adelson, Edward H. and Levine, Sergey},
  journal={IEEE Robotics and Automation Letters}, 
  title={More Than a Feeling: Learning to Grasp and Regrasp Using Vision and Touch}, 
  year={2018},
  volume={3},
  number={4},
  pages={3300-3307},
  keywords={Grasping;Tactile sensors;Force;Analytical models;Deep learning in robotics and automation;grasping;perception for grasping and manipulation;force and tactile sensing},
  doi={10.1109/LRA.2018.2852779}}

@inproceedings{wo2023densetact20,
  author={Do, Won Kyung and Jurewicz, Bianca and Kennedy, Monroe},
  booktitle={2023 IEEE International Conference on Robotics and Automation (ICRA)}, 
  title={DenseTact 2.0: Optical Tactile Sensor for Shape and Force Reconstruction}, 
  year={2023},
  volume={},
  number={},
  pages={12549-12555},
  keywords={Integrated optics;Surface reconstruction;Shape;Service robots;Force;Transfer learning;Estimation},
  doi={10.1109/ICRA48891.2023.10161150}}

@ARTICLE{piacenza2020disco,
  author={Piacenza, Pedro and Behrman, Keith and Schifferer, Benedikt and Kymissis, Ioannis and Ciocarlie, Matei},
  journal={IEEE/ASME Transactions on Mechatronics}, 
  title={A Sensorized Multicurved Robot Finger With Data-Driven Touch Sensing via Overlapping Light Signals}, 
  year={2020},
  volume={25},
  number={5},
  pages={2416-2427},
  keywords={Light emitting diodes;Force;Tactile sensors;Receivers;Force sensors;tactile sensors},
  doi={10.1109/TMECH.2020.2975578}}

@article{schumacher2022dep,
  title={Dep-rl: Embodied exploration for reinforcement learning in overactuated and musculoskeletal systems},
  author={Schumacher, Pierre and H{\"a}ufle, Daniel and B{\"u}chler, Dieter and Schmitt, Syn and Martius, Georg},
  journal={arXiv preprint arXiv:2206.00484},
  year={2022}
}

@article{mankowitz2019robust,
  title={Robust reinforcement learning for continuous control with model misspecification},
  author={Mankowitz, Daniel J and Levine, Nir and Jeong, Rae and Shi, Yuanyuan and Kay, Jackie and Abdolmaleki, Abbas and Springenberg, Jost Tobias and Mann, Timothy and Hester, Todd and Riedmiller, Martin},
  journal={arXiv preprint arXiv:1906.07516},
  year={2019}
}
