@inproceedings{mamou2009simple,
  title={A simple and efficient approach for 3D mesh approximate convex decomposition},
  author={Mamou, Khaled and Ghorbel, Faouzi},
  booktitle={2009 16th IEEE international conference on image processing (ICIP)},
  pages={3501--3504},
  year={2009},
  organization={IEEE}
}
