% Use this file for citations not found in the ACL Anthology (contained in "anthology.bib").


@misc{alpaca,
  author = {Rohan Taori and Ishaan Gulrajani and Tianyi Zhang and Yann Dubois and Xuechen Li and Carlos Guestrin and Percy Liang and Tatsunori B. Hashimoto },
  title = {Stanford Alpaca: An Instruction-following LLaMA model},
  year = {2023},
  publisher = {GitHub},
  journal = {GitHub repository},
  howpublished = {\url{https://github.com/tatsu-lab/stanford_alpaca}},
}


@article{ouyang2022training,
  title={Training language models to follow instructions with human feedback},
  author={Ouyang, Long and Wu, Jeffrey and Jiang, Xu and Almeida, Diogo and Wainwright, Carroll and Mishkin, Pamela and Zhang, Chong and Agarwal, Sandhini and Slama, Katarina and Ray, Alex and others},
  journal={Advances in neural information processing systems},
  volume={35},
  pages={27730--27744},
  year={2022}
}

@article{zheng2024judging,
  title={Judging llm-as-a-judge with mt-bench and chatbot arena},
  author={Zheng, Lianmin and Chiang, Wei-Lin and Sheng, Ying and Zhuang, Siyuan and Wu, Zhanghao and Zhuang, Yonghao and Lin, Zi and Li, Zhuohan and Li, Dacheng and Xing, Eric and others},
  journal={Advances in Neural Information Processing Systems},
  volume={36},
  year={2024}
}

@article{chen2024mllm,
  title={MLLM-as-a-Judge: Assessing Multimodal LLM-as-a-Judge with Vision-Language Benchmark},
  author={Chen, Dongping and Chen, Ruoxi and Zhang, Shilin and Liu, Yinuo and Wang, Yaochen and Zhou, Huichi and Zhang, Qihui and Zhou, Pan and Wan, Yao and Sun, Lichao},
  journal={arXiv preprint arXiv:2402.04788},
  year={2024}
}


@article{bang2023multitask,
  title={A multitask, multilingual, multimodal evaluation of chatgpt on reasoning, hallucination, and interactivity},
  author={Bang, Yejin and Cahyawijaya, Samuel and Lee, Nayeon and Dai, Wenliang and Su, Dan and Wilie, Bryan and Lovenia, Holy and Ji, Ziwei and Yu, Tiezheng and Chung, Willy and others},
  journal={arXiv preprint arXiv:2302.04023},
  year={2023}
}

% adamw
@inproceedings{loshchilov2018decoupled,
  title     = {Decoupled Weight Decay Regularization},
  author    = {Ilya Loshchilov and Frank Hutter},
  booktitle = {International Conference on Learning Representations},
  year      = {2019},
  url       = {https://openreview.net/forum?id=Bkg6RiCqY7}
}

@article{jain2023bring,
  title={Bring your own data! self-supervised evaluation for large language models},
  author={Jain, Neel and Saifullah, Khalid and Wen, Yuxin and Kirchenbauer, John and Shu, Manli and Saha, Aniruddha and Goldblum, Micah and Geiping, Jonas and Goldstein, Tom},
  journal={arXiv preprint arXiv:2306.13651},
  year={2023}
}



@article{liu2303g,
  title={G-Eval: NLG Evaluation using GPT-4 with Better Human Alignment (2023)},
  author={Liu, Yang and Iter, Dan and Xu, Yichong and Wang, Shuohang and Xu, Ruochen and Zhu, Chenguang},
  journal={URL http://arxiv. org/abs/2303.16634},
  year={2023}
}

@article{wang2023pandalm,
  title={Pandalm: An automatic evaluation benchmark for llm instruction tuning optimization},
  author={Wang, Yidong and Yu, Zhuohao and Zeng, Zhengran and Yang, Linyi and Wang, Cunxiang and Chen, Hao and Jiang, Chaoya and Xie, Rui and Wang, Jindong and Xie, Xing and others},
  journal={arXiv preprint arXiv:2306.05087},
  year={2023}
}


@misc{vicuna2023,
    title = {Vicuna: An Open-Source Chatbot Impressing GPT-4 with 90\%* ChatGPT Quality},
    url = {https://lmsys.org/blog/2023-03-30-vicuna/},
    author = {Chiang, Wei-Lin and Li, Zhuohan and Lin, Zi and Sheng, Ying and Wu, Zhanghao and Zhang, Hao and Zheng, Lianmin and Zhuang, Siyuan and Zhuang, Yonghao and Gonzalez, Joseph E. and Stoica, Ion and Xing, Eric P.},
    month = {March},
    year = {2023}
}

@article{touvron2023llama,
  title={Llama 2: Open foundation and fine-tuned chat models},
  author={Touvron, Hugo and Martin, Louis and Stone, Kevin and Albert, Peter and Almahairi, Amjad and Babaei, Yasmine and Bashlykov, Nikolay and Batra, Soumya and Bhargava, Prajjwal and Bhosale, Shruti and others},
  journal={arXiv preprint arXiv:2307.09288},
  year={2023}
}

@article{achiam2023gpt,
  title={Gpt-4 technical report},
  author={Achiam, Josh and Adler, Steven and Agarwal, Sandhini and Ahmad, Lama and Akkaya, Ilge and Aleman, Florencia Leoni and Almeida, Diogo and Altenschmidt, Janko and Altman, Sam and Anadkat, Shyamal and others},
  journal={arXiv preprint arXiv:2303.08774},
  year={2023}
}


@inproceedings{xu2023wizardlm,
  title={WizardLM: Empowering large pre-trained language models to follow complex instructions},
  author={Xu, Can and Sun, Qingfeng and Zheng, Kai and Geng, Xiubo and Zhao, Pu and Feng, Jiazhan and Tao, Chongyang and Lin, Qingwei and Jiang, Daxin},
  booktitle={The Twelfth International Conference on Learning Representations},
  year={2023}
}


@article{zeng2023evaluating,
  title={Evaluating large language models at evaluating instruction following},
  author={Zeng, Zhiyuan and Yu, Jiatong and Gao, Tianyu and Meng, Yu and Goyal, Tanya and Chen, Danqi},
  journal={arXiv preprint arXiv:2310.07641},
  year={2023}
}


@article{rafailov2024direct,
  title={Direct preference optimization: Your language model is secretly a reward model},
  author={Rafailov, Rafael and Sharma, Archit and Mitchell, Eric and Manning, Christopher D and Ermon, Stefano and Finn, Chelsea},
  journal={Advances in Neural Information Processing Systems},
  volume={36},
  year={2024}
}
@misc{wei2022emergentabilitieslargelanguage,
      title={Emergent Abilities of Large Language Models}, 
      author={Jason Wei and Yi Tay and Rishi Bommasani and Colin Raffel and Barret Zoph and Sebastian Borgeaud and Dani Yogatama and Maarten Bosma and Denny Zhou and Donald Metzler and Ed H. Chi and Tatsunori Hashimoto and Oriol Vinyals and Percy Liang and Jeff Dean and William Fedus},
      year={2022},
      eprint={2206.07682},
      archivePrefix={arXiv},
      primaryClass={cs.CL},
      url={https://arxiv.org/abs/2206.07682}, 
}


@article{bubeck2023sparks,
  title={Sparks of artificial general intelligence: Early experiments with gpt-4},
  author={Bubeck, S{\'e}bastien and Chandrasekaran, Varun and Eldan, Ronen and Gehrke, Johannes and Horvitz, Eric and Kamar, Ece and Lee, Peter and Lee, Yin Tat and Li, Yuanzhi and Lundberg, Scott and others},
  journal={arXiv preprint arXiv:2303.12712},
  year={2023}
}

@article{jiang2023preference,
  title={Preference as Reward, Maximum Preference Optimization with Importance Sampling},
  author={Jiang, Zaifan and Huang, Xing and Wei, Chao},
  journal={arXiv preprint arXiv:2312.16430},
  year={2023}
}

@article{ethayarajh2024kto,
  title={Kto: Model alignment as prospect theoretic optimization},
  author={Ethayarajh, Kawin and Xu, Winnie and Muennighoff, Niklas and Jurafsky, Dan and Kiela, Douwe},
  journal={arXiv preprint arXiv:2402.01306},
  year={2024}
}

@article{hong2024orpo,
  title={Orpo: Monolithic preference optimization without reference model},
  author={Hong, Jiwoo and Lee, Noah and Thorne, James},
  journal={arXiv preprint arXiv:2403.07691},
  volume={2},
  number={4},
  pages={5},
  year={2024}
}

@article{meng2024simpo,
  title={SimPO: Simple Preference Optimization with a Reference-Free Reward},
  author={Meng, Yu and Xia, Mengzhou and Chen, Danqi},
  journal={arXiv preprint arXiv:2405.14734},
  year={2024}
}


@book{Aho:72,
    author  = {Alfred V. Aho and Jeffrey D. Ullman},
    title   = {The Theory of Parsing, Translation and Compiling},
    year    = "1972",
    volume  = "1",
    publisher = {Prentice-Hall},
    address = {Englewood Cliffs, NJ}
}

@book{APA:83,
    author  = {{American Psychological Association}},
    title   = {Publications Manual},
    year    = "1983",
    publisher = {American Psychological Association},
    address = {Washington, DC}
}

@article{Chandra:81,
	author = {Ashok K. Chandra and Dexter C. Kozen and Larry J. Stockmeyer},
	year = "1981",
	title = {Alternation},
	journal = {Journal of the Association for Computing Machinery},
	volume = "28",
	number = "1",
	pages = "114--133",
	doi = "10.1145/322234.322243",
}

@inproceedings{andrew2007scalable,
  title={Scalable training of {L1}-regularized log-linear models},
  author={Andrew, Galen and Gao, Jianfeng},
  booktitle={Proceedings of the 24th International Conference on Machine Learning},
  pages={33--40},
  year={2007},
}

@book{Gusfield:97,
    author  = {Dan Gusfield},
    title   = {Algorithms on Strings, Trees and Sequences},
    year    = "1997",
    publisher = {Cambridge University Press},
    address = {Cambridge, UK}
}

@article{rasooli-tetrault-2015,
    author    = {Mohammad Sadegh Rasooli and Joel R. Tetreault},
    title     = {Yara Parser: {A} Fast and Accurate Dependency Parser},
    journal   = {Computing Research Repository},
    volume    = {arXiv:1503.06733},
    year      = {2015},
    url       = {http://arxiv.org/abs/1503.06733},
    note    = {version 2}
}

@article{Ando2005,
	Acmid = {1194905},
	Author = {Ando, Rie Kubota and Zhang, Tong},
	Issn = {1532-4435},
	Issue_Date = {12/1/2005},
	Journal = {Journal of Machine Learning Research},
	Month = dec,
	Numpages = {37},
	Pages = {1817--1853},
	Publisher = {JMLR.org},
	Title = {A Framework for Learning Predictive Structures from Multiple Tasks and Unlabeled Data},
	Volume = {6},
	Year = {2005}
}



@article{he2024complex,
  title={From Complex to Simple: Enhancing Multi-Constraint Complex Instruction Following Ability of Large Language Models},
  author={He, Qianyu and Zeng, Jie and He, Qianxi and Liang, Jiaqing and Xiao, Yanghua},
  journal={arXiv preprint arXiv:2404.15846},
  year={2024}
}


@article{xia2024fofo,
  title={FOFO: A Benchmark to Evaluate LLMs' Format-Following Capability},
  author={Xia, Congying and Xing, Chen and Du, Jiangshu and Yang, Xinyi and Feng, Yihao and Xu, Ran and Yin, Wenpeng and Xiong, Caiming},
  journal={arXiv preprint arXiv:2402.18667},
  year={2024}
}

@article{jiang2023followbench,
  title={Followbench: A multi-level fine-grained constraints following benchmark for large language models},
  author={Jiang, Yuxin and Wang, Yufei and Zeng, Xingshan and Zhong, Wanjun and Li, Liangyou and Mi, Fei and Shang, Lifeng and Jiang, Xin and Liu, Qun and Wang, Wei},
  journal={arXiv preprint arXiv:2310.20410},
  year={2023}
}

@article{zheng2024llamafactory,
  title={LlamaFactory: Unified Efficient Fine-Tuning of 100+ Language Models},
  author={Yaowei Zheng and Richong Zhang and Junhao Zhang and Yanhan Ye and Zheyan Luo and Yongqiang Ma},
  journal={arXiv preprint arXiv:2403.13372},
  year={2024},
  url={http://arxiv.org/abs/2403.13372}
}

@article{hu2021lora,
  title={Lora: Low-rank adaptation of large language models},
  author={Hu, Edward J and Shen, Yelong and Wallis, Phillip and Allen-Zhu, Zeyuan and Li, Yuanzhi and Wang, Shean and Wang, Lu and Chen, Weizhu},
  journal={arXiv preprint arXiv:2106.09685},
  year={2021}
}


@inproceedings{zhou2023lima,
	author = {Zhou, Chunting and Liu, Pengfei and Xu, Puxin and Iyer, Srini and Sun, Jiao and Mao, Yuning and Ma, Xuezhe and Efrat, Avia and Yu, Ping and Yu, L. and Zhang, Susan and Ghosh, Gargi and Lewis, M. and Zettlemoyer, Luke and Levy, Omer},
	booktitle = {Thirty-seventh {Conference} on {Neural} {Information} {Processing} {Systems}},
	year = {2023},
	pages = {},
	organization = {},
	title = {LIMA: Less {Is} {More} for {Alignment}},
	volume = {abs/2305.11206},
}

@article{mishra2021cross,
  title={Cross-task generalization via natural language crowdsourcing instructions},
  author={Mishra, Swaroop and Khashabi, Daniel and Baral, Chitta and Hajishirzi, Hannaneh},
  journal={arXiv preprint arXiv:2104.08773},
  year={2021}
}



@article{bai2022training,
	author = {Bai, Yuntao and Jones, Andy and Ndousse, Kamal and Askell, Amanda and Chen, Anna and DasSarma, Nova and Drain, Dawn and Fort, Stanislav and Ganguli, Deep and Henighan, Tom and Joseph, Nicholas and Kadavath, Saurav and Kernion, Jackson and Conerly, Tom and El-Showk, Sheer and Elhage, Nelson and Hatfield-Dodds, Zac and Hernandez, Danny and Hume, Tristan and Johnston, Scott and Kravec, Shauna and Lovitt, Liane and Nanda, Neel and Olsson, Catherine and Amodei, Dario and Brown, Tom and Clark, Jack and McCandlish, Sam and Olah, Chris and Mann, Ben and Kaplan, Jared},
	journal = {arXiv},
	year = {2022},
	pages = {},
	publisher = {},
	title = {Training a {Helpful} and {Harmless} {Assistant} with {Reinforcement} {Learning}
  from {Human} {Feedback}},
	volume = {abs/2204.05862},
}

% gpt3
@inproceedings{brown2020language,
	author = {Brown, Tom B. and Mann, Benjamin and Ryder, Nick and Subbiah, Melanie and Kaplan, Jared and Dhariwal, Prafulla and Neelakantan, Arvind and Shyam, Pranav and Sastry, Girish and Askell, Amanda and Agarwal, Sandhini and Herbert-Voss, Ariel and Krueger, Gretchen and Henighan, Tom and Child, Rewon and Ramesh, Aditya and Ziegler, Daniel M. and Wu, Jeffrey and Winter, Clemens and Hesse, Christopher and Chen, Mark and Sigler, Eric and Litwin, Mateusz and Gray, Scott and Chess, Benjamin and Clark, Jack and Berner, Christopher and McCandlish, Sam and Radford, Alec and Sutskever, Ilya and Amodei, Dario},
	booktitle = {Conference on {Neural} {Information} {Processing} {Systems} ({NeurIPS})},
	year = {2020},
	pages = {},
	organization = {},
	title = {Language {Models} are {Few}-{Shot} {Learners}.},
	volume = {},
}

@article{zhang2023instruction,
  title={Instruction tuning for large language models: A survey},
  author={Zhang, Shengyu and Dong, Linfeng and Li, Xiaoya and Zhang, Sen and Sun, Xiaofei and Wang, Shuhe and Li, Jiwei and Hu, Runyi and Zhang, Tianwei and Wu, Fei and others},
  journal={arXiv preprint arXiv:2308.10792},
  year={2023}
}

@inproceedings{longpre2023flan,
  title={The flan collection: Designing data and methods for effective instruction tuning},
  author={Longpre, Shayne and Hou, Le and Vu, Tu and Webson, Albert and Chung, Hyung Won and Tay, Yi and Zhou, Denny and Le, Quoc V and Zoph, Barret and Wei, Jason and others},
  booktitle={International Conference on Machine Learning},
  pages={22631--22648},
  year={2023},
  organization={PMLR}
}

% llama
@article{llama1,
      title={LLaMA: Open and Efficient Foundation Language Models}, 
      author={Hugo Touvron and Thibaut Lavril and Gautier Izacard and Xavier Martinet and Marie-Anne Lachaux and Timothée Lacroix and Baptiste Rozière and Naman Goyal and Eric Hambro and Faisal Azhar and Aurelien Rodriguez and Armand Joulin and Edouard Grave and Guillaume Lample},
      year={2023},
      eprint={2302.13971},
      archivePrefix={arXiv},
      primaryClass={cs.CL},
      journal = {arXiv},
      volume          = {abs/2302.13971},
}

% llama2
@article{llama2,
      title={Llama 2: Open Foundation and Fine-Tuned Chat Models}, 
      author={Hugo Touvron and Louis Martin and Kevin Stone and Peter Albert and Amjad Almahairi and Yasmine Babaei and Nikolay Bashlykov and Soumya Batra and Prajjwal Bhargava and Shruti Bhosale and Dan Bikel and Lukas Blecher and Cristian Canton Ferrer and others},
      year={2023},
      volume={abs/2307.09288},
      journal={arXiv},
      primaryClass={cs.CL},
}

@misc{llama3,
    title = {{Introducing Meta Llama 3: The most capable openly available LLM to date}},
    url = {https://ai.meta.com/blog/meta-llama-3/},
    author = {Hugo Touvron and Meta AI Team and others},
    month = {April},
    year = {2024}
}

@article{openai2023gpt4,
  title={GPT-4 Technical Report}, 
  author={OpenAI},
  year={2023},
  eprint={2303.08774},
  archivePrefix={arXiv},
  primaryClass={cs.CL},
  journal = {arXiv},
  volume = {abs/2303.08774}
}

@article{team2023gemini,
  title={Gemini: a family of highly capable multimodal models},
  author={Team, Gemini and Anil, Rohan and Borgeaud, Sebastian and Wu, Yonghui and Alayrac, Jean-Baptiste and Yu, Jiahui and Soricut, Radu and Schalkwyk, Johan and Dai, Andrew M and Hauth, Anja and others},
  journal={arXiv preprint arXiv:2312.11805},
  year={2023}
}

@article{qin2024infobench,
      title={InFoBench: Evaluating Instruction Following Ability in Large Language Models}, 
      author={Yiwei Qin and Kaiqiang Song and Yebowen Hu and Wenlin Yao and Sangwoo Cho and Xiaoyang Wang and Xuansheng Wu and Fei Liu and Pengfei Liu and Dong Yu},
      year={2024},
      eprint={2401.03601},
      archivePrefix={arXiv},
      primaryClass={cs.CL},
      journal={arXiv}
}

@article{ifeval,
	author = {Zhou, Jeffrey and Lu, Tianjian and Mishra, Swaroop and Brahma, Siddhartha and Basu, Sujoy and Luan, Yi and Zhou, Denny and Hou, Le},
	journal = {arXiv},
	year = {2023},
	pages = {},
	publisher = {},
	title = {Instruction-{Following} {Evaluation} for {Large} {Language} {Models}},
	volume = {abs/2311.07911},
}


@article{yizhi2024cifbench,
	author = {Yizhi, Li and Zhang, Ge and Qu, Xingwei and Li, Jiali and Li, Zhaoqun and Wang, Zekun and Li, Hao and Yuan, Ruibin and Ma, Yi and Zhang, Kai and Zhou, Wangchunshu and Liang, Yiming and Zhang, Lei and Ma, Lei and Zhang, Jiajun and Li, Zuowen and Huang, Stephen W. and Lin, Chenghua and Chen, Wenhu and Fu, Jie},
	journal = {arXiv},
	year = {2024},
	pages = {},
	publisher = {},
	title = {CIF-{Bench}: A {Chinese} {Instruction}-{Following} {Benchmark} for {Evaluating} the {Generalizability} of {Large} {Language} {Models}},
	volume = {},
}


% gpt evaluator
@article{chan2023chateval,
  title={Chateval: Towards better llm-based evaluators through multi-agent debate},
  author={Chan, Chi-Min and Chen, Weize and Su, Yusheng and Yu, Jianxuan and Xue, Wei and Zhang, Shanghang and Fu, Jie and Liu, Zhiyuan},
  journal={arXiv preprint arXiv:2308.07201},
  year={2023}
}

@article{fu2023gptscore,
  title={GPTScore: Evaluate as You Desire},
  author={Fu, Jinlan and Ng, See-Kiong and Jiang, Zhengbao and Liu, Pengfei},
  journal={arXiv},
  year={2023},
  volume = {abs/2302.04166}
}



@article{liu2023calibrating,
  title={Calibrating LLM-Based Evaluator},
  author={Liu, Yuxuan and Yang, Tianchi and Huang, Shaohan and Zhang, Zihan and Huang, Haizhen and Wei, Furu and Deng, Weiwei and Sun, Feng and Zhang, Qi},
  journal={arXiv},
  year={2023},
  volume={abs/2309.13308}
}

@inproceedings{
gou2024critic,
title={{CRITIC}: Large Language Models Can Self-Correct with Tool-Interactive Critiquing},
author={Zhibin Gou and Zhihong Shao and Yeyun Gong and yelong shen and Yujiu Yang and Nan Duan and Weizhu Chen},
booktitle={The Twelfth International Conference on Learning Representations},
year={2024},
url={https://openreview.net/forum?id=Sx038qxjek}
}

@article{bradley1952rank,
  title={Rank analysis of incomplete block designs: I. The method of paired comparisons},
  author={Bradley, Ralph Allan and Terry, Milton E},
  journal={Biometrika},
  volume={39},
  number={3/4},
  pages={324--345},
  year={1952},
  publisher={JSTOR}
}

@article{dong2023raft,
	author = {Dong, Hanze and Xiong, Wei and Goyal, Deepanshu and Pan, Rui and Diao, Shizhe and Zhang, Jipeng and Shum, Kashun and Zhang, T.},
	journal = {Transactions on Machine Learning Research},
	year = {2023},
	pages = {},
	publisher = {},
	title = {RAFT: Reward {rAnked} {FineTuning} for {Generative} {Foundation} {Model} {Alignment}},
	volume = {abs/2304.06767},
}



@article{sun2024conifer,
  title={Conifer: Improving Complex Constrained Instruction-Following Ability of Large Language Models},
  author={Haoran Sun and Lixin Liu and Junjie Li and Fengyu Wang and Baohua Dong and Ran Lin and Ruohui Huang},
  journal={arxiv preprint arXiv:2404.02823},
  year={2024},
  url={https://arxiv.org/abs/2404.02823}
}

@article{jiang2023mistral,
  title={Mistral 7B},
  author={Jiang, Albert Q and Sablayrolles, Alexandre and Mensch, Arthur and Bamford, Chris and Chaplot, Devendra Singh and Casas, Diego de las and Bressand, Florian and Lengyel, Gianna and Lample, Guillaume and Saulnier, Lucile and others},
  journal={arXiv preprint arXiv:2310.06825},
  year={2023}
}

@article{qwen,
  title={Qwen Technical Report},
  author={Jinze Bai and Shuai Bai and Yunfei Chu and Zeyu Cui and Kai Dang and Xiaodong Deng and Yang Fan and Wenbin Ge and Yu Han and Fei Huang and Binyuan Hui and Luo Ji and Mei Li and Junyang Lin and Runji Lin and Dayiheng Liu and Gao Liu and Chengqiang Lu and Keming Lu and Jianxin Ma and Rui Men and Xingzhang Ren and Xuancheng Ren and Chuanqi Tan and Sinan Tan and others},
  journal={arXiv preprint arXiv:2309.16609},
  year={2023}
}


@inproceedings{ma2024activate,
  title={Activate Integrated Controllable Generation with Soft Prompt},
  author={Ma, Jingkun and Zhan, Runzhe and Wong, Derek F and Chao, Lidia S},
  booktitle={CCF International Conference on Natural Language Processing and Chinese Computing},
  pages={239--251},
  year={2024},
  organization={Springer}
}


@article{dong2024xgrammar,
  title={Xgrammar: Flexible and efficient structured generation engine for large language models},
  author={Dong, Yixin and Ruan, Charlie F and Cai, Yaxing and Lai, Ruihang and Xu, Ziyi and Zhao, Yilong and Chen, Tianqi},
  journal={arXiv preprint arXiv:2411.15100},
  year={2024}
}

@misc{openai2023structured,
  title = {Introducing Structured Outputs in the API},
  author = {{OpenAI}},
  year = {2023},
  url = {https://openai.com/index/introducing-structured-outputs-in-the-api}
}

@misc{outlines2023,
  title = {Outlines - GitHub Repository},
  author = {{Outlines Development Team}},
  year = {2023},
  url = {https://github.com/outlines-dev/outlines}
}

@misc{guidance2023,
  title = {Guidance - GitHub Repository},
  author = {{Guidance AI Team}},
  year = {2023},
  url = {https://github.com/guidance-ai/guidance}
}

@misc{sglang2023,
  title = {SGLang - GitHub Repository},
  author = {{SGL Project}},
  year = {2023},
  url = {https://github.com/sgl-project/sglang}
}

@misc{llamacpp2023,
  title = {llama-cpp-python - GitHub Repository},
  author = {{abetlen}},
  year = {2023},
  url = {https://github.com/abetlen/llama-cpp-python}
}

@misc{lmql2023,
  title = {LMQL - GitHub Repository},
  author = {{ETH SRI}},
  year = {2023},
  url = {https://github.com/eth-sri/lmql}
}

@misc{jsonformer2023,
  title = {jsonformer - GitHub Repository},
  author = {{1rgs}},
  year = {2023},
  url = {https://github.com/1rgs/jsonformer}
}

