@inproceedings{Wong2020Fast,
title={Fast is better than free: Revisiting adversarial training},
author={Eric Wong and Leslie Rice and J. Zico Kolter},
booktitle={International Conference on Learning Representations},
year={2020},
url={https://openreview.net/forum?id=BJx040EFvH}
}

@article{alam2022resisting,
  title={Resisting adversarial attacks in deep neural networks using diverse decision boundaries},
  author={Alam, Manaar and Datta, Shubhajit and Mukhopadhyay, Debdeep and Mondal, Arijit and Chakrabarti, Partha Pratim},
  journal={arXiv preprint arXiv:2208.08697},
  year={2022}
}

@article{bai2024improving,
  title={Improving the accuracy-robustness trade-off of classifiers via adaptive smoothing},
  author={Bai, Yatong and Anderson, Brendon G and Kim, Aerin and Sojoudi, Somayeh},
  journal={SIAM Journal on Mathematics of Data Science},
  volume={6},
  number={3},
  pages={788--814},
  year={2024},
  publisher={SIAM}
}

@article{bai2024mixednuts,
  title={MixedNUTS: Training-Free Accuracy-Robustness Balance via Nonlinearly Mixed Classifiers},
  author={Bai, Yatong and Zhou, Mo and Patel, Vishal M and Sojoudi, Somayeh},
  journal={arXiv preprint arXiv:2402.02263},
  year={2024}
}

@inproceedings{carlini2017towards,
  title={Towards evaluating the robustness of neural networks},
  author={Carlini, Nicholas and Wagner, David},
  booktitle={2017 ieee symposium on security and privacy (sp)},
  pages={39--57},
  year={2017},
  organization={Ieee}
}

@inproceedings{co2022jacobian,
  title={Jacobian Ensembles Improve Robustness Trade-Offs to Adversarial Attacks},
  author={Co, Kenneth T and Martinez-Rego, David and Hau, Zhongyuan and Lupu, Emil C},
  booktitle={International Conference on Artificial Neural Networks},
  pages={680--691},
  year={2022},
  organization={Springer}
}

@inproceedings{du2022glam,
  title={Glam: Efficient scaling of language models with mixture-of-experts},
  author={Du, Nan and Huang, Yanping and Dai, Andrew M and Tong, Simon and Lepikhin, Dmitry and Xu, Yuanzhong and Krikun, Maxim and Zhou, Yanqi and Yu, Adams Wei and Firat, Orhan and others},
  booktitle={International Conference on Machine Learning},
  pages={5547--5569},
  year={2022},
  organization={PMLR}
}

@article{fedus2022switch,
  title={Switch transformers: Scaling to trillion parameter models with simple and efficient sparsity},
  author={Fedus, William and Zoph, Barret and Shazeer, Noam},
  journal={Journal of Machine Learning Research},
  volume={23},
  number={120},
  pages={1--39},
  year={2022}
}

@article{goodfellow2014explaining,
  title={Explaining and harnessing adversarial examples},
  author={Goodfellow, Ian J and Shlens, Jonathon and Szegedy, Christian},
  journal={arXiv preprint arXiv:1412.6572},
  year={2014}
}

@article{jacobs1991adaptive,
  title={Adaptive mixtures of local experts},
  author={Jacobs, Robert A and Jordan, Michael I and Nowlan, Steven J and Hinton, Geoffrey E},
  journal={Neural computation},
  volume={3},
  number={1},
  pages={79--87},
  year={1991},
  publisher={MIT Press}
}

@inproceedings{lewis2021base,
  title={Base layers: Simplifying training of large, sparse models},
  author={Lewis, Mike and Bhosale, Shruti and Dettmers, Tim and Goyal, Naman and Zettlemoyer, Luke},
  booktitle={International Conference on Machine Learning},
  pages={6265--6274},
  year={2021},
  organization={PMLR}
}

@inproceedings{liu2018towards,
  title={Towards robust neural networks via random self-ensemble},
  author={Liu, Xuanqing and Cheng, Minhao and Zhang, Huan and Hsieh, Cho-Jui},
  booktitle={Proceedings of the european conference on computer vision (ECCV)},
  pages={369--385},
  year={2018}
}

@article{mkadry2017towards,
  title={Towards deep learning models resistant to adversarial attacks},
  author={M{{a}}dry, Aleksander and Makelov, Aleksandar and Schmidt, Ludwig and Tsipras, Dimitris and Vladu, Adrian},
  journal={stat},
  volume={1050},
  number={9},
  year={2017}
}

@inproceedings{papernot2016limitations,
  title={The limitations of deep learning in adversarial settings},
  author={Papernot, Nicolas and McDaniel, Patrick and Jha, Somesh and Fredrikson, Matt and Celik, Z Berkay and Swami, Ananthram},
  booktitle={2016 IEEE European symposium on security and privacy (EuroS\&P)},
  pages={372--387},
  year={2016},
  organization={IEEE}
}

@article{patterson2021carbon,
  title={Carbon emissions and large neural network training},
  author={Patterson, David and Gonzalez, Joseph and Le, Quoc and Liang, Chen and Munguia, Lluis-Miquel and Rothchild, Daniel and So, David and Texier, Maud and Dean, Jeff},
  journal={arXiv preprint arXiv:2104.10350},
  year={2021}
}

@article{puigcerver2022adversarial,
  title={On the adversarial robustness of mixture of experts},
  author={Puigcerver, Joan and Jenatton, Rodolphe and Riquelme, Carlos and Awasthi, Pranjal and Bhojanapalli, Srinadh},
  journal={Advances in Neural Information Processing Systems},
  volume={35},
  pages={9660--9671},
  year={2022}
}

@article{riquelme2021scaling,
  title={Scaling vision with sparse mixture of experts},
  author={Riquelme, Carlos and Puigcerver, Joan and Mustafa, Basil and Neumann, Maxim and Jenatton, Rodolphe and Susano Pinto, Andr{\'e} and Keysers, Daniel and Houlsby, Neil},
  journal={Advances in Neural Information Processing Systems},
  volume={34},
  pages={8583--8595},
  year={2021}
}

@article{shazeer2017outrageously,
  title={Outrageously large neural networks: The sparsely-gated mixture-of-experts layer},
  author={Shazeer, Noam and Mirhoseini, Azalia and Maziarz, Krzysztof and Davis, Andy and Le, Quoc and Hinton, Geoffrey and Dean, Jeff},
  journal={arXiv preprint arXiv:1701.06538},
  year={2017}
}

@inproceedings{wang2020deep,
  title={Deep mixture of experts via shallow embedding},
  author={Wang, Xin and Yu, Fisher and Dunlap, Lisa and Ma, Yi-An and Wang, Ruth and Mirhoseini, Azalia and Darrell, Trevor and Gonzalez, Joseph E},
  booktitle={Uncertainty in artificial intelligence},
  pages={552--562},
  year={2020},
  organization={PMLR}
}

@inproceedings{wang2020fast,
  title={On Fast Adversarial Robustness Adaptation in Model-Agnostic Meta-Learning},
  author={Wang, Ren and Xu, Kaidi and Liu, Sijia and Chen, Pin-Yu and Weng, Tsui-Wei and Gan, Chuang and Wang, Meng},
  booktitle={International Conference on Learning Representations},
  year={2020}
}

@inproceedings{xue2022go,
  title={Go wider instead of deeper},
  author={Xue, Fuzhao and Shi, Ziji and Wei, Futao and Lou, Yuxuan and Liu, Yong and You, Yang},
  booktitle={Proceedings of the AAAI Conference on Artificial Intelligence},
  volume={36},
  number={8},
  pages={8779--8787},
  year={2022}
}

@article{yuksel2012twenty,
  title={Twenty years of mixture of experts},
  author={Yuksel, Seniha Esen and Wilson, Joseph N and Gader, Paul D},
  journal={IEEE transactions on neural networks and learning systems},
  volume={23},
  number={8},
  pages={1177--1193},
  year={2012},
  publisher={IEEE}
}

@inproceedings{zhang2019theoretically,
  title={Theoretically principled trade-off between robustness and accuracy},
  author={Zhang, Hongyang and Yu, Yaodong and Jiao, Jiantao and Xing, Eric and El Ghaoui, Laurent and Jordan, Michael},
  booktitle={International conference on machine learning},
  pages={7472--7482},
  year={2019},
  organization={PMLR}
}

@inproceedings{zhang2023robust,
  title={Robust mixture-of-expert training for convolutional neural networks},
  author={Zhang, Yihua and Cai, Ruisi and Chen, Tianlong and Zhang, Guanhua and Zhang, Huan and Chen, Pin-Yu and Chang, Shiyu and Wang, Zhangyang and Liu, Sijia},
  booktitle={Proceedings of the IEEE/CVF International Conference on Computer Vision},
  pages={90--101},
  year={2023}
}

