
% reflexion
@article{shinn2024reflexion,
  title={Reflexion: Language agents with verbal reinforcement learning},
  author={Shinn, Noah and Cassano, Federico and Gopinath, Ashwin and Narasimhan, Karthik and Yao, Shunyu},
  journal={Advances in Neural Information Processing Systems},
  volume={36},
  year={2024}
}

% codet
@article{chen2022codet,
  title={Codet: Code generation with generated tests},
  author={Chen, Bei and Zhang, Fengji and Nguyen, Anh and Zan, Daoguang and Lin, Zeqi and Lou, Jian-Guang and Chen, Weizhu},
  journal={arXiv preprint arXiv:2207.10397},
  year={2022}
}

% mbr-exec
@article{shi2022natural,
  title={Natural language to code translation with execution},
  author={Shi, Freda and Fried, Daniel and Ghazvininejad, Marjan and Zettlemoyer, Luke and Wang, Sida I},
  journal={arXiv preprint arXiv:2204.11454},
  year={2022}
}


% codecot

@article{huang2023codecot,
  title={Codecot: Tackling code syntax errors in cot reasoning for code generation},
  author={Huang, Dong and Bu, Qingwen and Qing, Yuhao and Cui, Heming},
  journal={CoRR},
  volume={2308},
  pages={1--20},
  year={2023}
}


% agentcoder
@article{huang2023agentcoder,
  title={Agentcoder: Multi-agent-based code generation with iterative testing and optimisation},
  author={Huang, Dong and Bu, Qingwen and Zhang, Jie M and Luck, Michael and Cui, Heming},
  journal={arXiv preprint arXiv:2312.13010},
  year={2023}
}


% 




% TDD
@article{beck2002test,
  title={Test Driven Development: By Example Addison-Wesley},
  author={Beck, Kent},
  journal={The Addison-Wesley Signature Series},
  year={2002}
}


@article{li2024large,
  title={Large Language Models as Test Case Generators: Performance Evaluation and Enhancement},
  author={Li, Kefan and Yuan, Yuan},
  journal={arXiv preprint arXiv:2404.13340},
  year={2024}
}


@article{brown2020language,
  title={Language models are few-shot learners},
  author={Brown, Tom and Mann, Benjamin and Ryder, Nick and Subbiah, Melanie and Kaplan, Jared D and Dhariwal, Prafulla and Neelakantan, Arvind and Shyam, Pranav and Sastry, Girish and Askell, Amanda and others},
  journal={Advances in neural information processing systems},
  volume={33},
  pages={1877--1901},
  year={2020}
}


@article{li2022competition,
  title={Competition-level code generation with alphacode},
  author={Li, Yujia and Choi, David and Chung, Junyoung and Kushman, Nate and Schrittwieser, Julian and Leblond, R{\'e}mi and Eccles, Tom and Keeling, James and Gimeno, Felix and Dal Lago, Agustin and others},
  journal={Science},
  volume={378},
  number={6624},
  pages={1092--1097},
  year={2022},
  publisher={American Association for the Advancement of Science}
}


@inproceedings{olausson2023self,
  title={Is Self-Repair a Silver Bullet for Code Generation?},
  author={Olausson, Theo X and Inala, Jeevana Priya and Wang, Chenglong and Gao, Jianfeng and Solar-Lezama, Armando},
  booktitle={The Twelfth International Conference on Learning Representations},
  year={2023}
}

@article{wang2023intervenor,
  title={Intervenor: Prompt the coding ability of large language models with the interactive chain of repairing},
  author={Wang, Hanbin and Liu, Zhenghao and Wang, Shuo and Cui, Ganqu and Ding, Ning and Liu, Zhiyuan and Yu, Ge},
  journal={arXiv preprint arXiv:2311.09868},
  year={2023}
}


@inproceedings{zhang2024pair,
  title={A Pair Programming Framework for Code Generation via Multi-Plan Exploration and Feedback-Driven Refinement},
  author={Zhang, Huan and Cheng, Wei and Wu, Yuhan and Hu, Wei},
  booktitle={Proceedings of the 39th IEEE/ACM International Conference on Automated Software Engineering},
  pages={1319--1331},
  year={2024}
}

@inproceedings{Zhong0S24ldb,
  author       = {Li Zhong and
                  Zilong Wang and
                  Jingbo Shang},
  editor       = {Lun{-}Wei Ku and
                  Andre Martins and
                  Vivek Srikumar},
  title        = {Debug like a Human: {A} Large Language Model Debugger via Verifying
                  Runtime Execution Step by Step},
  booktitle    = {Findings of the Association for Computational Linguistics, {ACL} 2024,
                  Bangkok, Thailand and virtual meeting, August 11-16, 2024},
  pages        = {851--870},
  publisher    = {Association for Computational Linguistics},
  year         = {2024},
  url          = {https://doi.org/10.18653/v1/2024.findings-acl.49},
  doi          = {10.18653/V1/2024.FINDINGS-ACL.49},
  timestamp    = {Tue, 24 Sep 2024 10:55:44 +0200},
  biburl       = {https://dblp.org/rec/conf/acl/Zhong0S24.bib},
  bibsource    = {dblp computer science bibliography, https://dblp.org}
}



@article{hurst2024gpt,
  title={Gpt-4o system card},
  author={Hurst, Aaron and Lerer, Adam and Goucher, Adam P and Perelman, Adam and Ramesh, Aditya and Clark, Aidan and Ostrow, AJ and Welihinda, Akila and Hayes, Alan and Radford, Alec and others},
  journal={arXiv preprint arXiv:2410.21276},
  year={2024}
}

@article{dubey2024llama,
  title={The llama 3 herd of models},
  author={Dubey, Abhimanyu and Jauhri, Abhinav and Pandey, Abhinav and Kadian, Abhishek and Al-Dahle, Ahmad and Letman, Aiesha and Mathur, Akhil and Schelten, Alan and Yang, Amy and Fan, Angela and others},
  journal={arXiv preprint arXiv:2407.21783},
  year={2024}
}
@article{hui2024qwen2,
  title={Qwen2.5-Coder Technical Report},
  author={Hui, Binyuan and Yang, Jian and Cui, Zeyu and Yang, Jiaxi and Liu, Dayiheng and Zhang, Lei and Liu, Tianyu and Zhang, Jiajun and Yu, Bowen and Dang, Kai and others},
  journal={arXiv preprint arXiv:2409.12186},
  year={2024}
}
@article{liu2024deepseek,
  title={Deepseek-v3 technical report},
  author={Liu, Aixin and Feng, Bei and Xue, Bing and Wang, Bingxuan and Wu, Bochao and Lu, Chengda and Zhao, Chenggang and Deng, Chengqi and Zhang, Chenyu and Ruan, Chong and others},
  journal={arXiv preprint arXiv:2412.19437},
  year={2024}
}


@article{zhang2023self,
  title={Self-edit: Fault-aware code editor for code generation},
  author={Zhang, Kechi and Li, Zhuo and Li, Jia and Li, Ge and Jin, Zhi},
  journal={arXiv preprint arXiv:2305.04087},
  year={2023}
}



%%%%%%%%%%%%%%% automatic test case generation


% evosuite
@inproceedings{fraser2011evosuite,
  title={Evosuite: automatic test suite generation for object-oriented software},
  author={Fraser, Gordon and Arcuri, Andrea},
  booktitle={Proceedings of the 19th ACM SIGSOFT symposium and the 13th European conference on Foundations of software engineering},
  pages={416--419},
  year={2011}
}

% generate test cases with llm
@inproceedings{siddiq2024using,
  title={Using large language models to generate junit tests: An empirical study},
  author={Siddiq, Mohammed Latif and Da Silva Santos, Joanna Cecilia and Tanvir, Ridwanul Hasan and Ulfat, Noshin and Al Rifat, Fahmid and Carvalho Lopes, Vin{\'\i}cius},
  booktitle={Proceedings of the 28th International Conference on Evaluation and Assessment in Software Engineering},
  pages={313--322},
  year={2024}
}

@inproceedings{guilherme2023initial,
  title={An initial investigation of ChatGPT unit test generation capability},
  author={Guilherme, Vitor and Vincenzi, Auri},
  booktitle={Proceedings of the 8th Brazilian Symposium on Systematic and Automated Software Testing},
  pages={15--24},
  year={2023}
}

# TestGen-LLM
@inproceedings{alshahwan2024automated,
  title={Automated unit test improvement using large language models at meta},
  author={Alshahwan, Nadia and Chheda, Jubin and Finogenova, Anastasia and Gokkaya, Beliz and Harman, Mark and Harper, Inna and Marginean, Alexandru and Sengupta, Shubho and Wang, Eddy},
  booktitle={Companion Proceedings of the 32nd ACM International Conference on the Foundations of Software Engineering},
  pages={185--196},
  year={2024}
}

% LLMs assist in automatic software testing
@article{schafer2023empirical,
  author={Sch√§fer, Max and Nadi, Sarah and Eghbali, Aryaz and Tip, Frank},
  journal={IEEE Transactions on Software Engineering}, 
  title={An Empirical Evaluation of Using Large Language Models for Automated Unit Test Generation}, 
  year={2024},
  volume={50},
  number={1},
  pages={85-105},
  keywords={Training;Test pattern generators;Documentation;Codes;Source coding;Software;Electronic mail;Test generation;JavaScript;language models},
  doi={10.1109/TSE.2023.3334955}}


@inproceedings{kang2023large,
  title={Large language models are few-shot testers: Exploring llm-based general bug reproduction},
  author={Kang, Sungmin and Yoon, Juyeon and Yoo, Shin},
  booktitle={2023 IEEE/ACM 45th International Conference on Software Engineering (ICSE)},
  pages={2312--2323},
  year={2023},
  organization={IEEE}
}

@inproceedings{dinella2022toga,
  title={Toga: A neural method for test oracle generation},
  author={Dinella, Elizabeth and Ryan, Gabriel and Mytkowicz, Todd and Lahiri, Shuvendu K},
  booktitle={Proceedings of the 44th International Conference on Software Engineering},
  pages={2130--2141},
  year={2022}
}


% utilize GPT-4 to generate security tests to find vulnerables
@article{zhang2023well,
  title={How well does LLM generate security tests?},
  author={Zhang, Ying and Song, Wenjia and Ji, Zhengjie and Meng, Na and others},
  journal={arXiv preprint arXiv:2310.00710},
  year={2023}
}


@inproceedings{hossain2023neural,
  title={Neural-based test oracle generation: A large-scale evaluation and lessons learned},
  author={Hossain, Soneya Binta and Filieri, Antonio and Dwyer, Matthew B and Elbaum, Sebastian and Visser, Willem},
  booktitle={Proceedings of the 31st ACM Joint European Software Engineering Conference and Symposium on the Foundations of Software Engineering},
  pages={120--132},
  year={2023}
}

% NSGA-II
@inproceedings{deb2000fast,
  title={A fast elitist non-dominated sorting genetic algorithm for multi-objective optimization: NSGA-II},
  author={Deb, Kalyanmoy and Agrawal, Samir and Pratap, Amrit and Meyarivan, Tanaka},
  booktitle={Parallel Problem Solving from Nature PPSN VI: 6th International Conference Paris, France, September 18--20, 2000 Proceedings 6},
  pages={849--858},
  year={2000},
  organization={Springer}
}

@inproceedings{LoshchilovH17cosine,
  author       = {Ilya Loshchilov and
                  Frank Hutter},
  title        = {{SGDR:} Stochastic Gradient Descent with Warm Restarts},
  booktitle    = {5th International Conference on Learning Representations, {ICLR} 2017,
                  Toulon, France, April 24-26, 2017, Conference Track Proceedings},
  publisher    = {OpenReview.net},
  year         = {2017},
  url          = {https://openreview.net/forum?id=Skq89Scxx},
  timestamp    = {Thu, 25 Jul 2019 14:25:58 +0200},
  biburl       = {https://dblp.org/rec/conf/iclr/LoshchilovH17.bib},
  bibsource    = {dblp computer science bibliography, https://dblp.org}
}



# funsearch
@article{romera2024mathematical,
  title={Mathematical discoveries from program search with large language models},
  author={Romera-Paredes, Bernardino and Barekatain, Mohammadamin and Novikov, Alexander and Balog, Matej and Kumar, M Pawan and Dupont, Emilien and Ruiz, Francisco JR and Ellenberg, Jordan S and Wang, Pengming and Fawzi, Omar and others},
  journal={Nature},
  volume={625},
  number={7995},
  pages={468--475},
  year={2024},
  publisher={Nature Publishing Group UK London}
}

@article{ye2024reevo,
  title={Reevo: Large language models as hyper-heuristics with reflective evolution},
  author={Ye, Haoran and Wang, Jiarui and Cao, Zhiguang and Berto, Federico and Hua, Chuanbo and Kim, Haeyeon and Park, Jinkyoo and Song, Guojie},
  journal={arXiv preprint arXiv:2402.01145},
  year={2024}
}

@inproceedings{shimmi2022leveraging,
  title={Leveraging code-test co-evolution patterns for automated test case recommendation},
  author={Shimmi, Samiha and Rahimi, Mona},
  booktitle={Proceedings of the 3rd ACM/IEEE International Conference on Automation of Software Test},
  pages={65--76},
  year={2022}
}
@article{chi2024reaccept,
  title={REACCEPT: Automated Co-evolution of Production and Test Code Based on Dynamic Validation and Large Language Models},
  author={Chi, Jianlei and Wang, Xiaotian and Huang, Yuhan and Yu, Lechen and Cui, Di and Sun, Jianguo and Sun, Jun},
  journal={arXiv preprint arXiv:2411.11033},
  year={2024}
}
@inproceedings{ruan2024evolutionary,
  title={Evolutionary Testing for Program Repair},
  author={Ruan, Haifeng and Nguyen, Hoang Lam and Shariffdeen, Ridwan and Noller, Yannic and Roychoudhury, Abhik},
  booktitle={2024 IEEE Conference on Software Testing, Verification and Validation (ICST)},
  pages={105--116},
  year={2024},
  organization={IEEE}
}

@inproceedings{arcuri2007coevolving,
  title={Coevolving programs and unit tests from their specification},
  author={Arcuri, Andrea and Yao, Xin},
  booktitle={Proceedings of the 22nd IEEE/ACM International Conference on Automated Software Engineering},
  pages={397--400},
  year={2007}
}

% evoprompting
@article{chen2023evoprompting,
  title={Evoprompting: Language models for code-level neural architecture search},
  author={Chen, Angelica and Dohan, David and So, David},
  journal={Advances in neural information processing systems},
  volume={36},
  pages={7787--7817},
  year={2023}
}

% openelm
@incollection{bradley2024openelm,
  title={The openelm library: Leveraging progress in language models for novel evolutionary algorithms},
  author={Bradley, Herbie and Fan, Honglu and Galanos, Theodoros and Zhou, Ryan and Scott, Daniel and Lehman, Joel},
  booktitle={Genetic Programming Theory and Practice XX},
  pages={177--201},
  year={2024},
  publisher={Springer}
}

@inproceedings{liu2024evolution,
  title={Evolution of Heuristics: Towards Efficient Automatic Algorithm Design Using Large Language Model},
  author={Liu, Fei and Xialiang, Tong and Yuan, Mingxuan and Lin, Xi and Luo, Fu and Wang, Zhenkun and Lu, Zhichao and Zhang, Qingfu},
  booktitle={Forty-first International Conference on Machine Learning},
  year={2024}
}
@article{liu2023algorithm,
  title={Algorithm evolution using large language model},
  author={Liu, Fei and Tong, Xialiang and Yuan, Mingxuan and Zhang, Qingfu},
  journal={arXiv preprint arXiv:2311.15249},
  year={2023}
}
@article{ma2023eureka,
  title={Eureka: Human-level reward design via coding large language models},
  author={Ma, Yecheng Jason and Liang, William and Wang, Guanzhi and Huang, De-An and Bastani, Osbert and Jayaraman, Dinesh and Zhu, Yuke and Fan, Linxi and Anandkumar, Anima},
  journal={arXiv preprint arXiv:2310.12931},
  year={2023}
}

@article{meyerson2024language,
    author = {Meyerson, Elliot and Nelson, Mark J. and Bradley, Herbie and Gaier, Adam and Moradi, Arash and Hoover, Amy K. and Lehman, Joel},
    title = {Language Model Crossover: Variation through Few-Shot Prompting},
    year = {2024},
    issue_date = {December 2024},
    publisher = {Association for Computing Machinery},
    address = {New York, NY, USA},
    volume = {4},
    number = {4},
    url = {https://doi.org/10.1145/3694791},
    doi = {10.1145/3694791},
    journal = {ACM Trans. Evol. Learn. Optim.},
    month = nov,
    articleno = {27},
    numpages = {40},
}

@inproceedings{arcuri2008novel,
  title={A novel co-evolutionary approach to automatic software bug fixing},
  author={Arcuri, Andrea and Yao, Xin},
  booktitle={2008 IEEE Congress on Evolutionary Computation (IEEE World Congress on Computational Intelligence)},
  pages={162--168},
  year={2008},
  organization={IEEE}
}

@inproceedings{duan2024autotest,
  title={AutoTest: Evolutionary Code Solution Selection with Test Cases},
  author={Duan, Zhihua and Wang, Jialin},
  booktitle={2024 IEEE 11th International Conference on Cyber Security and Cloud Computing (CSCloud)},
  pages={132--134},
  year={2024},
  organization={IEEE}
}


@article{gu2024testart,
  title={Testart: Improving llm-based unit test via co-evolution of automated generation and repair iteration},
  author={Gu, Siqi and Fang, Chunrong and Zhang, Quanjun and Tian, Fangyuan and Chen, Zhenyu},
  journal={arXiv e-prints},
  pages={arXiv--2408},
  year={2024}
}

$ pass at k
@inproceedings{kulal2019spoc,
    author = {Kulal, Sumith and Pasupat, Panupong and Chandra, Kartik and Lee, Mina and Padon, Oded and Aiken, Alex and Liang, Percy S},
    booktitle = {Advances in Neural Information Processing Systems},
    editor = {H. Wallach and H. Larochelle and A. Beygelzimer and F. d\textquotesingle Alch\'{e}-Buc and E. Fox and R. Garnett},
    pages = {},
    publisher = {Curran Associates, Inc.},
    title = {SPoC: Search-based Pseudocode to Code},
    volume = {32},
    year = {2019}
}

% togll
@article{hossain2024togll,
  title={TOGLL: Correct and Strong Test Oracle Generation with LLMs},
  author={Hossain, Soneya Binta and Dwyer, Matthew},
  journal={arXiv preprint arXiv:2405.03786},
  year={2024}
}

@article{takerngsaksiri2024tdd,
  title={TDD Without Tears: Towards Test Case Generation from Requirements through Deep Reinforcement Learning},
  author={Takerngsaksiri, Wannita and Charakorn, Rujikorn and Tantithamthavorn, Chakkrit and Li, Yuan-Fang},
  journal={arXiv preprint arXiv:2401.07576},
  year={2024}
}

