@article{alayrac2022flamingo,
  title={Flamingo: a visual language model for few-shot learning},
  author={Alayrac, Jean-Baptiste and Donahue, Jeff and Luc, Pauline and Miech, Antoine and Barr, Iain and Hasson, Yana and Lenc, Karel and Mensch, Arthur and Millican, Katherine and Reynolds, Malcolm and others},
  journal={Advances in Neural Information Processing Systems},
  volume={35},
  pages={23716--23736},
  year={2022}
}

@article{brown2020language,
  title={Language models are few-shot learners},
  author={Brown, Tom and Mann, Benjamin and Ryder, Nick and Subbiah, Melanie and Kaplan, Jared D and Dhariwal, Prafulla and Neelakantan, Arvind and Shyam, Pranav and Sastry, Girish and Askell, Amanda and others},
  journal={Advances in neural information processing systems},
  volume={33},
  pages={1877--1901},
  year={2020}
}

@inproceedings{cha2024honeybee,
  title={Honeybee: Locality-enhanced projector for multimodal llm},
  author={Cha, Junbum and Kang, Wooyoung and Mun, Jonghwan and Roh, Byungseok},
  booktitle={Proceedings of the IEEE/CVF Conference on Computer Vision and Pattern Recognition},
  pages={13817--13827},
  year={2024}
}

@inproceedings{chen2023tem,
  title={Tem-adapter: Adapting image-text pretraining for video question answer},
  author={Chen, Guangyi and Liu, Xiao and Wang, Guangrun and Zhang, Kun and Torr, Philip HS and Zhang, Xiao-Ping and Tang, Yansong},
  booktitle={Proceedings of the IEEE/CVF International Conference on Computer Vision},
  pages={13945--13955},
  year={2023}
}

@misc{chen2025janusprounifiedmultimodalunderstanding,
      title={Janus-Pro: Unified Multimodal Understanding and Generation with Data and Model Scaling}, 
      author={Xiaokang Chen and Zhiyu Wu and Xingchao Liu and Zizheng Pan and Wen Liu and Zhenda Xie and Xingkai Yu and Chong Ruan},
      year={2025},
      eprint={2501.17811},
      archivePrefix={arXiv},
      primaryClass={cs.AI},
      url={https://arxiv.org/abs/2501.17811}, 
}

@inproceedings{chen2025sharegpt4v,
  title={Sharegpt4v: Improving large multi-modal models with better captions},
  author={Chen, Lin and Li, Jinsong and Dong, Xiaoyi and Zhang, Pan and He, Conghui and Wang, Jiaqi and Zhao, Feng and Lin, Dahua},
  booktitle={European Conference on Computer Vision},
  pages={370--387},
  year={2025},
  organization={Springer}
}

@article{chowdhery2023palm,
  title={Palm: Scaling language modeling with pathways},
  author={Chowdhery, Aakanksha and Narang, Sharan and Devlin, Jacob and Bosma, Maarten and Mishra, Gaurav and Roberts, Adam and Barham, Paul and Chung, Hyung Won and Sutton, Charles and Gehrmann, Sebastian and others},
  journal={Journal of Machine Learning Research},
  volume={24},
  number={240},
  pages={1--113},
  year={2023}
}

@article{covert2024locality,
  title={Locality Alignment Improves Vision-Language Models},
  author={Covert, Ian and Sun, Tony and Zou, James and Hashimoto, Tatsunori},
  journal={arXiv preprint arXiv:2410.11087},
  year={2024}
}

@misc{dai2023instructblipgeneralpurposevisionlanguagemodels,
      title={InstructBLIP: Towards General-purpose Vision-Language Models with Instruction Tuning}, 
      author={Wenliang Dai and Junnan Li and Dongxu Li and Anthony Meng Huat Tiong and Junqi Zhao and Weisheng Wang and Boyang Li and Pascale Fung and Steven Hoi},
      year={2023},
      eprint={2305.06500},
      archivePrefix={arXiv},
      primaryClass={cs.CV},
      url={https://arxiv.org/abs/2305.06500}, 
}

@article{dosovitskiy2020image,
  title={An image is worth 16x16 words: Transformers for image recognition at scale},
  author={Dosovitskiy, Alexey},
  journal={arXiv preprint arXiv:2010.11929},
  year={2020}
}

@article{dubey2024llama,
  title={The llama 3 herd of models},
  author={Dubey, Abhimanyu and Jauhri, Abhinav and Pandey, Abhinav and Kadian, Abhishek and Al-Dahle, Ahmad and Letman, Aiesha and Mathur, Akhil and Schelten, Alan and Yang, Amy and Fan, Angela and others},
  journal={arXiv preprint arXiv:2407.21783},
  year={2024}
}

@article{gao2023llama,
  title={Llama-adapter v2: Parameter-efficient visual instruction model},
  author={Gao, Peng and Han, Jiaming and Zhang, Renrui and Lin, Ziyi and Geng, Shijie and Zhou, Aojun and Zhang, Wei and Lu, Pan and He, Conghui and Yue, Xiangyu and others},
  journal={arXiv preprint arXiv:2304.15010},
  year={2023}
}

@article{hernandez2024generative,
  title={Generative Visual Instruction Tuning},
  author={Hernandez, Jefferson and Villegas, Ruben and Ordonez, Vicente},
  journal={arXiv preprint arXiv:2406.11262},
  year={2024}
}

@inproceedings{huang2024segment,
  title={Segment and caption anything},
  author={Huang, Xiaoke and Wang, Jianfeng and Tang, Yansong and Zhang, Zheng and Hu, Han and Lu, Jiwen and Wang, Lijuan and Liu, Zicheng},
  booktitle={Proceedings of the IEEE/CVF Conference on Computer Vision and Pattern Recognition},
  pages={13405--13417},
  year={2024}
}

@inproceedings{jaegle2021perceiver,
  title={Perceiver: General perception with iterative attention},
  author={Jaegle, Andrew and Gimeno, Felix and Brock, Andy and Vinyals, Oriol and Zisserman, Andrew and Carreira, Joao},
  booktitle={International conference on machine learning},
  pages={4651--4664},
  year={2021},
  organization={PMLR}
}

@article{jiang2023clip,
  title={From clip to dino: Visual encoders shout in multi-modal large language models},
  author={Jiang, Dongsheng and Liu, Yuchen and Liu, Songlin and Zhao, Jin'e and Zhang, Hao and Gao, Zhen and Zhang, Xiaopeng and Li, Jin and Xiong, Hongkai},
  journal={arXiv preprint arXiv:2310.08825},
  year={2023}
}

@inproceedings{kar2025brave,
  title={Brave: Broadening the visual encoding of vision-language models},
  author={Kar, O{\u{g}}uzhan Fatih and Tonioni, Alessio and Poklukar, Petra and Kulshrestha, Achin and Zamir, Amir and Tombari, Federico},
  booktitle={European Conference on Computer Vision},
  pages={113--132},
  year={2025},
  organization={Springer}
}

@article{karamcheti2024prismatic,
  title={Prismatic vlms: Investigating the design space of visually-conditioned language models},
  author={Karamcheti, Siddharth and Nair, Suraj and Balakrishna, Ashwin and Liang, Percy and Kollar, Thomas and Sadigh, Dorsa},
  journal={arXiv preprint arXiv:2402.07865},
  year={2024}
}

@article{koh2024generating,
  title={Generating images with multimodal language models},
  author={Koh, Jing Yu and Fried, Daniel and Salakhutdinov, Russ R},
  journal={Advances in Neural Information Processing Systems},
  volume={36},
  year={2024}
}

@inproceedings{li2022blip,
  title={Blip: Bootstrapping language-image pre-training for unified vision-language understanding and generation},
  author={Li, Junnan and Li, Dongxu and Xiong, Caiming and Hoi, Steven},
  booktitle={International conference on machine learning},
  pages={12888--12900},
  year={2022},
  organization={PMLR}
}

@inproceedings{li2023blip,
  title={Blip-2: Bootstrapping language-image pre-training with frozen image encoders and large language models},
  author={Li, Junnan and Li, Dongxu and Savarese, Silvio and Hoi, Steven},
  booktitle={International conference on machine learning},
  pages={19730--19742},
  year={2023},
  organization={PMLR}
}

@article{li2024llava,
  title={Llava-onevision: Easy visual task transfer},
  author={Li, Bo and Zhang, Yuanhan and Guo, Dong and Zhang, Renrui and Li, Feng and Zhang, Hao and Zhang, Kaichen and Zhang, Peiyuan and Li, Yanwei and Liu, Ziwei and others},
  journal={arXiv preprint arXiv:2408.03326},
  year={2024}
}

@inproceedings{liu2024universal,
  title={Universal segmentation at arbitrary granularity with language instruction},
  author={Liu, Yong and Zhang, Cairong and Wang, Yitong and Wang, Jiahao and Yang, Yujiu and Tang, Yansong},
  booktitle={Proceedings of the IEEE/CVF Conference on Computer Vision and Pattern Recognition},
  pages={3459--3469},
  year={2024}
}

@article{liu2024visual,
  title={Visual instruction tuning},
  author={Liu, Haotian and Li, Chunyuan and Wu, Qingyang and Lee, Yong Jae},
  journal={Advances in neural information processing systems},
  volume={36},
  year={2024}
}

@inproceedings{longpre2023flan,
  title={The flan collection: Designing data and methods for effective instruction tuning},
  author={Longpre, Shayne and Hou, Le and Vu, Tu and Webson, Albert and Chung, Hyung Won and Tay, Yi and Zhou, Denny and Le, Quoc V and Zoph, Barret and Wei, Jason and others},
  booktitle={International Conference on Machine Learning},
  pages={22631--22648},
  year={2023},
  organization={PMLR}
}

@inproceedings{lu2024unified,
  title={Unified-IO 2: Scaling Autoregressive Multimodal Models with Vision Language Audio and Action},
  author={Lu, Jiasen and Clark, Christopher and Lee, Sangho and Zhang, Zichen and Khosla, Savya and Marten, Ryan and Hoiem, Derek and Kembhavi, Aniruddha},
  booktitle={Proceedings of the IEEE/CVF Conference on Computer Vision and Pattern Recognition},
  pages={26439--26455},
  year={2024}
}

@article{ouyang2022training,
  title={Training language models to follow instructions with human feedback},
  author={Ouyang, Long and Wu, Jeffrey and Jiang, Xu and Almeida, Diogo and Wainwright, Carroll and Mishkin, Pamela and Zhang, Chong and Agarwal, Sandhini and Slama, Katarina and Ray, Alex and others},
  journal={Advances in neural information processing systems},
  volume={35},
  pages={27730--27744},
  year={2022}
}

@article{shi2024eagle,
  title={Eagle: Exploring the design space for multimodal llms with mixture of encoders},
  author={Shi, Min and Liu, Fuxiao and Wang, Shihao and Liao, Shijia and Radhakrishnan, Subhashree and Huang, De-An and Yin, Hongxu and Sapra, Karan and Yacoob, Yaser and Shi, Humphrey and others},
  journal={arXiv preprint arXiv:2408.15998},
  year={2024}
}

@misc{shi2025lmfusionadaptingpretrainedlanguage,
      title={LMFusion: Adapting Pretrained Language Models for Multimodal Generation}, 
      author={Weijia Shi and Xiaochuang Han and Chunting Zhou and Weixin Liang and Xi Victoria Lin and Luke Zettlemoyer and Lili Yu},
      year={2025},
      eprint={2412.15188},
      archivePrefix={arXiv},
      primaryClass={cs.CL},
      url={https://arxiv.org/abs/2412.15188}, 
}

@article{tong2024cambrian,
  title={{Cambrian-1: A Fully Open, Vision-Centric Exploration of Multimodal LLMs}},
  author={Tong, Shengbang and Brown, Ellis and Wu, Penghao and Woo, Sanghyun and Middepogu, Manoj and Akula, Sai Charitha and Yang, Jihan and Yang, Shusheng and Iyer, Adithya and Pan, Xichen and Wang, Austin and Fergus, Rob and LeCun, Yann and Xie, Saining},
  journal={arXiv preprint arXiv:2406.16860},
  year={2024}
}

@inproceedings{tong2024eyes,
  title={Eyes wide shut? exploring the visual shortcomings of multimodal llms},
  author={Tong, Shengbang and Liu, Zhuang and Zhai, Yuexiang and Ma, Yi and LeCun, Yann and Xie, Saining},
  booktitle={Proceedings of the IEEE/CVF Conference on Computer Vision and Pattern Recognition},
  pages={9568--9578},
  year={2024}
}

@article{tong2024metamorph,
  title={MetaMorph: Multimodal Understanding and Generation via Instruction Tuning},
  author={Tong, Shengbang and Fan, David and Zhu, Jiachen and Xiong, Yunyang and Chen, Xinlei and Sinha, Koustuv and Rabbat, Michael and LeCun, Yann and Xie, Saining and Liu, Zhuang},
  journal={arXiv preprint arXiv:2412.14164},
  year={2024}
}

@article{vaswani2017attention,
  title={Attention is all you need},
  author={Vaswani, A},
  journal={Advances in Neural Information Processing Systems},
  year={2017}
}

@article{wang2024diffusion,
  title={Diffusion feedback helps clip see better},
  author={Wang, Wenxuan and Sun, Quan and Zhang, Fan and Tang, Yepeng and Liu, Jing and Wang, Xinlong},
  journal={arXiv preprint arXiv:2407.20171},
  year={2024}
}

@article{wang2024qwen2,
  title={Qwen2-vl: Enhancing vision-language model's perception of the world at any resolution},
  author={Wang, Peng and Bai, Shuai and Tan, Sinan and Wang, Shijie and Fan, Zhihao and Bai, Jinze and Chen, Keqin and Liu, Xuejing and Wang, Jialin and Ge, Wenbin and others},
  journal={arXiv preprint arXiv:2409.12191},
  year={2024}
}

@article{wang2024visionllm,
  title={Visionllm: Large language model is also an open-ended decoder for vision-centric tasks},
  author={Wang, Wenhai and Chen, Zhe and Chen, Xiaokang and Wu, Jiannan and Zhu, Xizhou and Zeng, Gang and Luo, Ping and Lu, Tong and Zhou, Jie and Qiao, Yu and others},
  journal={Advances in Neural Information Processing Systems},
  volume={36},
  year={2024}
}

@article{you2023ferret,
  title={Ferret: Refer and ground anything anywhere at any granularity},
  author={You, Haoxuan and Zhang, Haotian and Gan, Zhe and Du, Xianzhi and Zhang, Bowen and Wang, Zirui and Cao, Liangliang and Chang, Shih-Fu and Yang, Yinfei},
  journal={arXiv preprint arXiv:2310.07704},
  year={2023}
}

@article{zhou2024transfusion,
  title={Transfusion: Predict the next token and diffuse images with one multi-modal model},
  author={Zhou, Chunting and Yu, Lili and Babu, Arun and Tirumala, Kushal and Yasunaga, Michihiro and Shamis, Leonid and Kahn, Jacob and Ma, Xuezhe and Zettlemoyer, Luke and Levy, Omer},
  journal={arXiv preprint arXiv:2408.11039},
  year={2024}
}

@article{zhu2023minigpt,
  title={Minigpt-4: Enhancing vision-language understanding with advanced large language models},
  author={Zhu, Deyao and Chen, Jun and Shen, Xiaoqian and Li, Xiang and Elhoseiny, Mohamed},
  journal={arXiv preprint arXiv:2304.10592},
  year={2023}
}

@article{zhu2024multimodal,
  title={Multimodal c4: An open, billion-scale corpus of images interleaved with text},
  author={Zhu, Wanrong and Hessel, Jack and Awadalla, Anas and Gadre, Samir Yitzhak and Dodge, Jesse and Fang, Alex and Yu, Youngjae and Schmidt, Ludwig and Wang, William Yang and Choi, Yejin},
  journal={Advances in Neural Information Processing Systems},
  volume={36},
  year={2024}
}

@article{zong2024mova,
  title={Mova: Adapting mixture of vision experts to multimodal context},
  author={Zong, Zhuofan and Ma, Bingqi and Shen, Dazhong and Song, Guanglu and Shao, Hao and Jiang, Dongzhi and Li, Hongsheng and Liu, Yu},
  journal={arXiv preprint arXiv:2404.13046},
  year={2024}
}

