@article{devlin2018bert,
  title={Bert: Pre-training of deep bidirectional transformers for language understanding},
  author={Devlin, Jacob},
  journal={arXiv preprint arXiv:1810.04805},
  year={2018}
}

@article{matos2024worldmedqa,
  title={WorldMedQA-V: a multilingual, multimodal medical examination dataset for multimodal language models evaluation},
  author={Matos, Jo{\~a}o and Chen, Shan and Placino, Siena and Li, Yingya and Pardo, Juan Carlos Climent and Idan, Daphna and Tohyama, Takeshi and Restrepo, David and Nakayama, Luis F and Pascual-Leone, Jose MM and others},
  journal={arXiv preprint arXiv:2410.12722},
  year={2024}
}

@inproceedings{duan2024vlmevalkit,
  title={Vlmevalkit: An open-source toolkit for evaluating large multi-modality models},
  author={Duan, Haodong and Yang, Junming and Qiao, Yuxuan and Fang, Xinyu and Chen, Lin and Liu, Yuan and Dong, Xiaoyi and Zang, Yuhang and Zhang, Pan and Wang, Jiaqi and others},
  booktitle={Proceedings of the 32nd ACM International Conference on Multimedia},
  pages={11198--11201},
  year={2024}
}

@article{hertz2022prompt,
  title={Prompt-to-prompt image editing with cross attention control},
  author={Hertz, Amir and Mokady, Ron and Tenenbaum, Jay and Aberman, Kfir and Pritch, Yael and Cohen-Or, Daniel},
  booktitle={arXiv preprint arXiv:2208.01626},
  year={2022}
}

@article{alayrac2022flamingo,
  title={Flamingo: a visual language model for few-shot learning},
  author={Alayrac, Jean-Baptiste and Donahue, Jeff and Luc, Pauline and Miech, Antoine and Barr, Iain and Hasson, Yana and Lenc, Karel and Mensch, Arthur and Millican, Katherine and Reynolds, Malcolm and others},
  journal={Advances in Neural Information Processing Systems},
  volume={35},
  pages={23716--23736},
  year={2022}
}

@article{abnar2020quantifying,
  title={Quantifying attention flow in transformers},
  author={Abnar, Samira and Zuidema, Willem},
  journal={arXiv preprint arXiv:2005.00928},
  year={2020}
}

@article{lin2024training,
  title={Training-Free Open-Ended Object Detection and Segmentation via Attention as Prompts},
  author={Lin, Zhiwei and Wang, Yongtao and Tang, Zhi},
  journal={arXiv preprint arXiv:2410.05963},
  year={2024}
}

@inproceedings{hu2018squeeze,
  title={Squeeze-and-excitation networks},
  author={Hu, Jie and Shen, Li and Sun, Gang},
  booktitle={Proceedings of the IEEE conference on computer vision and pattern recognition},
  pages={7132--7141},
  year={2018}
}

@misc{rombach2021highresolution,
      title={High-Resolution Image Synthesis with Latent Diffusion Models}, 
      author={Robin Rombach and Andreas Blattmann and Dominik Lorenz and Patrick Esser and Bj√∂rn Ommer},
      year={2021},
      eprint={2112.10752},
      archivePrefix={arXiv},
      primaryClass={cs.CV}
}

@article{jin2023image,
  title={An image is worth multiple words: Learning object level concepts using multi-concept prompt learning},
  author={Jin, Chen and Tanno, Ryutaro and Saseendran, Amrutha and Diethe, Tom and Teare, Philip},
  journal={arXiv preprint arXiv:2310.12274},
  year={2023}
}

@article{awadalla2023openflamingo,
  title={Openflamingo: An open-source framework for training large autoregressive vision-language models},
  author={Awadalla, Anas and Gao, Irena and Gardner, Josh and Hessel, Jack and Hanafy, Yusuf and Zhu, Wanrong and Marathe, Kalyani and Bitton, Yonatan and Gadre, Samir and Sagawa, Shiori and others},
  journal={arXiv preprint arXiv:2308.01390},
  year={2023}
}

@article{yao2024minicpmv,
      title={MiniCPM-V: A GPT-4V Level MLLM on Your Phone}, 
      author={Yao, Yuan and Yu, Tianyu and Zhang, Ao and Wang, Chongyi and Cui, Junbo and Zhu, Hongji and Cai, Tianchi and Li, Haoyu and Zhao, Weilin and He, Zhihui and Chen, Qianyu and Zhou, Huarong and Zou, Zhensheng and Zhang, Haoye and Hu, Shengding and Zheng, Zhi and Zhou, Jie and Cai, Jie and Han, Xu and Zeng, Guoyang and Li, Dahai and Liu, Zhiyuan and Sun, Maosong},
      journal={arXiv preprint 2408.01800},
      year={2024},
}

@article{dubey2024llama,
  title={The llama 3 herd of models},
  author={Dubey, Abhimanyu and Jauhri, Abhinav and Pandey, Abhinav and Kadian, Abhishek and Al-Dahle, Ahmad and Letman, Aiesha and Mathur, Akhil and Schelten, Alan and Yang, Amy and Fan, Angela and others},
  journal={arXiv preprint arXiv:2407.21783},
  year={2024}
}

@article{yu2023rlhf,
  title={Rlhf-v: Towards trustworthy mllms via behavior alignment from fine-grained correctional human feedback},
  author={Yu, Tianyu and Yao, Yuan and Zhang, Haoye and He, Taiwen and Han, Yifeng and Cui, Ganqu and Hu, Jinyi and Liu, Zhiyuan and Zheng, Hai-Tao and Sun, Maosong and others},
  journal={arXiv preprint arXiv:2312.00849},
  year={2023}
}

@article{yu2024rlaifv,
  title={RLAIF-V: Aligning MLLMs through Open-Source AI Feedback for Super GPT-4V Trustworthiness}, 
  author={Yu, Tianyu and Zhang, Haoye and Yao, Yuan and Dang, Yunkai and Chen, Da and Lu, Xiaoman and Cui, Ganqu and He, Taiwen and Liu, Zhiyuan and Chua, Tat-Seng and Sun, Maosong},
  journal={arXiv preprint arXiv:2405.17220},
  year={2024},
}

@article{young2014image,
  title={From image descriptions to visual denotations: New similarity metrics for semantic inference over event descriptions},
  author={Young, Peter and Lai, Alice and Hodosh, Micah and Hockenmaier, Julia},
  journal={Transactions of the Association for Computational Linguistics},
  volume={2},
  pages={67--78},
  year={2014},
  publisher={MIT Press}
}

@article{chen2015microsoft,
  title={Microsoft coco captions: Data collection and evaluation server},
  author={Chen, Xinlei and Fang, Hao and Lin, Tsung-Yi and Vedantam, Ramakrishna and Gupta, Saurabh and Doll{\'a}r, Piotr and Zitnick, C Lawrence},
  journal={arXiv preprint arXiv:1504.00325},
  year={2015}
}

@inproceedings{antol2015vqa,
  title={Vqa: Visual question answering},
  author={Antol, Stanislaw and Agrawal, Aishwarya and Lu, Jiasen and Mitchell, Margaret and Batra, Dhruv and Zitnick, C Lawrence and Parikh, Devi},
  booktitle={Proceedings of the IEEE international conference on computer vision},
  pages={2425--2433},
  year={2015}
}

@inproceedings{marino2019ok,
  title={Ok-vqa: A visual question answering benchmark requiring external knowledge},
  author={Marino, Kenneth and Rastegari, Mohammad and Farhadi, Ali and Mottaghi, Roozbeh},
  booktitle={Proceedings of the IEEE/cvf conference on computer vision and pattern recognition},
  pages={3195--3204},
  year={2019}
}

@inproceedings{singh2019towards,
  title={Towards {VQA} models that can read},
  author={Singh, Amanpreet and Natarajan, Vivek and Shah, Meet and Jiang, Yu and Chen, Xinlei and Batra, Dhruv and Parikh, Devi and Rohrbach, Marcus},
  booktitle={Proceedings of the IEEE/CVF conference on computer vision and pattern recognition},
  pages={8317--8326},
  year={2019}
}

@inproceedings{gurari2018vizwiz,
  title={Vizwiz grand challenge: Answering visual questions from blind people},
  author={Gurari, Danna and Li, Qing and Stangl, Abigale J and Guo, Anhong and Lin, Chi and Grauman, Kristen and Luo, Jiebo and Bigham, Jeffrey P},
  booktitle={Proceedings of the IEEE conference on computer vision and pattern recognition},
  pages={3608--3617},
  year={2018}
}

@article{kiela2020hateful,
  title={The hateful memes challenge: Detecting hate speech in multimodal memes},
  author={Kiela, Douwe and Firooz, Hamed and Mohan, Aravind and Goswami, Vedanuj and Singh, Amanpreet and Ringshia, Pratik and Testuggine, Davide},
  journal={Advances in neural information processing systems},
  volume={33},
  pages={2611--2624},
  year={2020}
}


@inproceedings{radford2023robust,
  title={Robust speech recognition via large-scale weak supervision},
  author={Radford, Alec and Kim, Jong Wook and Xu, Tao and Brockman, Greg and McLeavey, Christine and Sutskever, Ilya},
  booktitle={International conference on machine learning},
  pages={28492--28518},
  year={2023},
  organization={PMLR}
}

@article{jumper2021highly,
  title={Highly accurate protein structure prediction with AlphaFold},
  author={Jumper, John and Evans, Richard and Pritzel, Alexander and Green, Tim and Figurnov, Michael and Ronneberger, Olaf and Tunyasuvunakool, Kathryn and Bates, Russ and {\v{Z}}{\'\i}dek, Augustin and Potapenko, Anna and others},
  journal={nature},
  volume={596},
  number={7873},
  pages={583--589},
  year={2021},
  publisher={Nature Publishing Group}
}

@article{yang2023alphafold2,
  title={AlphaFold2 and its applications in the fields of biology and medicine},
  author={Yang, Zhenyu and Zeng, Xiaoxi and Zhao, Yi and Chen, Runsheng},
  journal={Signal Transduction and Targeted Therapy},
  volume={8},
  number={1},
  pages={115},
  year={2023},
  publisher={Nature Publishing Group UK London}
}


@article{tu2024towards,
  title={Towards generalist biomedical AI},
  author={Tu, Tao and Azizi, Shekoofeh and Driess, Danny and Schaekermann, Mike and Amin, Mohamed and Chang, Pi-Chuan and Carroll, Andrew and Lau, Charles and Tanno, Ryutaro and Ktena, Ira and others},
  journal={NEJM AI},
  volume={1},
  number={3},
  pages={AIoa2300138},
  year={2024},
  publisher={Massachusetts Medical Society}
}


@article{yang2024advancing,
  title={Advancing multimodal medical capabilities of Gemini},
  author={Yang, Lin and Xu, Shawn and Sellergren, Andrew and Kohlberger, Timo and Zhou, Yuchen and Ktena, Ira and Kiraly, Atilla and Ahmed, Faruk and Hormozdiari, Farhad and Jaroensri, Tiam and others},
  journal={arXiv preprint arXiv:2405.03162},
  year={2024}
}

@InProceedings{Rombach_2022_CVPR,
    author    = {Rombach, Robin and Blattmann, Andreas and Lorenz, Dominik and Esser, Patrick and Ommer, Bj\"orn},
    title     = {High-Resolution Image Synthesis With Latent Diffusion Models},
    booktitle = {Proceedings of the IEEE/CVF Conference on Computer Vision and Pattern Recognition (CVPR)},
    month     = {June},
    year      = {2022},
    pages     = {10684-10695}
}

@misc{peters2018deepcontextualizedwordrepresentations,
      title={Deep contextualized word representations}, 
      author={Matthew E. Peters and Mark Neumann and Mohit Iyyer and Matt Gardner and Christopher Clark and Kenton Lee and Luke Zettlemoyer},
      year={2018},
      eprint={1802.05365},
      archivePrefix={arXiv},
      primaryClass={cs.CL},
      url={https://arxiv.org/abs/1802.05365}, 
}

@inproceedings{chen2020simple,
  title={A simple framework for contrastive learning of visual representations},
  author={Chen, Ting and Kornblith, Simon and Norouzi, Mohammad and Hinton, Geoffrey},
  booktitle={International conference on machine learning},
  pages={1597--1607},
  year={2020},
  organization={PMLR}
}

@article{grill2020bootstrap,
  title={Bootstrap your own latent-a new approach to self-supervised learning},
  author={Grill, Jean-Bastien and Strub, Florian and Altch{\'e}, Florent and Tallec, Corentin and Richemond, Pierre and Buchatskaya, Elena and Doersch, Carl and Avila Pires, Bernardo and Guo, Zhaohan and Gheshlaghi Azar, Mohammad and others},
  journal={Advances in neural information processing systems},
  volume={33},
  pages={21271--21284},
  year={2020}
}

@inproceedings{caron2021emerging,
  title={Emerging properties in self-supervised vision transformers},
  author={Caron, Mathilde and Touvron, Hugo and Misra, Ishan and J{\'e}gou, Herv{\'e} and Mairal, Julien and Bojanowski, Piotr and Joulin, Armand},
  booktitle={Proceedings of the IEEE/CVF international conference on computer vision},
  pages={9650--9660},
  year={2021}
}

@inproceedings{he2022masked,
  title={Masked autoencoders are scalable vision learners},
  author={He, Kaiming and Chen, Xinlei and Xie, Saining and Li, Yanghao and Doll{\'a}r, Piotr and Girshick, Ross},
  booktitle={Proceedings of the IEEE/CVF conference on computer vision and pattern recognition},
  pages={16000--16009},
  year={2022}
}

@inproceedings{radford2021learning,
  title={Learning transferable visual models from natural language supervision},
  author={Radford, Alec and Kim, Jong Wook and Hallacy, Chris and Ramesh, Aditya and Goh, Gabriel and Agarwal, Sandhini and Sastry, Girish and Askell, Amanda and Mishkin, Pamela and Clark, Jack and others},
  booktitle={International conference on machine learning},
  pages={8748--8763},
  year={2021},
  organization={PMLR}
}

@inproceedings{kim2021vilt,
  title={Vilt: Vision-and-language transformer without convolution or region supervision},
  author={Kim, Wonjae and Son, Bokyung and Kim, Ildoo},
  booktitle={International conference on machine learning},
  pages={5583--5594},
  year={2021},
  organization={PMLR}
}

@inproceedings{mu2022slip,
  title={Slip: Self-supervision meets language-image pre-training},
  author={Mu, Norman and Kirillov, Alexander and Wagner, David and Xie, Saining},
  booktitle={European conference on computer vision},
  pages={529--544},
  year={2022},
  organization={Springer}
}

@article{ouyang2022training,
  title={Training language models to follow instructions with human feedback},
  author={Ouyang, Long and Wu, Jeffrey and Jiang, Xu and Almeida, Diogo and Wainwright, Carroll and Mishkin, Pamela and Zhang, Chong and Agarwal, Sandhini and Slama, Katarina and Ray, Alex and others},
  journal={Advances in neural information processing systems},
  volume={35},
  pages={27730--27744},
  year={2022}
}

@article{brown2020language,
  title={Language models are few-shot learners},
  author={Brown, Tom and Mann, Benjamin and Ryder, Nick and Subbiah, Melanie and Kaplan, Jared D and Dhariwal, Prafulla and Neelakantan, Arvind and Shyam, Pranav and Sastry, Girish and Askell, Amanda and others},
  journal={Advances in neural information processing systems},
  volume={33},
  pages={1877--1901},
  year={2020}
}

@article{chowdhery2023palm,
  title={Palm: Scaling language modeling with pathways},
  author={Chowdhery, Aakanksha and Narang, Sharan and Devlin, Jacob and Bosma, Maarten and Mishra, Gaurav and Roberts, Adam and Barham, Paul and Chung, Hyung Won and Sutton, Charles and Gehrmann, Sebastian and others},
  journal={Journal of Machine Learning Research},
  volume={24},
  number={240},
  pages={1--113},
  year={2023}
}

@inproceedings{kirillov2023segment,
  title={Segment anything},
  author={Kirillov, Alexander and Mintun, Eric and Ravi, Nikhila and Mao, Hanzi and Rolland, Chloe and Gustafson, Laura and Xiao, Tete and Whitehead, Spencer and Berg, Alexander C and Lo, Wan-Yen and others},
  booktitle={Proceedings of the IEEE/CVF International Conference on Computer Vision},
  pages={4015--4026},
  year={2023}
}

@article{vaswani2017attention,
  title={Attention is all you need},
  author={Vaswani, A},
  journal={Advances in Neural Information Processing Systems},
  year={2017}
}

@article{dosovitskiy2020image,
  title={An image is worth 16x16 words: Transformers for image recognition at scale},
  author={Dosovitskiy, Alexey},
  journal={arXiv preprint arXiv:2010.11929},
  year={2020}
}

@inproceedings{li2022blip,
  title={Blip: Bootstrapping language-image pre-training for unified vision-language understanding and generation},
  author={Li, Junnan and Li, Dongxu and Xiong, Caiming and Hoi, Steven},
  booktitle={International conference on machine learning},
  pages={12888--12900},
  year={2022},
  organization={PMLR}
}

@inproceedings{li2023blip,
  title={Blip-2: Bootstrapping language-image pre-training with frozen image encoders and large language models},
  author={Li, Junnan and Li, Dongxu and Savarese, Silvio and Hoi, Steven},
  booktitle={International conference on machine learning},
  pages={19730--19742},
  year={2023},
  organization={PMLR}
}

@article{you2023ferret,
  title={Ferret: Refer and ground anything anywhere at any granularity},
  author={You, Haoxuan and Zhang, Haotian and Gan, Zhe and Du, Xianzhi and Zhang, Bowen and Wang, Zirui and Cao, Liangliang and Chang, Shih-Fu and Yang, Yinfei},
  journal={arXiv preprint arXiv:2310.07704},
  year={2023}
}

@inproceedings{longpre2023flan,
  title={The flan collection: Designing data and methods for effective instruction tuning},
  author={Longpre, Shayne and Hou, Le and Vu, Tu and Webson, Albert and Chung, Hyung Won and Tay, Yi and Zhou, Denny and Le, Quoc V and Zoph, Barret and Wei, Jason and others},
  booktitle={International Conference on Machine Learning},
  pages={22631--22648},
  year={2023},
  organization={PMLR}
}

@article{liu2024visual,
  title={Visual instruction tuning},
  author={Liu, Haotian and Li, Chunyuan and Wu, Qingyang and Lee, Yong Jae},
  journal={Advances in neural information processing systems},
  volume={36},
  year={2024}
}

@misc{dai2023instructblipgeneralpurposevisionlanguagemodels,
      title={InstructBLIP: Towards General-purpose Vision-Language Models with Instruction Tuning}, 
      author={Wenliang Dai and Junnan Li and Dongxu Li and Anthony Meng Huat Tiong and Junqi Zhao and Weisheng Wang and Boyang Li and Pascale Fung and Steven Hoi},
      year={2023},
      eprint={2305.06500},
      archivePrefix={arXiv},
      primaryClass={cs.CV},
      url={https://arxiv.org/abs/2305.06500}, 
}

@article{wang2024qwen2,
  title={Qwen2-vl: Enhancing vision-language model's perception of the world at any resolution},
  author={Wang, Peng and Bai, Shuai and Tan, Sinan and Wang, Shijie and Fan, Zhihao and Bai, Jinze and Chen, Keqin and Liu, Xuejing and Wang, Jialin and Ge, Wenbin and others},
  journal={arXiv preprint arXiv:2409.12191},
  year={2024}
}

@article{li2024llava,
  title={Llava-onevision: Easy visual task transfer},
  author={Li, Bo and Zhang, Yuanhan and Guo, Dong and Zhang, Renrui and Li, Feng and Zhang, Hao and Zhang, Kaichen and Zhang, Peiyuan and Li, Yanwei and Liu, Ziwei and others},
  journal={arXiv preprint arXiv:2408.03326},
  year={2024}
}

@article{tong2024cambrian,
  title={{Cambrian-1: A Fully Open, Vision-Centric Exploration of Multimodal LLMs}},
  author={Tong, Shengbang and Brown, Ellis and Wu, Penghao and Woo, Sanghyun and Middepogu, Manoj and Akula, Sai Charitha and Yang, Jihan and Yang, Shusheng and Iyer, Adithya and Pan, Xichen and Wang, Austin and Fergus, Rob and LeCun, Yann and Xie, Saining},
  journal={arXiv preprint arXiv:2406.16860},
  year={2024}
}

@article{covert2024locality,
  title={Locality Alignment Improves Vision-Language Models},
  author={Covert, Ian and Sun, Tony and Zou, James and Hashimoto, Tatsunori},
  journal={arXiv preprint arXiv:2410.11087},
  year={2024}
}

@article{jiang2023clip,
  title={From clip to dino: Visual encoders shout in multi-modal large language models},
  author={Jiang, Dongsheng and Liu, Yuchen and Liu, Songlin and Zhao, Jin'e and Zhang, Hao and Gao, Zhen and Zhang, Xiaopeng and Li, Jin and Xiong, Hongkai},
  journal={arXiv preprint arXiv:2310.08825},
  year={2023}
}

@article{shi2024eagle,
  title={Eagle: Exploring the design space for multimodal llms with mixture of encoders},
  author={Shi, Min and Liu, Fuxiao and Wang, Shihao and Liao, Shijia and Radhakrishnan, Subhashree and Huang, De-An and Yin, Hongxu and Sapra, Karan and Yacoob, Yaser and Shi, Humphrey and others},
  journal={arXiv preprint arXiv:2408.15998},
  year={2024}
}

@article{wang2024diffusion,
  title={Diffusion feedback helps clip see better},
  author={Wang, Wenxuan and Sun, Quan and Zhang, Fan and Tang, Yepeng and Liu, Jing and Wang, Xinlong},
  journal={arXiv preprint arXiv:2407.20171},
  year={2024}
}

@article{tong2024metamorph,
  title={MetaMorph: Multimodal Understanding and Generation via Instruction Tuning},
  author={Tong, Shengbang and Fan, David and Zhu, Jiachen and Xiong, Yunyang and Chen, Xinlei and Sinha, Koustuv and Rabbat, Michael and LeCun, Yann and Xie, Saining and Liu, Zhuang},
  journal={arXiv preprint arXiv:2412.14164},
  year={2024}
}

@article{zhou2024transfusion,
  title={Transfusion: Predict the next token and diffuse images with one multi-modal model},
  author={Zhou, Chunting and Yu, Lili and Babu, Arun and Tirumala, Kushal and Yasunaga, Michihiro and Shamis, Leonid and Kahn, Jacob and Ma, Xuezhe and Zettlemoyer, Luke and Levy, Omer},
  journal={arXiv preprint arXiv:2408.11039},
  year={2024}
}

@inproceedings{jaegle2021perceiver,
  title={Perceiver: General perception with iterative attention},
  author={Jaegle, Andrew and Gimeno, Felix and Brock, Andy and Vinyals, Oriol and Zisserman, Andrew and Carreira, Joao},
  booktitle={International conference on machine learning},
  pages={4651--4664},
  year={2021},
  organization={PMLR}
}

@article{zhu2024multimodal,
  title={Multimodal c4: An open, billion-scale corpus of images interleaved with text},
  author={Zhu, Wanrong and Hessel, Jack and Awadalla, Anas and Gadre, Samir Yitzhak and Dodge, Jesse and Fang, Alex and Yu, Youngjae and Schmidt, Ludwig and Wang, William Yang and Choi, Yejin},
  journal={Advances in Neural Information Processing Systems},
  volume={36},
  year={2024}
}

@misc{mokady2022nulltextinversioneditingreal,
      title={Null-text Inversion for Editing Real Images using Guided Diffusion Models}, 
      author={Ron Mokady and Amir Hertz and Kfir Aberman and Yael Pritch and Daniel Cohen-Or},
      year={2022},
      eprint={2211.09794},
      archivePrefix={arXiv},
      primaryClass={cs.CV},
      url={https://arxiv.org/abs/2211.09794}, 
}


@article{fu2023mme,
  title={{MME}: A Comprehensive Evaluation Benchmark for Multimodal Large Language Models},
  author={Fu, Chaoyou and Chen, Peixian and Shen, Yunhang and Qin, Yulei and Zhang, Mengdan and Lin, Xu and Qiu, Zhenyu and Lin, Wei and Yang, Jinrui and Zheng, Xiawu and others},
  journal={arXiv:2306.13394},
  year={2023}
}
@inproceedings{hudson2019gqa,
  title={{GQA}: A new dataset for real-world visual reasoning and compositional question answering},
  author={Hudson, Drew A and Manning, Christopher D},
  booktitle={CVPR},
  year={2019}
}
@article{saikh2022scienceqa,
  title={{ScienceQA}: A novel resource for question answering on scholarly articles},
  author={Saikh, Tanik and Ghosal, Tirthankar and Mittal, Amish and Ekbal, Asif and Bhattacharyya, Pushpak},
  journal={International Journal on Digital Libraries},
  year={2022}
}
@inproceedings{yue2024mmmu,
  title={{MMMU}: A massive multi-discipline multimodal understanding and reasoning benchmark for expert {AGI}},
  author={Yue, Xiang and Ni, Yuansheng and Zhang, Kai and Zheng, Tianyu and Liu, Ruoqi and Zhang, Ge and Stevens, Samuel and Jiang, Dongfu and Ren, Weiming and Sun, Yuxuan and others},
  booktitle={CVPR},
  year={2024}
}
@inproceedings{yu2024mmvet,
  title={{MM-Vet}: Evaluating large multimodal models for integrated capabilities},
  author={Yu, Weihao and Yang, Zhengyuan and Li, Linjie and Wang, Jianfeng and Lin, Kevin and Liu, Zicheng and Wang, Xinchao and Wang, Lijuan},
  booktitle={ICML},
  year={2024}
}

@inproceedings{mathew2021docvqa,
  title={{DocVQA}: A Dataset for VQA on Document Images}, 
  author={Minesh Mathew and Dimosthenis Karatzas and C. V. Jawahar},
  booktitle = {WACV},
  year={2021}
}

@article{masry2022chartqa,
  title={{ChartQA}: A Benchmark for Question Answering about Charts with Visual and Logical Reasoning},
  author={Ahmed Masry and Do Xuan Long and Jia Qing Tan and Shafiq Joty and Enamul Hoque},
  journal={arXiv:2203.10244},
  year={2022}
}

@article{li2023mimic,
  title={{MIMIC-IT}: Multi-modal in-context instruction tuning},
  author={Li, Bo and Zhang, Yuanhan and Chen, Liangyu and Wang, Jinghao and Pu, Fanyi and Yang, Jingkang and Li, Chunyuan and Liu, Ziwei},
  journal={arXiv:2306.05425},
  year={2023}
}


@misc{vicuna2023,
    title = {Vicuna: An Open-Source Chatbot Impressing GPT-4 with 90\%* ChatGPT Quality},
    howpublished = {\url{https://lmsys.org/blog/2023-03-30-vicuna/}},
    author = {Chiang, Wei-Lin and Li, Zhuohan and Lin, Zi and Sheng, Ying and Wu, Zhanghao and Zhang, Hao and Zheng, Lianmin and Zhuang, Siyuan and Zhuang, Yonghao and Gonzalez, Joseph E. and Stoica, Ion and Xing, Eric P.},
    month = {March},
    year = {2023}
}

@article{gokhale2021semantically,
  title={Semantically Distributed Robust Optimization for Vision-and-Language Inference},
  author={Gokhale, Tejas and Chaudhary, Abhishek and Banerjee, Pratyay and Baral, Chitta and Yang, Yezhou},
  journal={arXiv:2110.07165},
  year={2021}
}

@article{li2023evaluating,
  title={Evaluating Object Hallucination in Large Vision-Language Models},
  author={Li, Yifan and Du, Yifan and Zhou, Kun and Wang, Jinpeng and Zhao, Wayne Xin and Wen, Ji-Rong},
  journal={arXiv:2305.10355},
  year={2023}
}

@article{chen2023sharegpt4v,
  title={{ShareGPT4V}: Improving Large Multi-Modal Models with Better Captions},
  author={Chen, Lin and Li, Jisong and Dong, Xiaoyi and Zhang, Pan and He, Conghui and Wang, Jiaqi and Zhao, Feng and Lin, Dahua},
  journal={arXiv:2311.12793},
  year={2023}
}

@inproceedings{kim2022donut,
  title = {{OCR-Free} Document Understanding Transformer},
  author = {Kim, Geewook and Hong, Teakgyu and Yim, Moonbin and Nam, JeongYeon and Park, Jinyoung and Yim, Jinyeong and Hwang, Wonseok and Yun, Sangdoo and Han, Dongyoon and Park, Seunghyun},
  booktitle = {ECCV},
  year = {2022}
}

@inproceedings{kafle2018dvqa,
  title={{DVQA}: Understanding Data Visualizations via Question Answering},
  author={Kafle, Kushal and Cohen, Scott and Price, Brian and Kanan, Christopher},
  booktitle={CVPR},
  year={2018}
}

@article{Kembhavi2016ADI,
  title={A Diagram is Worth a Dozen Images},
  author={Aniruddha Kembhavi and Michael Salvato and Eric Kolve and Minjoon Seo and Hannaneh Hajishirzi and Ali Farhadi},
  journal={arXiv:1603.07396},
  year={2016}
}

@article{wang2023instruct4v,
  title={To See is to Believe: Prompting GPT-4V for Better Visual Instruction Tuning},
  author={Wang, Junke and Meng, Lingchen and Weng, Zejia and He, Bo and Wu, Zuxuan and Jiang, Yu-Gang},
  journal={arXiv:2311.07574},
  year={2023}
}

@article{liu2023aligning,
  title={Aligning Large Multi-Modal Model with Robust Instruction Tuning},
  author={Liu, Fuxiao and Lin, Kevin and Li, Linjie and Wang, Jianfeng and Yacoob, Yaser and Wang, Lijuan},
  journal={arXiv:2306.14565},
  year={2023}
}

@article{geo170k,
  title = {G-LLaVA: Solving Geometric Problem with Multi-Modal Large Language Model},
  author = {Jiahui Gao and Renjie Pi and Jipeng Zhang and Jiacheng Ye and Wanjun Zhong and Yufei Wang and Lanqing Hong and Jianhua Han and Hang Xu and Zhenguo Li and Lingpeng Kong},
  journal = {arXiv:2312.11370},
  year = {2023}
}

@misc{OpenHermes2.5,
  title = {{OpenHermes 2.5}: An Open Dataset of Synthetic Data for Generalist {LLM} Assistants},
  author = {Teknium},
  year = {2023},
  howpublished = {\url{https://huggingface.co/datasets/teknium/OpenHermes-2.5}},
  publisher = {HuggingFace}
}

@misc{RWQA,
  title = {{Grok-1.5 Vision Preview}},
  author = {xAI},
  year ={2024},
  howpublished = {\url{https://x.ai/blog/grok-1.5v}}
}

@article{zhang2023llavar,
  title={{LLaVAR}: Enhanced Visual Instruction Tuning for Text-Rich Image Understanding},
  author={Yanzhe Zhang and Ruiyi Zhang and Jiuxiang Gu and Yufan Zhou and Nedim Lipka and Diyi Yang and Tong Sun},
  journal={arXiv:2306.17107},
  year={2023}
}

@inproceedings{zhu2016cvpr,
  title = {{Visual7W: Grounded Question Answering in Images}},
  author = {Yuke Zhu and Oliver Groth and Michael Bernstein and Li Fei-Fei},
  booktitle = {CVPR},
  year = {2016}
}

@misc{lmms_eval2024,
  title = {{LMMs-Eval}: Accelerating the Development of Large Multimoal Models},
  howpublished = {\url{https://github.com/EvolvingLMMs-Lab/lmms-eval}},
  author = {Li, Bo and Zhang, Peiyuan and Zhang, Kaichen and Pu, Fanyi and Du xinrun and Dong, Yuhao and Liu, Haotian and Zhang, Yuanhan and Zhang, Ge and Li, Chunyuan and Liu, Ziwei},
  month = {March},
  year = {2024}
}

@inproceedings{mathew2022infovqa,
  title={InfographicVQA}, 
  author={Mathew, Minesh and Bagal, Viraj and Tito, Rub√®n and Karatzas, Dimosthenis and Valveny, Ernest and Jawahar, C. V.},
  booktitle={WACV},
  year={2022}
}

@inproceedings{lu2024mathvista,
  title = {{MathVista}: Evaluating Mathematical Reasoning of Foundation Models in Visual Contexts},
  author = {Lu, Pan and Bansal, Hritik and Xia, Tony and Liu, Jiacheng and Li, Chunyuan and Hajishirzi, Hannaneh and Cheng, Hao and Chang, Kai-Wei and Galley, Michel and Gao, Jianfeng},
  booktitle={ICLR},
  year = {2024}
}

@inproceedings{balanced_vqa_v2,
  title = {Making the {V} in {VQA} Matter: Elevating the Role of Image Understanding in {V}isual {Q}uestion {A}nswering},
  author = {Yash Goyal and Tejas Khot and Douglas Summers{-}Stay and Dhruv Batra and Devi Parikh},
  booktitle = {CVPR},
  year = {2017}
}

@article{MMBench,
  title = {{MMBench}: Is Your Multi-modal Model an All-around Player?},
  author = {Yuan Liu and Haodong Duan and Yuanhan Zhang and Bo Li and Songyang Zhang and Wangbo Zhao and Yike Yuan and Jiaqi Wang and Conghui He and Ziwei Liu and Kai Chen and Dahua Lin},
  journal = {arXiv:2307.06281},
  year = {2023}
}

@article{li2023seed,
  title={{Seed-Bench}: Benchmarking multimodal llms with generative comprehension},
  author={Li, Bohao and Wang, Rui and Wang, Guangzhi and Ge, Yuying and Ge, Yixiao and Shan, Ying},
  journal={arXiv:2307.16125},
  year={2023}
}

@inproceedings{2018vizwiz,
  title={VizWiz Grand Challenge: Answering Visual Questions from Blind People},
  author={Gurari, Danna and Li, Qing and Stangl, Abigale J. and Guo, Anhong and Lin, Chi and Grauman, Kristen and Luo, Jiebo and Bigham, Jeffrey P.},
  booktitle={CVPR},
  year={2018}
}

@article{shi2024need,
  title={When Do We Not Need Larger Vision Models?}, 
  author={Baifeng Shi and Ziyang Wu and Maolin Mao and Xin Wang and Trevor Darrell},
  journal = {arXiv:2403.13043},
  year={2024}
}

@misc{laion-gpt4v,
  title = {{LAION-GPT4v} dataset},
  author = {},
  year = {2023},
  howpublished = {\url{https://huggingface.co/datasets/laion/gpt4v-dataset}},
  publisher = {HuggingFace}
}

@article{liu2023hallusionbench,
  title={{HallusionBench}: You see what you think? or you think what you see? an image-context reasoning benchmark challenging for gpt-4v (ision), llava-1.5, and other multi-modality models},
  author={Liu, Fuxiao and Guan, Tianrui and Li, Zongxia and Chen, Lichang and Yacoob, Yaser and Manocha, Dinesh and Zhou, Tianyi},
  journal={arXiv:2310.14566},
  year={2023}
}


@inproceedings{kembhavi2016ai2d,
  title={A diagram is worth a dozen images},
  author={Kembhavi, Aniruddha and Salvato, Mike and Kolve, Eric and Seo, Minjoon and Hajishirzi, Hannaneh and Farhadi, Ali},
  booktitle={Computer Vision--ECCV 2016: 14th European Conference, Amsterdam, The Netherlands, October 11--14, 2016, Proceedings, Part IV 14},
  pages={235--251},
  year={2016},
  organization={Springer}
}

@inproceedings{mathew2022infographicvqa,
  title={Infographicvqa},
  author={Mathew, Minesh and Bagal, Viraj and Tito, Rub{\`e}n and Karatzas, Dimosthenis and Valveny, Ernest and Jawahar, CV},
  booktitle={Proceedings of the IEEE/CVF Winter Conference on Applications of Computer Vision},
  pages={1697--1706},
  year={2022}
}

@misc{grok15v,
  author = "x.ai",
  title = "Grok-1.5 Vision Preview",
  url = "https://x.ai/blog/grok-1.5v"
}

@inproceedings{mishra2019ocr,
  title={Ocr-vqa: Visual question answering by reading text in images},
  author={Mishra, Anand and Shekhar, Shashank and Singh, Ajeet Kumar and Chakraborty, Anirban},
  booktitle={2019 international conference on document analysis and recognition (ICDAR)},
  pages={947--952},
  year={2019},
  organization={IEEE}
}

@inproceedings{liu2024improved,
  title={Improved baselines with visual instruction tuning},
  author={Liu, Haotian and Li, Chunyuan and Li, Yuheng and Lee, Yong Jae},
  booktitle={Proceedings of the IEEE/CVF Conference on Computer Vision and Pattern Recognition},
  pages={26296--26306},
  year={2024}
}

@misc{liu2024llavanext,
    title={LLaVA-NeXT: Improved reasoning, OCR, and world knowledge},
    url={https://llava-vl.github.io/blog/2024-01-30-llava-next/},
    author={Liu, Haotian and Li, Chunyuan and Li, Yuheng and Li, Bo and Zhang, Yuanhan and Shen, Sheng and Lee, Yong Jae},
    month={January},
    year={2024}
}

@article{li2024mini,
  title={Mini-gemini: Mining the potential of multi-modality vision language models},
  author={Li, Yanwei and Zhang, Yuechen and Wang, Chengyao and Zhong, Zhisheng and Chen, Yixin and Chu, Ruihang and Liu, Shaoteng and Jia, Jiaya},
  journal={arXiv preprint arXiv:2403.18814},
  year={2024}
}

@article{chen2024far,
title={How Far Are We to GPT-4V? Closing the Gap to Commercial Multimodal Models with Open-Source Suites},
author={Chen, Zhe and Wang, Weiyun and Tian, Hao and Ye, Shenglong and Gao, Zhangwei and Cui, Erfei and Tong, Wenwen and Hu, Kongzhi and Luo, Jiapeng and Ma, Zheng and others},
journal={arXiv preprint arXiv:2404.16821},
year={2024}
}

@inproceedings{chen2024internvl,
title={Internvl: Scaling up vision foundation models and aligning for generic visual-linguistic tasks},
author={Chen, Zhe and Wu, Jiannan and Wang, Wenhai and Su, Weijie and Chen, Guo and Xing, Sen and Zhong, Muyan and Zhang, Qinglong and Zhu, Xizhou and Lu, Lewei and others},
booktitle={Proceedings of the IEEE/CVF Conference on Computer Vision and Pattern Recognition},
pages={24185--24198},
year={2024}
}

@article{deitke2024molmo,
  title={Molmo and pixmo: Open weights and open data for state-of-the-art multimodal models},
  author={Deitke, Matt and Clark, Christopher and Lee, Sangho and Tripathi, Rohun and Yang, Yue and Park, Jae Sung and Salehi, Mohammadreza and Muennighoff, Niklas and Lo, Kyle and Soldaini, Luca and others},
  journal={arXiv preprint arXiv:2409.17146},
  year={2024}
}

@article{anthropic2024claude,
  title={The claude 3 model family: Opus, sonnet, haiku},
  author={Anthropic, AI},
  journal={Claude-3 Model Card},
  volume={1},
  year={2024}
}


@article{team2024gemini,
  title={Gemini 1.5: Unlocking multimodal understanding across millions of tokens of context},
  author={Gemini Team},
  journal={arXiv preprint arXiv:2403.05530},
  year={2024}
}

@article{gpt4,
  title={{GPT-4} technical report},
  author={OpenAI},
  journal={arXiv preprint arXiv:2303.08774},
  year={2023}
}

@article{hurst2024gpt,
  title={{GPT-4o} System Card},
  author={OpenAI},
  journal={arXiv preprint arXiv:2410.21276},
  year={2024}
}

@misc{gpt4omini,
  title={{GPT-4o mini} System Card},
  author={OpenAI},
  url={https://openai.com},
  year={2024}
}

@article{ai2024yi,
    title={Yi: Open Foundation Models by 01.AI},
    author={01. AI and : and Alex Young and Bei Chen and Chao Li and Chengen Huang and Ge Zhang and Guanwei Zhang and Heng Li and Jiangcheng Zhu and Jianqun Chen and Jing Chang and Kaidong Yu and Peng Liu and more},
    year={2024},
    journal={arXiv preprint arXiv:2403.04652}
}

@article{zheng2023judging,
  title={Judging llm-as-a-judge with mt-bench and chatbot arena},
  author={Zheng, Lianmin and Chiang, Wei-Lin and Sheng, Ying and Zhuang, Siyuan and Wu, Zhanghao and Zhuang, Yonghao and Lin, Zi and Li, Zhuohan and Li, Dacheng and Xing, Eric and others},
  journal={Advances in Neural Information Processing Systems},
  volume={36},
  pages={46595--46623},
  year={2023}
}

@misc{bai2023qwentechnicalreport,
      title={Qwen Technical Report}, 
      author={Jinze Bai and Shuai Bai and Yunfei Chu and Zeyu Cui and Kai Dang and Xiaodong Deng and Yang Fan and Wenbin Ge and Yu Han and Fei Huang and Binyuan Hui and Luo Ji and Mei Li and Junyang Lin and Runji Lin and Dayiheng Liu and Gao Liu and Chengqiang Lu and Keming Lu and Jianxin Ma and Rui Men and Xingzhang Ren and Xuancheng Ren and Chuanqi Tan and Sinan Tan and Jianhong Tu and Peng Wang and Shijie Wang and Wei Wang and Shengguang Wu and Benfeng Xu and Jin Xu and An Yang and Hao Yang and Jian Yang and Shusheng Yang and Yang Yao and Bowen Yu and Hongyi Yuan and Zheng Yuan and Jianwei Zhang and Xingxuan Zhang and Yichang Zhang and Zhenru Zhang and Chang Zhou and Jingren Zhou and Xiaohuan Zhou and Tianhang Zhu},
      year={2023},
      eprint={2309.16609},
      archivePrefix={arXiv},
      primaryClass={cs.CL},
      url={https://arxiv.org/abs/2309.16609}, 
}

@misc{agrawal2024pixtral12b,
      title={Pixtral 12B}, 
      author={Pravesh Agrawal and Szymon Antoniak and Emma Bou Hanna and Baptiste Bout and Devendra Chaplot and Jessica Chudnovsky and Diogo Costa and Baudouin De Monicault and Saurabh Garg and Theophile Gervet and Soham Ghosh and Am√©lie H√©liou and Paul Jacob and Albert Q. Jiang and Kartik Khandelwal and Timoth√©e Lacroix and Guillaume Lample and Diego Las Casas and Thibaut Lavril and Teven Le Scao and Andy Lo and William Marshall and Louis Martin and Arthur Mensch and Pavankumar Muddireddy and Valera Nemychnikova and Marie Pellat and Patrick Von Platen and Nikhil Raghuraman and Baptiste Rozi√®re and Alexandre Sablayrolles and Lucile Saulnier and Romain Sauvestre and Wendy Shang and Roman Soletskyi and Lawrence Stewart and Pierre Stock and Joachim Studnia and Sandeep Subramanian and Sagar Vaze and Thomas Wang and Sophia Yang},
      year={2024},
      eprint={2410.07073},
      archivePrefix={arXiv},
      primaryClass={cs.CV},
      url={https://arxiv.org/abs/2410.07073}, 
}

@article{schuhmann2022laion,
  title={Laion-5b: An open large-scale dataset for training next generation image-text models},
  author={Schuhmann, Christoph and Beaumont, Romain and Vencu, Richard and Gordon, Cade and Wightman, Ross and Cherti, Mehdi and Coombes, Theo and Katta, Aarush and Mullis, Clayton and Wortsman, Mitchell and others},
  journal={Advances in Neural Information Processing Systems},
  volume={35},
  pages={25278--25294},
  year={2022}
}


@article{liu2023hidden,
  author = {Liu, Yuliang and Li, Zhang and Li, Hongliang and Yu, Wenwen and Huang, Mingxin and Peng, Dezhi and Liu, Mingyu and Chen, Mingrui and Li, Chunyuan and Jin, Lianwen},
  title = {On the hidden mystery of ocr in large multimodal models},
  year = {2023},
  journal = {Technical Report}
}

@article{chen2024we,
  title={Are We on the Right Way for Evaluating Large Vision-Language Models?},
  author={Chen, Lin and Li, Jinsong and Dong, Xiaoyi and Zhang, Pan and Zang, Yuhang and Chen, Zehui and Duan, Haodong and Wang, Jiaqi and Qiao, Yu and Lin, Dahua and others},
  journal={arXiv preprint arXiv:2403.20330},
  year={2024}
}

@inproceedings{lu2024unified,
  title={Unified-IO 2: Scaling Autoregressive Multimodal Models with Vision Language Audio and Action},
  author={Lu, Jiasen and Clark, Christopher and Lee, Sangho and Zhang, Zichen and Khosla, Savya and Marten, Ryan and Hoiem, Derek and Kembhavi, Aniruddha},
  booktitle={Proceedings of the IEEE/CVF Conference on Computer Vision and Pattern Recognition},
  pages={26439--26455},
  year={2024}
}

@article{hernandez2024generative,
  title={Generative Visual Instruction Tuning},
  author={Hernandez, Jefferson and Villegas, Ruben and Ordonez, Vicente},
  journal={arXiv preprint arXiv:2406.11262},
  year={2024}
}

@article{koh2024generating,
  title={Generating images with multimodal language models},
  author={Koh, Jing Yu and Fried, Daniel and Salakhutdinov, Russ R},
  journal={Advances in Neural Information Processing Systems},
  volume={36},
  year={2024}
}

@inproceedings{chen2025sharegpt4v,
  title={Sharegpt4v: Improving large multi-modal models with better captions},
  author={Chen, Lin and Li, Jinsong and Dong, Xiaoyi and Zhang, Pan and He, Conghui and Wang, Jiaqi and Zhao, Feng and Lin, Dahua},
  booktitle={European Conference on Computer Vision},
  pages={370--387},
  year={2025},
  organization={Springer}
}

@article{zong2024mova,
  title={Mova: Adapting mixture of vision experts to multimodal context},
  author={Zong, Zhuofan and Ma, Bingqi and Shen, Dazhong and Song, Guanglu and Shao, Hao and Jiang, Dongzhi and Li, Hongsheng and Liu, Yu},
  journal={arXiv preprint arXiv:2404.13046},
  year={2024}
}

@article{karamcheti2024prismatic,
  title={Prismatic vlms: Investigating the design space of visually-conditioned language models},
  author={Karamcheti, Siddharth and Nair, Suraj and Balakrishna, Ashwin and Liang, Percy and Kollar, Thomas and Sadigh, Dorsa},
  journal={arXiv preprint arXiv:2402.07865},
  year={2024}
}

@inproceedings{tong2024eyes,
  title={Eyes wide shut? exploring the visual shortcomings of multimodal llms},
  author={Tong, Shengbang and Liu, Zhuang and Zhai, Yuexiang and Ma, Yi and LeCun, Yann and Xie, Saining},
  booktitle={Proceedings of the IEEE/CVF Conference on Computer Vision and Pattern Recognition},
  pages={9568--9578},
  year={2024}
}

@inproceedings{kar2025brave,
  title={Brave: Broadening the visual encoding of vision-language models},
  author={Kar, O{\u{g}}uzhan Fatih and Tonioni, Alessio and Poklukar, Petra and Kulshrestha, Achin and Zamir, Amir and Tombari, Federico},
  booktitle={European Conference on Computer Vision},
  pages={113--132},
  year={2025},
  organization={Springer}
}

@article{zhu2023minigpt,
  title={Minigpt-4: Enhancing vision-language understanding with advanced large language models},
  author={Zhu, Deyao and Chen, Jun and Shen, Xiaoqian and Li, Xiang and Elhoseiny, Mohamed},
  journal={arXiv preprint arXiv:2304.10592},
  year={2023}
}

@article{wang2024visionllm,
  title={Visionllm: Large language model is also an open-ended decoder for vision-centric tasks},
  author={Wang, Wenhai and Chen, Zhe and Chen, Xiaokang and Wu, Jiannan and Zhu, Xizhou and Zeng, Gang and Luo, Ping and Lu, Tong and Zhou, Jie and Qiao, Yu and others},
  journal={Advances in Neural Information Processing Systems},
  volume={36},
  year={2024}
}

@inproceedings{chen2023tem,
  title={Tem-adapter: Adapting image-text pretraining for video question answer},
  author={Chen, Guangyi and Liu, Xiao and Wang, Guangrun and Zhang, Kun and Torr, Philip HS and Zhang, Xiao-Ping and Tang, Yansong},
  booktitle={Proceedings of the IEEE/CVF International Conference on Computer Vision},
  pages={13945--13955},
  year={2023}
}

@inproceedings{huang2024segment,
  title={Segment and caption anything},
  author={Huang, Xiaoke and Wang, Jianfeng and Tang, Yansong and Zhang, Zheng and Hu, Han and Lu, Jiwen and Wang, Lijuan and Liu, Zicheng},
  booktitle={Proceedings of the IEEE/CVF Conference on Computer Vision and Pattern Recognition},
  pages={13405--13417},
  year={2024}
}

@inproceedings{liu2024universal,
  title={Universal segmentation at arbitrary granularity with language instruction},
  author={Liu, Yong and Zhang, Cairong and Wang, Yitong and Wang, Jiahao and Yang, Yujiu and Tang, Yansong},
  booktitle={Proceedings of the IEEE/CVF Conference on Computer Vision and Pattern Recognition},
  pages={3459--3469},
  year={2024}
}

@article{gao2023llama,
  title={Llama-adapter v2: Parameter-efficient visual instruction model},
  author={Gao, Peng and Han, Jiaming and Zhang, Renrui and Lin, Ziyi and Geng, Shijie and Zhou, Aojun and Zhang, Wei and Lu, Pan and He, Conghui and Yue, Xiangyu and others},
  journal={arXiv preprint arXiv:2304.15010},
  year={2023}
}

@inproceedings{cha2024honeybee,
  title={Honeybee: Locality-enhanced projector for multimodal llm},
  author={Cha, Junbum and Kang, Wooyoung and Mun, Jonghwan and Roh, Byungseok},
  booktitle={Proceedings of the IEEE/CVF Conference on Computer Vision and Pattern Recognition},
  pages={13817--13827},
  year={2024}
}

@misc{deepseekai2025deepseekr1incentivizingreasoningcapability,
      title={DeepSeek-R1: Incentivizing Reasoning Capability in LLMs via Reinforcement Learning}, 
      author={DeepSeek-AI and Daya Guo and Dejian Yang and Haowei Zhang and Junxiao Song and Ruoyu Zhang and Runxin Xu and Qihao Zhu and Shirong Ma and Peiyi Wang and Xiao Bi and Xiaokang Zhang and Xingkai Yu and Yu Wu and Z. F. Wu and Zhibin Gou and Zhihong Shao and Zhuoshu Li and Ziyi Gao and Aixin Liu and Bing Xue and Bingxuan Wang and Bochao Wu and Bei Feng and Chengda Lu and Chenggang Zhao and Chengqi Deng and Chenyu Zhang and Chong Ruan and Damai Dai and Deli Chen and Dongjie Ji and Erhang Li and Fangyun Lin and Fucong Dai and Fuli Luo and Guangbo Hao and Guanting Chen and Guowei Li and H. Zhang and Han Bao and Hanwei Xu and Haocheng Wang and Honghui Ding and Huajian Xin and Huazuo Gao and Hui Qu and Hui Li and Jianzhong Guo and Jiashi Li and Jiawei Wang and Jingchang Chen and Jingyang Yuan and Junjie Qiu and Junlong Li and J. L. Cai and Jiaqi Ni and Jian Liang and Jin Chen and Kai Dong and Kai Hu and Kaige Gao and Kang Guan and Kexin Huang and Kuai Yu and Lean Wang and Lecong Zhang and Liang Zhao and Litong Wang and Liyue Zhang and Lei Xu and Leyi Xia and Mingchuan Zhang and Minghua Zhang and Minghui Tang and Meng Li and Miaojun Wang and Mingming Li and Ning Tian and Panpan Huang and Peng Zhang and Qiancheng Wang and Qinyu Chen and Qiushi Du and Ruiqi Ge and Ruisong Zhang and Ruizhe Pan and Runji Wang and R. J. Chen and R. L. Jin and Ruyi Chen and Shanghao Lu and Shangyan Zhou and Shanhuang Chen and Shengfeng Ye and Shiyu Wang and Shuiping Yu and Shunfeng Zhou and Shuting Pan and S. S. Li and Shuang Zhou and Shaoqing Wu and Shengfeng Ye and Tao Yun and Tian Pei and Tianyu Sun and T. Wang and Wangding Zeng and Wanjia Zhao and Wen Liu and Wenfeng Liang and Wenjun Gao and Wenqin Yu and Wentao Zhang and W. L. Xiao and Wei An and Xiaodong Liu and Xiaohan Wang and Xiaokang Chen and Xiaotao Nie and Xin Cheng and Xin Liu and Xin Xie and Xingchao Liu and Xinyu Yang and Xinyuan Li and Xuecheng Su and Xuheng Lin and X. Q. Li and Xiangyue Jin and Xiaojin Shen and Xiaosha Chen and Xiaowen Sun and Xiaoxiang Wang and Xinnan Song and Xinyi Zhou and Xianzu Wang and Xinxia Shan and Y. K. Li and Y. Q. Wang and Y. X. Wei and Yang Zhang and Yanhong Xu and Yao Li and Yao Zhao and Yaofeng Sun and Yaohui Wang and Yi Yu and Yichao Zhang and Yifan Shi and Yiliang Xiong and Ying He and Yishi Piao and Yisong Wang and Yixuan Tan and Yiyang Ma and Yiyuan Liu and Yongqiang Guo and Yuan Ou and Yuduan Wang and Yue Gong and Yuheng Zou and Yujia He and Yunfan Xiong and Yuxiang Luo and Yuxiang You and Yuxuan Liu and Yuyang Zhou and Y. X. Zhu and Yanhong Xu and Yanping Huang and Yaohui Li and Yi Zheng and Yuchen Zhu and Yunxian Ma and Ying Tang and Yukun Zha and Yuting Yan and Z. Z. Ren and Zehui Ren and Zhangli Sha and Zhe Fu and Zhean Xu and Zhenda Xie and Zhengyan Zhang and Zhewen Hao and Zhicheng Ma and Zhigang Yan and Zhiyu Wu and Zihui Gu and Zijia Zhu and Zijun Liu and Zilin Li and Ziwei Xie and Ziyang Song and Zizheng Pan and Zhen Huang and Zhipeng Xu and Zhongyu Zhang and Zhen Zhang},
      year={2025},
      eprint={2501.12948},
      archivePrefix={arXiv},
      primaryClass={cs.CL},
      url={https://arxiv.org/abs/2501.12948}, 
}

@misc{deepseekai2024deepseekv3technicalreport,
      title={DeepSeek-V3 Technical Report}, 
      author={DeepSeek-AI and Aixin Liu and Bei Feng and Bing Xue and Bingxuan Wang and Bochao Wu and Chengda Lu and Chenggang Zhao and Chengqi Deng and Chenyu Zhang and Chong Ruan and Damai Dai and Daya Guo and Dejian Yang and Deli Chen and Dongjie Ji and Erhang Li and Fangyun Lin and Fucong Dai and Fuli Luo and Guangbo Hao and Guanting Chen and Guowei Li and H. Zhang and Han Bao and Hanwei Xu and Haocheng Wang and Haowei Zhang and Honghui Ding and Huajian Xin and Huazuo Gao and Hui Li and Hui Qu and J. L. Cai and Jian Liang and Jianzhong Guo and Jiaqi Ni and Jiashi Li and Jiawei Wang and Jin Chen and Jingchang Chen and Jingyang Yuan and Junjie Qiu and Junlong Li and Junxiao Song and Kai Dong and Kai Hu and Kaige Gao and Kang Guan and Kexin Huang and Kuai Yu and Lean Wang and Lecong Zhang and Lei Xu and Leyi Xia and Liang Zhao and Litong Wang and Liyue Zhang and Meng Li and Miaojun Wang and Mingchuan Zhang and Minghua Zhang and Minghui Tang and Mingming Li and Ning Tian and Panpan Huang and Peiyi Wang and Peng Zhang and Qiancheng Wang and Qihao Zhu and Qinyu Chen and Qiushi Du and R. J. Chen and R. L. Jin and Ruiqi Ge and Ruisong Zhang and Ruizhe Pan and Runji Wang and Runxin Xu and Ruoyu Zhang and Ruyi Chen and S. S. Li and Shanghao Lu and Shangyan Zhou and Shanhuang Chen and Shaoqing Wu and Shengfeng Ye and Shengfeng Ye and Shirong Ma and Shiyu Wang and Shuang Zhou and Shuiping Yu and Shunfeng Zhou and Shuting Pan and T. Wang and Tao Yun and Tian Pei and Tianyu Sun and W. L. Xiao and Wangding Zeng and Wanjia Zhao and Wei An and Wen Liu and Wenfeng Liang and Wenjun Gao and Wenqin Yu and Wentao Zhang and X. Q. Li and Xiangyue Jin and Xianzu Wang and Xiao Bi and Xiaodong Liu and Xiaohan Wang and Xiaojin Shen and Xiaokang Chen and Xiaokang Zhang and Xiaosha Chen and Xiaotao Nie and Xiaowen Sun and Xiaoxiang Wang and Xin Cheng and Xin Liu and Xin Xie and Xingchao Liu and Xingkai Yu and Xinnan Song and Xinxia Shan and Xinyi Zhou and Xinyu Yang and Xinyuan Li and Xuecheng Su and Xuheng Lin and Y. K. Li and Y. Q. Wang and Y. X. Wei and Y. X. Zhu and Yang Zhang and Yanhong Xu and Yanhong Xu and Yanping Huang and Yao Li and Yao Zhao and Yaofeng Sun and Yaohui Li and Yaohui Wang and Yi Yu and Yi Zheng and Yichao Zhang and Yifan Shi and Yiliang Xiong and Ying He and Ying Tang and Yishi Piao and Yisong Wang and Yixuan Tan and Yiyang Ma and Yiyuan Liu and Yongqiang Guo and Yu Wu and Yuan Ou and Yuchen Zhu and Yuduan Wang and Yue Gong and Yuheng Zou and Yujia He and Yukun Zha and Yunfan Xiong and Yunxian Ma and Yuting Yan and Yuxiang Luo and Yuxiang You and Yuxuan Liu and Yuyang Zhou and Z. F. Wu and Z. Z. Ren and Zehui Ren and Zhangli Sha and Zhe Fu and Zhean Xu and Zhen Huang and Zhen Zhang and Zhenda Xie and Zhengyan Zhang and Zhewen Hao and Zhibin Gou and Zhicheng Ma and Zhigang Yan and Zhihong Shao and Zhipeng Xu and Zhiyu Wu and Zhongyu Zhang and Zhuoshu Li and Zihui Gu and Zijia Zhu and Zijun Liu and Zilin Li and Ziwei Xie and Ziyang Song and Ziyi Gao and Zizheng Pan},
      year={2024},
      eprint={2412.19437},
      archivePrefix={arXiv},
      primaryClass={cs.CL},
      url={https://arxiv.org/abs/2412.19437}, 
}

@misc{shi2025lmfusionadaptingpretrainedlanguage,
      title={LMFusion: Adapting Pretrained Language Models for Multimodal Generation}, 
      author={Weijia Shi and Xiaochuang Han and Chunting Zhou and Weixin Liang and Xi Victoria Lin and Luke Zettlemoyer and Lili Yu},
      year={2025},
      eprint={2412.15188},
      archivePrefix={arXiv},
      primaryClass={cs.CL},
      url={https://arxiv.org/abs/2412.15188}, 
}

@misc{chen2025janusprounifiedmultimodalunderstanding,
      title={Janus-Pro: Unified Multimodal Understanding and Generation with Data and Model Scaling}, 
      author={Xiaokang Chen and Zhiyu Wu and Xingchao Liu and Zizheng Pan and Wen Liu and Zhenda Xie and Xingkai Yu and Chong Ruan},
      year={2025},
      eprint={2501.17811},
      archivePrefix={arXiv},
      primaryClass={cs.AI},
      url={https://arxiv.org/abs/2501.17811}, 
}

@misc{ouyang2022traininglanguagemodelsfollow,
      title={Training language models to follow instructions with human feedback}, 
      author={Long Ouyang and Jeff Wu and Xu Jiang and Diogo Almeida and Carroll L. Wainwright and Pamela Mishkin and Chong Zhang and Sandhini Agarwal and Katarina Slama and Alex Ray and John Schulman and Jacob Hilton and Fraser Kelton and Luke Miller and Maddie Simens and Amanda Askell and Peter Welinder and Paul Christiano and Jan Leike and Ryan Lowe},
      year={2022},
      eprint={2203.02155},
      archivePrefix={arXiv},
      primaryClass={cs.CL},
      url={https://arxiv.org/abs/2203.02155}, 
}