@article{arjovsky2019invariant,
  title={Invariant risk minimization},
  author={Arjovsky, Martin and Bottou, L{\'e}on and Gulrajani, Ishaan and Lopez-Paz, David},
  journal={arXiv},
  year={2019}
}

@article{chen2018isolating,
  title={Isolating sources of disentanglement in variational autoencoders},
  author={Chen, Ricky TQ and Li, Xuechen and Grosse, Roger B and Duvenaud, David K},
  journal={Advances in Neural Information Processing Systems},
  year={2018}
}

@article{comon1994independent,
  title={Independent component analysis, a new concept?},
  author={Comon, Pierre},
  journal={Signal Processing},
  year={1994}
}

@article{eastwood2018framework,
  title={A framework for the quantitative evaluation of disentangled representations},
  author={Eastwood, Cian and Williams, Christopher KI},
  journal={International Conference on Learning Representations},
  year={2018}
}

@article{esmaeili2019structured,
  title={Structured disentangled representations},
  author={Esmaeili, Babak and Wu, Hao and Jain, Sarthak and Bozkurt, Alican and Siddharth, Narayanaswamy and Paige, Brooks and Brooks, Dana H and Dy, Jennifer and Meent, Jan-Willem},
  journal={International Conference on Artificial Intelligence and Statistics},
  year={2019}
}

@article{gulrajani2020search,
  title={In search of lost domain generalization},
  author={Gulrajani, Ishaan and Lopez-Paz, David},
  journal={International Conference on Learning Representations},
  year={2021}
}

@article{higgins2017beta,
  title={beta-{VAE}: Learning basic visual concepts with a constrained variational framework.},
  author={Higgins, Irina and Matthey, Loic and Pal, Arka and Burgess, Christopher P and Glorot, Xavier and Botvinick, Matthew M and Mohamed, Shakir and Lerchner, Alexander},
  journal={International Conference on Learning Representations},
  year={2017}
}

@article{higgins2018towards,
  title={Towards a definition of disentangled representations},
  author={Higgins, Irina and Amos, David and Pfau, David and Racaniere, Sebastien and Matthey, Loic and Rezende, Danilo and Lerchner, Alexander},
  journal={arXiv},
  year={2018}
}

@article{hyvarinen2000independent,
  title={Independent component analysis: algorithms and applications},
  author={Hyv{\"a}rinen, Aapo and Oja, Erkki},
  journal={Neural Networks},
  year={2000}
}

@article{jutten1991blind,
  title={Blind separation of sources, part I: An adaptive algorithm based on neuromimetic architecture},
  author={Jutten, Christian and Herault, Jeanny},
  journal={Signal Processing},
  year={1991}
}

@article{kim2018disentangling,
  title={Disentangling by factorising},
  author={Kim, Hyunjik and Mnih, Andriy},
  journal={International Conference on Machine Learning},
  year={2018}
}

@article{koh2021wilds,
  title={Wilds: A benchmark of in-the-wild distribution shifts},
  author={Koh, Pang Wei and Sagawa, Shiori and Marklund, Henrik and Xie, Sang Michael and Zhang, Marvin and Balsubramani, Akshay and Hu, Weihua and Yasunaga, Michihiro and Phillips, Richard Lanas and Gao, Irena and others},
  journal={International Conference on Machine Learning},
  year={2021}
}

@article{kong2022partial,
  title={Partial disentanglement for domain adaptation},
  author={Kong, Lingjing and Xie, Shaoan and Yao, Weiran and Zheng, Yujia and Chen, Guangyi and Stojanov, Petar and Akinwande, Victor and Zhang, Kun},
  journal={International Conference on Machine Learning},
  year={2022}
}

@article{lachapelle2022partial,
  title={Partial disentanglement via mechanism sparsity},
  author={Lachapelle, S{\'e}bastien and Lacoste-Julien, Simon},
  journal={UAI 2022 Workshop on Causal Representation Learning},
  year={2022}
}

@article{lachapelle2024additive,
  title={Additive decoders for latent variables identification and cartesian-product extrapolation},
  author={Lachapelle, S{\'e}bastien and Mahajan, Divyat and Mitliagkas, Ioannis and Lacoste-Julien, Simon},
  journal={Advances in Neural Information Processing Systems},
  year={2024}
}

@article{lopez2024toward,
  title={Toward the Identifiability of Comparative Deep Generative Models},
  author={Lopez, Romain and Huetter, Jan-Christian and Hajiramezanali, Ehsan and Pritchard, Jonathan K and Regev, Aviv},
  journal={Conference on Causal Learning and Reasoning},
  year={2024}
}

@article{lu2021invariant,
  title={Invariant causal representation learning for out-of-distribution generalization},
  author={Lu, Chaochao and Wu, Yuhuai and Hern{\'a}ndez-Lobato, Jos{\'e} Miguel and Sch{\"o}lkopf, Bernhard},
  journal={International Conference on Learning Representations},
  year={2021}
}

@article{peters2016causal,
  title={Causal inference by using invariant prediction: identification and confidence intervals},
  author={Peters, Jonas and B{\"u}hlmann, Peter and Meinshausen, Nicolai},
  journal={Journal of the Royal Statistical Society: Series B (Statistical Methodology)},
  year={2016},
}

@article{von2021self,
  title={Self-supervised learning with data augmentations provably isolates content from style},
  author={Von K{\"u}gelgen, Julius and Sharma, Yash and Gresele, Luigi and Brendel, Wieland and Sch{\"o}lkopf, Bernhard and Besserve, Michel and Locatello, Francesco},
  journal={Advances in Neural Information Processing Systems},
  year={2021}
}

