@article{chandrasekaran2024three,
  title={Three million images and morphological profiles of cells treated with matched chemical and genetic perturbations},
  author={Chandrasekaran, Srinivas Niranj and Cimini, Beth A and Goodale, Amy and Miller, Lisa and Kost-Alimova, Maria and Jamali, Nasim and Doench, John G and Fritchman, Briana and Skepner, Adam and Melanson, Michelle and others},
  journal={Nature Methods},
  year={2024},
}

@article{bandi2019detection,
  author       = {P{\'{e}}ter B{\'{a}}ndi and
                  Oscar Geessink and
                  Quirine Manson and
                  Marcory Van Dijk and
                  Maschenka Balkenhol and
                  Meyke Hermsen and
                  Babak Ehteshami Bejnordi and
                  Byungjae Lee and
                  Kyunghyun Paeng and
                  others},
  title        = {From Detection of Individual Metastases to Classification of Lymph
                  Node Status at the Patient Level: The {CAMELYON17} Challenge},
  journal      = {{IEEE} Trans. Medical Imaging},
  year         = {2019}
}

@article{mckinney2020international,
  title={International evaluation of an {AI} system for breast cancer screening},
  author={McKinney, Scott Mayer and Sieniek, Marcin and Godbole, Varun and Godwin, Jonathan and Antropova, Natasha and Ashrafian, Hutan and Back, Trevor and Chesus, Mary and Corrado, Greg S and Darzi, Ara and others},
  journal={Nature},
  year={2020}
}

@article{leek2010tackling,
  title={Tackling the widespread and critical impact of batch effects in high-throughput data},
  author={Leek, Jeffrey T and Scharpf, Robert B and Bravo, H{\'e}ctor Corrada and Simcha, David and Langmead, Benjamin and Johnson, W Evan and Geman, Donald and Baggerly, Keith and Irizarry, Rafael A},
  journal={Nature Reviews Genetics},
  year={2010}
}

@article{arevalo2024evaluating,
  title={Evaluating batch correction methods for image-based cell profiling},
  author={Arevalo, John and Su, Ellen and Ewald, Jessica D and van Dijk, Robert and Carpenter, Anne E and Singh, Shantanu},
  journal={Nature Communications},
  year={2024}
}

@article{bray2016cell,
  title={Cell Painting, a high-content image-based assay for morphological profiling using multiplexed fluorescent dyes},
  author={Bray, Mark-Anthony and Singh, Shantanu and Han, Han and Davis, Chadwick T and Borgeson, Blake and Hartland, Cathy and Kost-Alimova, Maria and Gustafsdottir, Sigrun M and Gibson, Christopher C and Carpenter, Anne E},
  journal={Nature Protocols},
  year={2016}
}

@article{feldman2019optical,
  title={Optical pooled screens in human cells},
  author={Feldman, David and Singh, Avtar and Schmid-Burgk, Jonathan L and Carlson, Rebecca J and Mezger, Anja and Garrity, Anthony J and Zhang, Feng and Blainey, Paul C},
  journal={Cell},
  year={2019}
}

@article{koh2021wilds,
  title={Wilds: A benchmark of in-the-wild distribution shifts},
  author={Koh, Pang Wei and Sagawa, Shiori and Marklund, Henrik and Xie, Sang Michael and Zhang, Marvin and Balsubramani, Akshay and Hu, Weihua and Yasunaga, Michihiro and Phillips, Richard Lanas and Gao, Irena and others},
  journal={International Conference on Machine Learning},
  year={2021}
}

@article{makino2022differences,
  author       = {Taro Makino and
                  Stanislaw Jastrzebski and
                  Witold Oleszkiewicz and
                  Celin Chacko and
                  Robin Ehrenpreis and
                  Naziya Samreen and
                  Chloe Chhor and
                  Eric Kim and
                  Jiyon Lee and
                  Kristine Pysarenko and
                  Beatriu Reig and
                  Hildegard Toth and
                  Divya Awal and
                  Linda Du and
                  Alice Kim and
                  James Park and
                  Daniel K. Sodickson and
                  Laura Heacock and
                  Linda Moy and
                  Kyunghyun Cho and
                  Krzysztof J. Geras},
  title        = {Differences between human and machine perception in medical diagnosis},
  journal      = {Scientific Reports},
  year         = {2022}
}

@article{nguyen2023contrimix,
  title={ContriMix: Scalable stain color augmentation for domain generalization without domain labels in digital pathology},
  author={Nguyen, Tan H and Juyal, Dinkar and Li, Jin and Prakash, Aaditya and Nofallah, Shima and Shah, Chintan and Gullapally, Sai Chowdary and Yu, Limin and Griffin, Michael and Sampat, Anand and others},
  journal={arXiv},
  year={2023}
}

@article{kugelgen2021self,
  author       = {Julius von K{\"{u}}gelgen and
                  Yash Sharma and
                  Luigi Gresele and
                  Wieland Brendel and
                  Bernhard Sch{\"{o}}lkopf and
                  Michel Besserve and
                  Francesco Locatello},
  title        = {Self-Supervised Learning with Data Augmentations Provably Isolates
                  Content from Style},
  journal    = {Advances in Neural Information Processing Systems},
  year         = {2021}
}

@article{kingma2014auto,
  author       = {Diederik P. Kingma and
                  Max Welling},
  title        = {Auto-encoding variational {Bayes}},
  journal    = {International Conference on Learning Representations},
  year         = {2014}
}

@article{rezende2014stochastic,
  title={Stochastic backpropagation and approximate inference in deep generative models},
  author={Rezende, Danilo Jimenez and Mohamed, Shakir and Wierstra, Daan},
  journal={International Conference on Machine Learning},
  year={2014}
}

@article{kingma2014semi,
  author       = {Diederik P. Kingma and
                  Shakir Mohamed and
                  Danilo Jimenez Rezende and
                  Max Welling},
  title        = {Semi-supervised Learning with Deep Generative Models},
  journal    = {Advances in Neural Information Processing Systems},
  year         = {2014}
}

@article{ganin2016domain,
  title={Domain-adversarial training of neural networks},
  author={Ganin, Yaroslav and Ustinova, Evgeniya and Ajakan, Hana and Germain, Pascal and Larochelle, Hugo and Laviolette, Fran{\c{c}}ois and March, Mario and Lempitsky, Victor},
  journal={Journal of Machine Learning Research},
  year={2016}
}

@article{edwards2016censoring,
  title={Censoring representations with an adversary},
  author={Edwards, Harrison and Storkey, Amos},
  journal={International Conference on Learning Representations},
  year={2016}
}

@article{khemakhem2020variational,
  title={Variational autoencoders and nonlinear {ICA}: A unifying framework},
  author={Khemakhem, Ilyes and Kingma, Diederik and Monti, Ricardo and Hyvarinen, Aapo},
  journal={International Conference on Artificial Intelligence and Statistics},
  year={2020}
}

@article{louizos2016variational,
  author       = {Christos Louizos and
                  Kevin Swersky and
                  Yujia Li and
                  Max Welling and
                  Richard S. Zemel},
  title        = {The Variational Fair Autoencoder},
  journal    = {International Conference on Learning Representations},
  year         = {2016}
}

@article{lopez2018information,
  author       = {Romain Lopez and
                  Jeffrey Regier and
                  Michael I. Jordan and
                  Nir Yosef},
  title        = {Information Constraints on Auto-Encoding Variational Bayes},
  journal    = {Advances in Neural Information Processing Systems},
  year         = {2018}
}

@article{khosla2020supervised,
  author       = {Prannay Khosla and
                  Piotr Teterwak and
                  Chen Wang and
                  Aaron Sarna and
                  Yonglong Tian and
                  Phillip Isola and
                  Aaron Maschinot and
                  Ce Liu and
                  Dilip Krishnan},
  title        = {Supervised Contrastive Learning},
  journal    = {Advances in Neural Information Processing Systems},
  year         = {2020}
}

@article{jordan1999introduction,
  title={An Introduction to Variational Methods for Graphical Models},
  author={Jordan, Michael I. and Ghahramani, Zoubin and Jaakkola, Tommi S. and Saul, Lawrence K.},
  journal={Machine Learning},
  year={1999},
}

@article{weinberger2023isolating,
  title={Isolating salient variations of interest in single-cell data with contrastiveVI},
  author={Weinberger, Ethan and Lin, Chloe and Lee, Su-In},
  journal={Nature Methods},
  year={2023}
}

@article{rood2024toward,
  title={Toward a foundation model of causal cell and tissue biology with a Perturbation Cell and Tissue Atlas},
  author={Rood, Jennifer E and Hupalowska, Anna and Regev, Aviv},
  journal={Cell},
  year={2024}
}


@article{celik2024building,
	author = {Celik, Safiye AND H{\"u}tter, Jan-Christian AND Carlos, Sandra Melo AND Lazar, Nathan H. AND Mohan, Rahul AND Tillinghast, Conor AND Biancalani, Tommaso AND Fay, Marta M. AND Earnshaw, Berton A. AND Haque, Imran S.},
	journal = {PLOS Computational Biology},
	month = {10},
	number = {10},
	pages = {1-24},
	title = {Building, benchmarking, and exploring perturbative maps of transcriptional and morphological data},
	volume = {20},
	year = {2024}}

@article{zhang2024scdisinfact,
  title={{scDisInFact}: disentangled learning for integration and prediction of multi-batch multi-condition single-cell {RNA}-sequencing data},
  author={Zhang, Ziqi and Zhang, Xiuwei},
  journal={Nature Communications},
  year={2024}
}

@article{funk2022phenotypic,
  title={The phenotypic landscape of essential human genes},
  author={Funk, Luke and Su, Kuan-Chung and Ly, Jimmy and Feldman, David and Singh, Avtar and Moodie, Brittania and Blainey, Paul C and Cheeseman, Iain M},
  journal={Cell},
  year={2022}
}

@article{higgins2017beta,
  title={beta-{VAE}: Learning basic visual concepts with a constrained variational framework.},
  author={Higgins, Irina and Matthey, Loic and Pal, Arka and Burgess, Christopher P and Glorot, Xavier and Botvinick, Matthew M and Mohamed, Shakir and Lerchner, Alexander},
  journal={International Conference on Learning Representations},
  year={2017}
}

@article{wang2023multi,
  title={Multi-ContrastiveVAE disentangles perturbation effects in single cell images from optical pooled screens},
  author={Wang, Zitong Jerry and Lopez, Romain and H{\"u}tter, Jan-Christian and Kudo, Takamasa and Yao, Heming and Hanslovsky, Philipp and Hoeckendorf, Burkhard and Moran, Rahul and Richmond, David and Regev, Aviv},
  journal={bioRxiv},
  year={2023}
}

@article{tu2024supervised,
  title={A supervised contrastive framework for learning disentangled representations of cell perturbation data},
  author={Tu, Xinming and H{\"u}tter, Jan-Christian and Wang, Zitong Jerry and Kudo, Takamasa and Regev, Aviv and Lopez, Romain},
  journal={Machine Learning in Computational Biology},
  year={2024}
}

@article{mao2024learning,
  title={Learning Identifiable Factorized Causal Representations of Cellular Responses},
  author={Mao, Haiyi and Lopez, Romain and Liu, Kai and Huetter, Jan-Christian and Richmond, David and Benos, Panayiotis and Qiu, Lin},
  journal={Advances in Neural Information Processing Systems},
  year={2024}
}

@article{child2020very,
    author={Child, Rewon},
    title={Very deep {VAEs} generalize autoregressive models and can outperform them on images},
    journal={International Conference on Learning Representations},
    year={2021}
}

@article{bowman2015generating,
  title={Generating sentences from a continuous space},
  author={Bowman, Samuel R and Vilnis, Luke and Vinyals, Oriol and Dai, Andrew M and Jozefowicz, Rafal and Bengio, Samy},
  journal={arXiv},
  year={2015}
}

@article{razavi2019preventing,
  title={Preventing posterior collapse with delta-vaes},
  author={Razavi, Ali and Oord, A{\"a}ron van den and Poole, Ben and Vinyals, Oriol},
  journal={arXiv},
  year={2019}
}

@article{fu2019cyclical,
    title = {Cyclical Annealing Schedule: A Simple Approach to Mitigating {KL} Vanishing},
    author = {Fu, Hao  and
      Li, Chunyuan  and
      Liu, Xiaodong  and
      Gao, Jianfeng  and
      Celikyilmaz, Asli  and
      Carin, Lawrence},
    journal = {Conference of the North {A}merican Chapter of the Association for Computational Linguistics},
    year = {2019},
}

@article{dai2020usual,
  title={The usual suspects? Reassessing blame for {VAE} posterior collapse},
  author={Dai, Bin and Wang, Ziyu and Wipf, David},
  journal={International Conference on Machine Learning},
  year={2020}
}

@article{wang2021posterior,
  title={Posterior collapse and latent variable non-identifiability},
  author={Wang, Yixin and Blei, David and Cunningham, John P},
  journal={Advances in Neural Information Processing Systems},
  year={2021}
}

@article{gretton2006kernel,
  title={A kernel method for the two-sample-problem},
  author={Gretton, Arthur and Borgwardt, Karsten and Rasch, Malte and Sch{\"o}lkopf, Bernhard and Smola, Alex},
  journal={Advances in Neural Information Processing Systems},
  year={2006}
}

@article{marcel2010torchvision,
  title={Torchvision the machine-vision package of torch},
  author={Marcel, S{\'e}bastien and Rodriguez, Yann},
  journal={International Conference on Multimedia},
  year={2010}
}

@article{arjovsky2019invariant,
  title={Invariant risk minimization},
  author={Arjovsky, Martin and Bottou, L{\'e}on and Gulrajani, Ishaan and Lopez-Paz, David},
  journal={arXiv},
  year={2019}
}

@article{lu2021invariant,
  title={Invariant causal representation learning for out-of-distribution generalization},
  author={Lu, Chaochao and Wu, Yuhuai and Hern{\'a}ndez-Lobato, Jos{\'e} Miguel and Sch{\"o}lkopf, Bernhard},
  journal={International Conference on Learning Representations},
  year={2021}
}

@book{vapnik1995nature,
  author       = {Vladimir Vapnik},
  title        = {The Nature of Statistical Learning Theory},
  publisher    = {Springer},
  year         = {1995}
}

@article{blanchard2011generalizing,
  title={Generalizing from several related classification tasks to a new unlabeled sample},
  author={Blanchard, Gilles and Lee, Gyemin and Scott, Clayton},
  journal={Advances in Neural Information Processing Systems},
  year={2011}
}

@article{muandet2013domain,
  title={Domain generalization via invariant feature representation},
  author={Muandet, Krikamol and Balduzzi, David and Sch{\"o}lkopf, Bernhard},
  journal={International Conference on Machine Learning},
  year={2013}
}

@article{esmaeili2019structured,
  title={Structured disentangled representations},
  author={Esmaeili, Babak and Wu, Hao and Jain, Sarthak and Bozkurt, Alican and Siddharth, Narayanaswamy and Paige, Brooks and Brooks, Dana H and Dy, Jennifer and Meent, Jan-Willem},
  journal={International Conference on Artificial Intelligence and Statistics},
  year={2019}
}

@article{kim2018disentangling,
  title={Disentangling by factorising},
  author={Kim, Hyunjik and Mnih, Andriy},
  journal={International Conference on Machine Learning},
  year={2018}
}

@article{chen2018isolating,
  title={Isolating sources of disentanglement in variational autoencoders},
  author={Chen, Ricky TQ and Li, Xuechen and Grosse, Roger B and Duvenaud, David K},
  journal={Advances in Neural Information Processing Systems},
  year={2018}
}

@article{eastwood2018framework,
  title={A framework for the quantitative evaluation of disentangled representations},
  author={Eastwood, Cian and Williams, Christopher KI},
  journal={International Conference on Learning Representations},
  year={2018}
}

@article{higgins2018towards,
  title={Towards a definition of disentangled representations},
  author={Higgins, Irina and Amos, David and Pfau, David and Racaniere, Sebastien and Matthey, Loic and Rezende, Danilo and Lerchner, Alexander},
  journal={arXiv},
  year={2018}
}

@article{comon1994independent,
  title={Independent component analysis, a new concept?},
  author={Comon, Pierre},
  journal={Signal Processing},
  year={1994}
}

@article{jutten1991blind,
  title={Blind separation of sources, part I: An adaptive algorithm based on neuromimetic architecture},
  author={Jutten, Christian and Herault, Jeanny},
  journal={Signal Processing},
  year={1991}
}

@article{hyvarinen2000independent,
  title={Independent component analysis: algorithms and applications},
  author={Hyv{\"a}rinen, Aapo and Oja, Erkki},
  journal={Neural Networks},
  year={2000}
}

@article{makino2023detecting,
  title={Detecting incidental correlation in multimodal learning via latent variable modeling},
  author={Makino, Taro and Wang, Yixin and Geras, Krzysztof J and Cho, Kyunghyun},
  journal={Transactions on Machine Learning Research},
  year={2023}
}

@article{von2021self,
  title={Self-supervised learning with data augmentations provably isolates content from style},
  author={Von K{\"u}gelgen, Julius and Sharma, Yash and Gresele, Luigi and Brendel, Wieland and Sch{\"o}lkopf, Bernhard and Besserve, Michel and Locatello, Francesco},
  journal={Advances in Neural Information Processing Systems},
  year={2021}
}

@article{lachapelle2022partial,
  title={Partial disentanglement via mechanism sparsity},
  author={Lachapelle, S{\'e}bastien and Lacoste-Julien, Simon},
  journal={UAI 2022 Workshop on Causal Representation Learning},
  year={2022}
}

@article{kong2022partial,
  title={Partial disentanglement for domain adaptation},
  author={Kong, Lingjing and Xie, Shaoan and Yao, Weiran and Zheng, Yujia and Chen, Guangyi and Stojanov, Petar and Akinwande, Victor and Zhang, Kun},
  journal={International Conference on Machine Learning},
  year={2022}
}

@article{lachapelle2024additive,
  title={Additive decoders for latent variables identification and cartesian-product extrapolation},
  author={Lachapelle, S{\'e}bastien and Mahajan, Divyat and Mitliagkas, Ioannis and Lacoste-Julien, Simon},
  journal={Advances in Neural Information Processing Systems},
  year={2024}
}

@article{lopez2024toward,
  title={Toward the Identifiability of Comparative Deep Generative Models},
  author={Lopez, Romain and Huetter, Jan-Christian and Hajiramezanali, Ehsan and Pritchard, Jonathan K and Regev, Aviv},
  journal={Conference on Causal Learning and Reasoning},
  year={2024}
}

@article{gulrajani2020search,
  title={In search of lost domain generalization},
  author={Gulrajani, Ishaan and Lopez-Paz, David},
  journal={International Conference on Learning Representations},
  year={2021}
}

@article{shi2021gradient,
  title={Gradient matching for domain generalization},
  author={Shi, Yuge and Seely, Jeffrey and Torr, Philip HS and Siddharth, N and Hannun, Awni and Usunier, Nicolas and Synnaeve, Gabriel},
  journal={International Conference on Learning Representations},
  year={2022}
}

@article{carpenter2006cellprofiler,
  title={CellProfiler: image analysis software for identifying and quantifying cell phenotypes},
  author={Carpenter, Anne E and Jones, Thouis R and Lamprecht, Michael R and Clarke, Colin and Kang, In Han and Friman, Ola and Guertin, David A and Chang, Joo Han and Lindquist, Robert A and Moffat, Jason and others},
  journal={Genome Biology},
  year={2006}
}

@article{ruepp2010corum,
  title={{CORUM}: the comprehensive resource of mammalian protein complexes—2009},
  author={Ruepp, Andreas and Waegele, Brigitte and Lechner, Martin and Brauner, Barbara and Dunger-Kaltenbach, Irmtraud and Fobo, Gisela and Frishman, Goar and Montrone, Corinna and Mewes, H-Werner},
  journal={Nucleic Acids Research},
  year={2010}
}

@article{makino2022generative,
  title={Generative multitask learning mitigates target-causing confounding},
  author={Makino, Taro and Geras, Krzysztof and Cho, Kyunghyun},
  journal={Advances in Neural Information Processing Systems},
  year={2022}
}

@article{tellez2019quantifying,
  title={Quantifying the effects of data augmentation and stain color normalization in convolutional neural networks for computational pathology},
  author={Tellez, David and Litjens, Geert and B{\'a}ndi, P{\'e}ter and Bulten, Wouter and Bokhorst, John-Melle and Ciompi, Francesco and Van Der Laak, Jeroen},
  journal={Medical Image Analysis},
  year={2019}
}

@article{he2016deep,
  title={Deep residual learning for image recognition},
  author={He, Kaiming and Zhang, Xiangyu and Ren, Shaoqing and Sun, Jian},
  journal={Proceedings of the IEEE Conference on Computer Vision and Pattern Recognition},
  year={2016}
}

@article{huang2017densely,
  title={Densely connected convolutional networks},
  author={Huang, Gao and Liu, Zhuang and Van Der Maaten, Laurens and Weinberger, Kilian Q},
  journal={Proceedings of the IEEE Conference on Computer Vision and Pattern Recognition},
  year={2017}
}

@article{peters2016causal,
  title={Causal inference by using invariant prediction: identification and confidence intervals},
  author={Peters, Jonas and B{\"u}hlmann, Peter and Meinshausen, Nicolai},
  journal={Journal of the Royal Statistical Society: Series B (Statistical Methodology)},
  year={2016},
}

@article{damour2022underspecification,
  title={Underspecification Presents Challenges for Credibility in Modern Machine Learning},
  author={D'Amour, Alexander and Heller, Katherine and Moldovan, Dan and Adlam, Ben and Alipanahi, Babak and Beutel, Alex and Chen, Christina and Deaton, Jonathan and Eisenstein, Jacob and Hoffman, Matthew D. and Hormozdiari, Farhad and Houlsby, Neil and Hou, Shaobo and Jerfel, Ghassen and Karthikesalingam, Alan and Lucic, Mario and Ma, Yian and McLean, Cory and Mincu, Diana and Mitani, Akinori and Montanari, Andrea and Nado, Zachary and Natarajan, Vivek and Nielson, Christopher and Osborne, Thomas F. and Raman, Rajiv and Ramasamy, Kim and Sayres, Rory and Schrouff, Jessica and Seneviratne, Martin and Sequeira, Shannon and Suresh, Harini and Veitch, Victor and Vladymyrov, Max and Wang, Xuezhi and Webster, Kellie and Yadlowsky, Steve and Yun, Taedong and Zhai, Xiaohua and Sculley, D.},
  journal={Journal of Machine Learning Research},
  year={2022}
}

@article{wenzel2022assaying,
  title={Assaying out-of-distribution generalization in transfer learning},
  author={Wenzel, Florian and Dittadi, Andrea and Gehler, Peter and Simon-Gabriel, Carl-Johann and Horn, Max and Zietlow, Dominik and Kernert, David and Russell, Chris and Brox, Thomas and Schiele, Bernt and others},
  journal={Advances in Neural Information Processing Systems},
  year={2022}
}

@article{teney2024id,
  title={{ID} and {OOD} performance are sometimes inversely correlated on real-world datasets},
  author={Teney, Damien and Lin, Yong and Oh, Seong Joon and Abbasnejad, Ehsan},
  journal={Advances in Neural Information Processing Systems},
  year={2024}
}

@article{sun2016deep,
  title={Deep coral: Correlation alignment for deep domain adaptation},
  author={Sun, Baochen and Saenko, Kate},
  journal={ECCV 2016 Workshops},
  year={2016}
}

@article{sagawa2020distributionally,
  author       = {Shiori Sagawa and
                  Pang Wei Koh and
                  Tatsunori B. Hashimoto and
                  Percy Liang},
  title        = {Distributionally Robust Neural Networks},
  journal    = {International Conference on Learning Representations},
  year         = {2020}
}

@article{wortsman2022robust,
  title={Robust fine-tuning of zero-shot models},
  author={Wortsman, Mitchell and Ilharco, Gabriel and Kim, Jong Wook and Li, Mike and Kornblith, Simon and Roelofs, Rebecca and Lopes, Raphael Gontijo and Hajishirzi, Hannaneh and Farhadi, Ali and Namkoong, Hongseok and others},
  journal={Conference on Computer Vision and Pattern Recognition},
  year={2022}
}

@article{loshchilov2019decoupled,
  author       = {Ilya Loshchilov and
                  Frank Hutter},
  title        = {Decoupled Weight Decay Regularization},
  journal    = {International Conference on Learning Representations},
  year         = {2019}
}

@article{rumelhart1986learning,
  title={Learning representations by back-propagating errors},
  author={Rumelhart, David E and Hinton, Geoffrey E and Williams, Ronald J},
  journal={Nature},
  year={1986}
}

@article{hendrycks2016gaussian,
  title={Gaussian error linear units ({GELUs})},
  author={Hendrycks, Dan and Gimpel, Kevin},
  journal={arXiv},
  year={2016}
}

@article{li2017deeper,
  title={Deeper, broader and artier domain generalization},
  author={Li, Da and Yang, Yongxin and Song, Yi-Zhe and Hospedales, Timothy M},
  journal={International Conference on Computer Vision},
  year={2017}
}

@article{fang2013unbiased,
  title={Unbiased metric learning: On the utilization of multiple datasets and web images for softening bias},
  author={Fang, Chen and Xu, Ye and Rockmore, Daniel N},
  journal={International Conference on Computer Vision},
  year={2013}
}

@article{winkler2019association,
  title={Association between surgical skin markings in dermoscopic images and diagnostic performance of a deep learning convolutional neural network for melanoma recognition},
  author={Winkler, Julia K and Fink, Christine and Toberer, Ferdinand and Enk, Alexander and Deinlein, Teresa and Hofmann-Wellenhof, Rainer and Thomas, Luc and Lallas, Aimilios and Blum, Andreas and Stolz, Wilhelm and others},
  journal={JAMA dermatology},
  year={2019}
}

@article{oakden2020hidden,
  title={Hidden stratification causes clinically meaningful failures in machine learning for medical imaging},
  author={Oakden-Rayner, Luke and Dunnmon, Jared and Carneiro, Gustavo and R{\'e}, Christopher},
  journal={Proceedings of the ACM conference on health, inference, and learning},
  year={2020}
}