% Use this file for citations not found in the ACL Anthology (contained in "anthology.bib").

@inproceedings{pasupat-liang-2015-compositional,
    title = "Compositional Semantic Parsing on Semi-Structured Tables",
    author = "Pasupat, Panupong  and
      Liang, Percy",
    booktitle = "ACL/IJCNLP",
    year = "2015",
    pages = "1470--1480",
}

@inproceedings{herzig-etal-2020-tapas,
    title = "{T}a{P}as: Weakly Supervised Table Parsing via Pre-training",
    author = {Herzig, Jonathan  and
      Nowak, Pawel Krzysztof  and
      M{\"u}ller, Thomas  and
      Piccinno, Francesco  and
      Eisenschlos, Julian},
    booktitle = "ACL",
    year = "2020",
    pages = "4320--4333",
}

@inproceedings{yin-etal-2020-tabert,
    title = "{T}a{BERT}: Pretraining for Joint Understanding of Textual and Tabular Data",
    author = "Yin, Pengcheng  and
      Neubig, Graham  and
      Yih, Wen-tau  and
      Riedel, Sebastian",
    booktitle = "ACL",
    year = "2020",
    pages = "8413--8426",
}

@inproceedings{liu2022tapex,
    title={{TAPEX}: Table Pre-training via Learning a Neural {SQL} Executor},
    author={Qian Liu and Bei Chen and Jiaqi Guo and Morteza Ziyadi and Zeqi Lin and Weizhu Chen and Jian-Guang Lou},
    booktitle={ICLR},
    year={2022}
}

@inproceedings{ChenWCZWLZW20,
  author       = {Wenhu Chen and
                  Hongmin Wang and
                  Jianshu Chen and
                  Yunkai Zhang and
                  Hong Wang and
                  Shiyang Li and
                  Xiyou Zhou and
                  William Yang Wang},
  title        = {TabFact: {A} Large-scale Dataset for Table-based Fact Verification},
  booktitle    = {ICLR},
  year         = {2020}
}

@inproceedings{bao2018table,
  title={Table-to-text: Describing table region with natural language},
  author={Bao, Junwei and Tang, Duyu and Duan, Nan and Yan, Zhao and Lv, Yuanhua and Zhou, Ming and Zhao, Tiejun},
  booktitle={AAAI},
  year={2018},
  pages="5020--5027",
}

@inproceedings{zhang2024opent2t,
  title={{OpenT2T}: An Open-Source Toolkit for Table-to-Text Generation},
  author={Zhang, Haowei and Si, Shengyun and Zhao, Yilun and Xie, Lujing and Xu, Zhijian and Chen, Lyuhao and Nan, Linyong and Wang, Pengcheng and Tang, Xiangru and Cohan, Arman},
  booktitle={EMNLP},
  pages={259--269},
  year={2024}
}

@article{cafarella2008webtables,
  title={{WebTables}: Exploring the Power of Tables on the Web},
  author={Cafarella, Michael J and Halevy, Alon and Wang, Daisy Zhe and Wu, Eugene and Zhang, Yang},
  journal={Proceedings of the VLDB Endowment},
  volume = {1},
  number = {1},
  pages={538--549},
  year={2008},
  publisher={VLDB Endowment}
}

@article{zhong2017seq2sql,
  author       = {Victor Zhong and Caiming Xiong and Richard Socher},
  title        = {{Seq2SQL}: Generating Structured Queries from Natural Language using
                  Reinforcement Learning},
  journal      = {arXiv:1709.00103},
  year         = {2017}
}

@inproceedings{liu-etal-2024-rethinking,
    title = "Rethinking Tabular Data Understanding with Large Language Models",
    author = "Liu, Tianyang  and
      Wang, Fei  and
      Chen, Muhao",
    booktitle = "NAACL",
    year = "2024",
    pages = "450--482",
}

@inproceedings{wang2024chainoftable,
    title={Chain-of-Table: Evolving Tables in the Reasoning Chain for Table Understanding},
    author={Zilong Wang and Hao Zhang and Chun-Liang Li and Julian Martin Eisenschlos and Vincent Perot and Zifeng Wang and Lesly Miculicich and Yasuhisa Fujii and Jingbo Shang and Chen-Yu Lee and Tomas Pfister},
    booktitle={ICLR},
    year={2024}
}

@inproceedings{ye2023large,
author = {Ye, Yunhu and Hui, Binyuan and Yang, Min and Li, Binhua and Huang, Fei and Li, Yongbin},
title = {Large Language Models are Versatile Decomposers: Decomposing Evidence and Questions for Table-based Reasoning},
year = {2023},
booktitle = {SIGIR},
pages = {174--184},
}

@inproceedings{patnaik2024cabinet,
    title={{CABINET}: Content Relevance-based Noise Reduction for Table Question Answering},
    author={Sohan Patnaik and Heril Changwal and Milan Aggarwal and Sumit Bhatia and Yaman Kumar and Balaji Krishnamurthy},
    booktitle={ICLR},
    year={2024}
}

@article{lee2024learning,
  title={Learning to reduce: Towards improving performance of large language models on structured data},
  author={Lee, Younghun and Kim, Sungchul and Rossi, Ryan A and Yu, Tong and Chen, Xiang},
  journal={ICML Workshop},
  year={2024}
}

@article{singhal2025toward,
  title={Toward expert-level medical question answering with large language models},
  author={Singhal, Karan and Tu, Tao and Gottweis, Juraj and Sayres, Rory and Wulczyn, Ellery and Amin, Mohamed and Hou, Le and Clark, Kevin and Pfohl, Stephen R and Cole-Lewis, Heather and others},
  journal={Nature Medicine},
  year={2025}
}

@article{zavitsanos2024entrant,
  title={{ENTRANT}: A large financial dataset for table understanding},
  author={Zavitsanos, Elias and Mavroeidis, Dimitris and Spyropoulou, Eirini and Fergadiotis, Manos and Paliouras, Georgios},
  journal={Scientific Data},
  volume={11},
  number={1},
  pages={876},
  year={2024},
}

@inproceedings{abs-2407-09413,
  author       = {Shraman Pramanick and
                  Rama Chellappa and
                  Subhashini Venugopalan},
  title        = {{SPIQA:} {A} Dataset for Multimodal Question Answering on Scientific
                  Papers},
  booktitle      = {NeurIPS},
  year         = {2024}
}

@inproceedings{YuZYYWLMLYRZR18,
  author       = {Tao Yu and
                  Rui Zhang and
                  Kai Yang and
                  Michihiro Yasunaga and
                  Dongxu Wang and
                  Zifan Li and
                  James Ma and
                  Irene Li and
                  Qingning Yao and
                  Shanelle Roman and
                  Zilin Zhang and
                  Dragomir R. Radev},
  title        = {Spider: {A} Large-Scale Human-Labeled Dataset for Complex and Cross-Domain
                  Semantic Parsing and Text-to-SQL Task},
  booktitle    = {EMNLP},
  pages        = {3911--3921},
  year         = {2018}
}

@inproceedings{ChenZCXWW20,
  author       = {Wenhu Chen and
                  Hanwen Zha and
                  Zhiyu Chen and
                  Wenhan Xiong and
                  Hong Wang and
                  William Yang Wang},
  editor       = {Trevor Cohn and
                  Yulan He and
                  Yang Liu},
  title        = {HybridQA: {A} Dataset of Multi-Hop Question Answering over Tabular
                  and Textual Data},
  booktitle    = {EMNLP},
  pages        = {1026--1036},
  year         = {2020}
}

@inproceedings{ZhangLZ24,
  author       = {Siyue Zhang and
                  Anh Tuan Luu and
                  Chen Zhao},
  title        = {{SynTQA}: Synergistic Table-based Question Answering via Mixture of
                  {Text-to-SQL} and {E2E} {TQA}},
  booktitle    = {EMNLP},
  pages        = {2352--2364},
  year         = {2024}
}

@inproceedings{Dong0DZMLXX0C0S24,
  author       = {Qingxiu Dong and
                  Lei Li and
                  Damai Dai and
                  Ce Zheng and
                  Jingyuan Ma and
                  Rui Li and
                  Heming Xia and
                  Jingjing Xu and
                  Zhiyong Wu and
                  Baobao Chang and
                  Xu Sun and
                  Zhifang Sui},
  editor       = {Yaser Al{-}Onaizan and
                  Mohit Bansal and
                  Yun{-}Nung Chen},
  title        = {A Survey on In-context Learning},
  booktitle    = {EMNLP},
  pages        = {1107--1128},
  year         = {2024}
}

@inproceedings{pourreza2023dinsqldecomposedincontextlearning,
    title={{DIN}-{SQL}: Decomposed In-Context Learning of Text-to-{SQL} with Self-Correction},
    author={Mohammadreza Pourreza and Davood Rafiei},
    booktitle={NeurIPS},
    year={2023},
    pages = {359--371}
}

@inproceedings{ni2023lever,
  title={{LEVER}: Learning to Verify Language-to-Code Generation with Execution},
  author={Ni, Ansong and Iyer, Srini and Radev, Dragomir and Stoyanov, Veselin and Yih, Wen-tau and Wang, Sida and Lin, Xi Victoria},
  booktitle={ICML},
  pages={26106--26128},
  year={2023},
}

@inproceedings{vaswani2017attention,
  title={Attention Is All You Need},
  author={Vaswani, Ashish and Shazeer, Noam and Parmar, Niki and Uszkoreit, Jakob and Jones, Llion and Gomez, Aidan N and Kaiser, {\L}ukasz and Polosukhin, Illia},
  booktitle={NeurIPS},
  year={2017},
  pages = {5998--6008}
}

@inproceedings{devlin-etal-2019-bert,
    title = "{BERT}: Pre-training of Deep Bidirectional Transformers for Language Understanding",
    author = "Devlin, Jacob  and
      Chang, Ming-Wei  and
      Lee, Kenton  and
      Toutanova, Kristina",
    booktitle = "NAACL",
    year = "2019",
    pages = "4171--4186",
}

@inproceedings{wang2021tuta,
  title={{TUTA}: Tree-Based Transformers for Generally Structured Table Pre-training},
  author={Wang, Zhiruo and Dong, Haoyu and Jia, Ran and Li, Jia and Fu, Zhiyi and Han, Shi and Zhang, Dongmei},
  booktitle={KDD},
  pages={1780--1790},
  year={2021}
}

@inproceedings{lewis-etal-2020-bart,
    title = "{BART}: Denoising Sequence-to-Sequence Pre-training for Natural Language Generation, Translation, and Comprehension",
    author = "Lewis, Mike  and
      Liu, Yinhan  and
      Goyal, Naman  and
      Ghazvininejad, Marjan  and
      Mohamed, Abdelrahman  and
      Levy, Omer  and
      Stoyanov, Veselin  and
      Zettlemoyer, Luke",
    booktitle = "ACL",
    year = "2020",
    pages = "7871--7880",
}

@inproceedings{jiang-etal-2022-omnitab,
    title = "{O}mni{T}ab: Pretraining with Natural and Synthetic Data for Few-shot Table-based Question Answering",
    author = "Jiang, Zhengbao  and
      Mao, Yi  and
      He, Pengcheng  and
      Neubig, Graham  and
      Chen, Weizhu",
    booktitle = "NAACL",
    year = "2022",
    pages = "932--942",
}

@inproceedings{yu-etal-2018-spider,
    title = "{S}pider: A Large-Scale Human-Labeled Dataset for Complex and Cross-Domain Semantic Parsing and Text-to-{SQL} Task",
    author = "Yu, Tao  and
      Zhang, Rui  and
      Yang, Kai  and
      Yasunaga, Michihiro  and
      Wang, Dongxu  and
      Li, Zifan  and
      Ma, James  and
      Li, Irene  and
      Yao, Qingning  and
      Roman, Shanelle  and
      Zhang, Zilin  and
      Radev, Dragomir",
    booktitle = "EMNLP",
    year = "2018",
    pages = "3911--3921",
}

@inproceedings{wei2022chain,
  title={Chain-of-Thought Prompting Elicits Reasoning in Large Language Models},
  author={Wei, Jason and Wang, Xuezhi and Schuurmans, Dale and Bosma, Maarten and Xia, Fei and Chi, Ed and Le, Quoc V and Zhou, Denny},
  booktitle={NeurIPS},
  pages={24824--24837},
  year={2022}
}

@inproceedings{
    cheng2023binding,
    title={Binding Language Models in Symbolic Languages},
    author={Zhoujun Cheng and Tianbao Xie and Peng Shi and Chengzu Li and Rahul Nadkarni and Yushi Hu and Caiming Xiong and Dragomir Radev and Mari Ostendorf and Luke Zettlemoyer and Noah A. Smith and Tao Yu},
    booktitle={ICLR},
    year={2023}
}

@article{abs-2410-12846,
  author       = {Yuxiang Wang and
                  Jianzhong Qi and
                  Junhao Gan},
  title        = {Accurate and Regret-aware Numerical Problem Solver for Tabular Question
                  Answering},
  journal      = {arXiv:2410.12846},
  year         = {2024}
}

@inproceedings{ShiZBDL20,
  author       = {Tianze Shi and
                  Chen Zhao and
                  Jordan L. Boyd{-}Graber and
                  Hal Daum{\'{e}} III and
                  Lillian Lee},
  title        = {On the Potential of Lexico-logical Alignments for Semantic Parsing
                  to {SQL} Queries},
  booktitle    = {EMNLP},
  pages        = {1849--1864},
  year         = {2020}
}

@inproceedings{Song0QLL20,
  author       = {Kaitao Song and
                  Xu Tan and
                  Tao Qin and
                  Jianfeng Lu and
                  Tie{-}Yan Liu},
  title        = {{MPNet}: Masked and Permuted Pre-training for Language Understanding},
  booktitle    = {NeurIPS},
  year         = {2020},
  pages         = {16857--16867}
}

@misc{openai2024gpt4omini,
  title = {{GPT-4o mini}},
  author = {OpenAI},
  year = {2024},
  howpublished = {\url{https://platform.openai.com/docs/models/#gpt-4o-mini}}
}

@article{NanHMLVZKSKTMRT22,
  author       = {Linyong Nan and
                  Chiachun Hsieh and
                  Ziming Mao and
                  Xi Victoria Lin and
                  Neha Verma and
                  Rui Zhang and
                  Wojciech Kryscinski and
                  Hailey Schoelkopf and
                  Riley Kong and
                  Xiangru Tang and
                  Mutethia Mutuma and
                  Ben Rosand and
                  Isabel Trindade and
                  Renusree Bandaru and
                  Jacob Cunningham and
                  Caiming Xiong and
                  Dragomir R. Radev},
  title        = {{FeTaQA}: Free-form Table Question Answering},
  journal      = {Transactions of the Association for Computational Linguistics},
  volume       = {10},
  pages        = {35--49},
  year         = {2022}
}