@inproceedings{ZhangLZ24,
  author       = {Siyue Zhang and
                  Anh Tuan Luu and
                  Chen Zhao},
  title        = {{SynTQA}: Synergistic Table-based Question Answering via Mixture of
                  {Text-to-SQL} and {E2E} {TQA}},
  booktitle    = {EMNLP},
  pages        = {2352--2364},
  year         = {2024}
}

@article{abs-2410-12846,
  author       = {Yuxiang Wang and
                  Jianzhong Qi and
                  Junhao Gan},
  title        = {Accurate and Regret-aware Numerical Problem Solver for Tabular Question
                  Answering},
  journal      = {arXiv:2410.12846},
  year         = {2024}
}

@inproceedings{devlin-etal-2019-bert,
    title = "{BERT}: Pre-training of Deep Bidirectional Transformers for Language Understanding",
    author = "Devlin, Jacob  and
      Chang, Ming-Wei  and
      Lee, Kenton  and
      Toutanova, Kristina",
    booktitle = "NAACL",
    year = "2019",
    pages = "4171--4186",
}

@inproceedings{herzig-etal-2020-tapas,
    title = "{T}a{P}as: Weakly Supervised Table Parsing via Pre-training",
    author = {Herzig, Jonathan  and
      Nowak, Pawel Krzysztof  and
      M{\"u}ller, Thomas  and
      Piccinno, Francesco  and
      Eisenschlos, Julian},
    booktitle = "ACL",
    year = "2020",
    pages = "4320--4333",
}

@inproceedings{jiang-etal-2022-omnitab,
    title = "{O}mni{T}ab: Pretraining with Natural and Synthetic Data for Few-shot Table-based Question Answering",
    author = "Jiang, Zhengbao  and
      Mao, Yi  and
      He, Pengcheng  and
      Neubig, Graham  and
      Chen, Weizhu",
    booktitle = "NAACL",
    year = "2022",
    pages = "932--942",
}

@article{lee2024learning,
  title={Learning to reduce: Towards improving performance of large language models on structured data},
  author={Lee, Younghun and Kim, Sungchul and Rossi, Ryan A and Yu, Tong and Chen, Xiang},
  journal={ICML Workshop},
  year={2024}
}

@inproceedings{lewis-etal-2020-bart,
    title = "{BART}: Denoising Sequence-to-Sequence Pre-training for Natural Language Generation, Translation, and Comprehension",
    author = "Lewis, Mike  and
      Liu, Yinhan  and
      Goyal, Naman  and
      Ghazvininejad, Marjan  and
      Mohamed, Abdelrahman  and
      Levy, Omer  and
      Stoyanov, Veselin  and
      Zettlemoyer, Luke",
    booktitle = "ACL",
    year = "2020",
    pages = "7871--7880",
}

@inproceedings{liu-etal-2024-rethinking,
    title = "Rethinking Tabular Data Understanding with Large Language Models",
    author = "Liu, Tianyang  and
      Wang, Fei  and
      Chen, Muhao",
    booktitle = "NAACL",
    year = "2024",
    pages = "450--482",
}

@inproceedings{liu2022tapex,
    title={{TAPEX}: Table Pre-training via Learning a Neural {SQL} Executor},
    author={Qian Liu and Bei Chen and Jiaqi Guo and Morteza Ziyadi and Zeqi Lin and Weizhu Chen and Jian-Guang Lou},
    booktitle={ICLR},
    year={2022}
}

@inproceedings{ni2023lever,
  title={{LEVER}: Learning to Verify Language-to-Code Generation with Execution},
  author={Ni, Ansong and Iyer, Srini and Radev, Dragomir and Stoyanov, Veselin and Yih, Wen-tau and Wang, Sida and Lin, Xi Victoria},
  booktitle={ICML},
  pages={26106--26128},
  year={2023},
}

@inproceedings{patnaik2024cabinet,
    title={{CABINET}: Content Relevance-based Noise Reduction for Table Question Answering},
    author={Sohan Patnaik and Heril Changwal and Milan Aggarwal and Sumit Bhatia and Yaman Kumar and Balaji Krishnamurthy},
    booktitle={ICLR},
    year={2024}
}

@inproceedings{pourreza2023dinsqldecomposedincontextlearning,
    title={{DIN}-{SQL}: Decomposed In-Context Learning of Text-to-{SQL} with Self-Correction},
    author={Mohammadreza Pourreza and Davood Rafiei},
    booktitle={NeurIPS},
    year={2023},
    pages = {359--371}
}

@inproceedings{vaswani2017attention,
  title={Attention Is All You Need},
  author={Vaswani, Ashish and Shazeer, Noam and Parmar, Niki and Uszkoreit, Jakob and Jones, Llion and Gomez, Aidan N and Kaiser, {\L}ukasz and Polosukhin, Illia},
  booktitle={NeurIPS},
  year={2017},
  pages = {5998--6008}
}

@inproceedings{wang2021tuta,
  title={{TUTA}: Tree-Based Transformers for Generally Structured Table Pre-training},
  author={Wang, Zhiruo and Dong, Haoyu and Jia, Ran and Li, Jia and Fu, Zhiyi and Han, Shi and Zhang, Dongmei},
  booktitle={KDD},
  pages={1780--1790},
  year={2021}
}

@inproceedings{wang2024chainoftable,
    title={Chain-of-Table: Evolving Tables in the Reasoning Chain for Table Understanding},
    author={Zilong Wang and Hao Zhang and Chun-Liang Li and Julian Martin Eisenschlos and Vincent Perot and Zifeng Wang and Lesly Miculicich and Yasuhisa Fujii and Jingbo Shang and Chen-Yu Lee and Tomas Pfister},
    booktitle={ICLR},
    year={2024}
}

@inproceedings{wei2022chain,
  title={Chain-of-Thought Prompting Elicits Reasoning in Large Language Models},
  author={Wei, Jason and Wang, Xuezhi and Schuurmans, Dale and Bosma, Maarten and Xia, Fei and Chi, Ed and Le, Quoc V and Zhou, Denny},
  booktitle={NeurIPS},
  pages={24824--24837},
  year={2022}
}

@inproceedings{ye2023large,
author = {Ye, Yunhu and Hui, Binyuan and Yang, Min and Li, Binhua and Huang, Fei and Li, Yongbin},
title = {Large Language Models are Versatile Decomposers: Decomposing Evidence and Questions for Table-based Reasoning},
year = {2023},
booktitle = {SIGIR},
pages = {174--184},
}

@inproceedings{yin-etal-2020-tabert,
    title = "{T}a{BERT}: Pretraining for Joint Understanding of Textual and Tabular Data",
    author = "Yin, Pengcheng  and
      Neubig, Graham  and
      Yih, Wen-tau  and
      Riedel, Sebastian",
    booktitle = "ACL",
    year = "2020",
    pages = "8413--8426",
}

@inproceedings{yu-etal-2018-spider,
    title = "{S}pider: A Large-Scale Human-Labeled Dataset for Complex and Cross-Domain Semantic Parsing and Text-to-{SQL} Task",
    author = "Yu, Tao  and
      Zhang, Rui  and
      Yang, Kai  and
      Yasunaga, Michihiro  and
      Wang, Dongxu  and
      Li, Zifan  and
      Ma, James  and
      Li, Irene  and
      Yao, Qingning  and
      Roman, Shanelle  and
      Zhang, Zilin  and
      Radev, Dragomir",
    booktitle = "EMNLP",
    year = "2018",
    pages = "3911--3921",
}

@article{zhong2017seq2sql,
  author       = {Victor Zhong and Caiming Xiong and Richard Socher},
  title        = {{Seq2SQL}: Generating Structured Queries from Natural Language using
                  Reinforcement Learning},
  journal      = {arXiv:1709.00103},
  year         = {2017}
}

