@article{advani2020high,
  title={High-dimensional dynamics of generalization error in neural networks},
  author={Advani, Madhu S and Saxe, Andrew M and Sompolinsky, Haim},
  journal={Neural Networks},
  year={2020}
}

@inproceedings{arora2018stronger,
  title={Stronger generalization bounds for deep nets via a compression approach},
  author={Arora, Sanjeev and Ge, Rong and Neyshabur, Behnam and Zhang, Yi},
  booktitle={ICML},
  year={2018}
}

@inproceedings{arpit2017closer,
  title={A closer look at memorization in deep networks},
  author={Arpit, Devansh and Jastrz{\k{e}}bski, Stanis{\l}aw and Ballas, Nicolas and Krueger, David and Bengio, Emmanuel and Kanwal, Maxinder S and Maharaj, Tegan and Fischer, Asja and Courville, Aaron and Bengio, Yoshua and others},
  booktitle={ICML},
  year={2017}
}

@article{belkin2019reconciling,
  title={Reconciling modern machine-learning practice and the classical bias--variance trade-off},
  author={Belkin, Mikhail and Hsu, Daniel and Ma, Siyuan and Mandal, Soumik},
  journal={Proceedings of the National Academy of Sciences},
  year={2019},
  publisher={National Acad Sciences}
}

@article{chaudhari2019entropy,
  title={Entropy-sgd: Biasing gradient descent into wide valleys},
  author={Chaudhari, Pratik and Choromanska, Anna and Soatto, Stefano and LeCun, Yann and Baldassi, Carlo and Borgs, Christian and Chayes, Jennifer and Sagun, Levent and Zecchina, Riccardo},
  journal={Journal of Statistical Mechanics: Theory and Experiment},
  year={2019}
}

@inproceedings{corneanu2020computing,
  title={Computing the testing error without a testing set},
  author={Corneanu, Ciprian A and Escalera, Sergio and Martinez, Aleix M},
  booktitle={CVPR},
  year={2020}
}

@inproceedings{deng2021labels,
  title={Are labels always necessary for classifier accuracy evaluation?},
  author={Deng, Weijian and Zheng, Liang},
  booktitle={CVPR},
  year={2021}
}

@article{feldman2020neural,
  title={What neural networks memorize and why: Discovering the long tail via influence estimation},
  author={Feldman, Vitaly and Zhang, Chiyuan},
  journal={NeurIPS},
  year={2020}
}

@inproceedings{garg2021ratt,
  title={Ratt: Leveraging unlabeled data to guarantee generalization},
  author={Garg, Saurabh and Balakrishnan, Sivaraman and Kolter, Zico and Lipton, Zachary},
  booktitle={ICML},
  year={2021}
}

@book{goodfellow2016deep,
  title={Deep learning},
  author={Goodfellow, Ian and Bengio, Yoshua and Courville, Aaron},
  year={2016},
  publisher={MIT press}
}

@article{jiang2018predicting,
  title={Predicting the generalization gap in deep networks with margin distributions},
  author={Jiang, Yiding and Krishnan, Dilip and Mobahi, Hossein and Bengio, Samy},
  journal={arXiv preprint arXiv:1810.00113},
  year={2018}
}

@article{lin2023over,
  title={On the Over-Memorization During Natural, Robust and Catastrophic Overfitting},
  author={Lin, Runqi and Yu, Chaojian and Han, Bo and Liu, Tongliang},
  journal={arXiv preprint arXiv:2310.08847},
  year={2023}
}

@article{liu2022towards,
  title={Towards understanding grokking: An effective theory of representation learning},
  author={Liu, Ziming and Kitouni, Ouail and Nolte, Niklas S and Michaud, Eric and Tegmark, Max and Williams, Mike},
  journal={NeurIPS},
  year={2022}
}

@article{lu2022selc,
  title={SELC: self-ensemble label correction improves learning with noisy labels},
  author={Lu, Yangdi and He, Wenbo},
  journal={arXiv preprint arXiv:2205.01156},
  year={2022}
}

@article{lyle2020bayesian,
  title={A bayesian perspective on training speed and model selection},
  author={Lyle, Clare and Schut, Lisa and Ru, Robin and Gal, Yarin and van der Wilk, Mark},
  journal={NeurIPS},
  year={2020}
}

@article{mahsereci2017early,
  title={Early stopping without a validation set},
  author={Mahsereci, Maren and Balles, Lukas and Lassner, Christoph and Hennig, Philipp},
  journal={arXiv preprint arXiv:1703.09580},
  year={2017}
}

@inproceedings{maini2022characterizing,
  title={Characterizing Datapoints via Second-Split Forgetting},
  author={Maini, Pratyush and Garg, Saurabh and Lipton, Zachary Chase and Kolter, J Zico},
  booktitle={ICML 2022: Workshop on Spurious Correlations, Invariance and Stability}
}

@article{morcos2018importance,
  title={On the importance of single directions for generalization},
  author={Morcos, Ari S and Barrett, David GT and Rabinowitz, Neil C and Botvinick, Matthew},
  journal={arXiv preprint arXiv:1803.06959},
  year={2018}
}

@article{nakkiran2021deep,
  title={Deep double descent: Where bigger models and more data hurt},
  author={Nakkiran, Preetum and Kaplun, Gal and Bansal, Yamini and Yang, Tristan and Barak, Boaz and Sutskever, Ilya},
  journal={Journal of Statistical Mechanics: Theory and Experiment},
  year={2021}
}

@article{nanda2023progress,
  title={Progress measures for grokking via mechanistic interpretability},
  author={Nanda, Neel and Chan, Lawrence and Liberum, Tom and Smith, Jess and Steinhardt, Jacob},
  journal={arXiv preprint arXiv:2301.05217},
  year={2023}
}

@InProceedings{pmlr-v51-duvenaud16,
  title = 	 {Early Stopping as Nonparametric Variational Inference},
  author = 	 {Duvenaud, David and Maclaurin, Dougal and Adams, Ryan},
  booktitle = 	 {Proceedings of the 19th International Conference on Artificial Intelligence and Statistics},
  year = 	 {2016},
}

@article{power2022grokking,
  title={Grokking: Generalization beyond overfitting on small algorithmic datasets},
  author={Power, Alethea and Burda, Yuri and Edwards, Harri and Babuschkin, Igor and Misra, Vedant},
  journal={arXiv preprint arXiv:2201.02177},
  year={2022}
}

@article{ru2021speedy,
  title={Speedy performance estimation for neural architecture search},
  author={Ru, Robin and Lyle, Clare and Schut, Lisa and Fil, Miroslav and van der Wilk, Mark and Gal, Yarin},
  journal={NeurIPS},
  year={2021}
}

@article{song2019does,
  title={How does early stopping help generalization against label noise?},
  author={Song, Hwanjun and Kim, Minseok and Park, Dongmin and Lee, Jae-Gil},
  journal={arXiv preprint arXiv:1911.08059},
  year={2019}
}

@inproceedings{song2019selfie,
  title={Selfie: Refurbishing unclean samples for robust deep learning},
  author={Song, Hwanjun and Kim, Minseok and Lee, Jae-Gil},
  booktitle={ICML},
  year={2019}
}

@inproceedings{song2021robust,
  title={Robust learning by self-transition for handling noisy labels},
  author={Song, Hwanjun and Kim, Minseok and Park, Dongmin and Shin, Yooju and Lee, Jae-Gil},
  booktitle={KDD},
  year={2021}
}

@inproceedings{wei2022self,
  title={Self-Filtering: A Noise-Aware Sample Selection for Label Noise with Confidence Penalization},
  author={Wei, Qi and Sun, Haoliang and Lu, Xiankai and Yin, Yilong},
  booktitle={ECCV},
  year={2022}
}

@inproceedings{yuan2023latestopping,
  title={Late stopping: Avoiding confidently learning from mislabeled examples},
  author={Yuan, Suqin and Feng, Lei and Liu, Tongliang},
  booktitle={ICCV},
  year={2023}
}

@article{zhang2019perturbed,
  title={Perturbed model validation: A new framework to validate model relevance},
  author={Zhang, Jie and Barr, Earl T and Guedj, Benjamin and Harman, Mark and Shawe-Taylor, John},
  year={2019}
}

@inproceedings{zhou2021robust,
  title={Robust curriculum learning: from clean label detection to noisy label self-correction},
  author={Zhou, Tianyi and Wang, Shengjie and Bilmes, Jeff},
  booktitle={ICLR},
  year={2021}
}

