% Use this file for citations not found in the ACL Anthology (contained in "anthology.bib").


@inproceedings{Park2023GenerativeAgents,  
author = {Park, Joon Sung and O'Brien, Joseph C. and Cai, Carrie J. and Morris, Meredith Ringel and Liang, Percy and Bernstein, Michael S.},  
title = {Generative Agents: Interactive Simulacra of Human Behavior},  
year = {2023},  
publisher = {Association for Computing Machinery},  
address = {New York, NY, USA},  
booktitle = {In the 36th Annual ACM Symposium on User Interface Software and Technology (UIST '23)},  
keywords = {Human-AI interaction, agents, generative AI, large language models},  
location = {San Francisco, CA, USA},  
series = {UIST '23}
}

@article{gpt4,
  title={Gpt-4 technical report},
  author={Achiam, Josh and Adler, Steven and Agarwal, Sandhini and Ahmad, Lama and Akkaya, Ilge and Aleman, Florencia Leoni and Almeida, Diogo and Altenschmidt, Janko and Altman, Sam and Anadkat, Shyamal and others},
  journal={arXiv preprint arXiv:2303.08774},
  year={2023}
}


@article{agent1,
  title={The rise and potential of large language model based agents: A survey},
  author={Xi, Zhiheng and Chen, Wenxiang and Guo, Xin and He, Wei and Ding, Yiwen and Hong, Boyang and Zhang, Ming and Wang, Junzhe and Jin, Senjie and Zhou, Enyu and others},
  journal={Science China Information Sciences},
  volume={68},
  number={2},
  pages={121101},
  year={2025},
  publisher={Springer}
}

@article{agent2,
  title={A survey on large language model based autonomous agents},
  author={Wang, Lei and Ma, Chen and Feng, Xueyang and Zhang, Zeyu and Yang, Hao and Zhang, Jingsen and Chen, Zhiyuan and Tang, Jiakai and Chen, Xu and Lin, Yankai and others},
  journal={Frontiers of Computer Science},
  volume={18},
  number={6},
  pages={186345},
  year={2024},
  publisher={Springer}
}

@inproceedings{mas1,
  title={Large Language Model based Multi-Agents: A Survey of Progress and Challenges.},
  author={Guo, T and Chen, X and Wang, Y and Chang, R and Pei, S and Chawla, NV and Wiest, O and Zhang, X},
  booktitle={33rd International Joint Conference on Artificial Intelligence (IJCAI 2024)},
  year={2024},
  organization={IJCAI; Cornell arxiv}
}


@article{agent_safety1,
  title={The emerged security and privacy of llm agent: A survey with case studies},
  author={He, Feng and Zhu, Tianqing and Ye, Dayong and Liu, Bo and Zhou, Wanlei and Yu, Philip S},
  journal={arXiv preprint arXiv:2407.19354},
  year={2024}
}

@inproceedings{agent_safety2,
  title={R-Judge: Benchmarking Safety Risk Awareness for LLM Agents},
  author={Yuan, Tongxin and He, Zhiwei and Dong, Lingzhong and Wang, Yiming and Zhao, Ruijie and Xia, Tian and Xu, Lizhen and Zhou, Binglin and Fangqi, Li and Zhang, Zhuosheng and others},
  booktitle={ICLR 2024 Workshop on Large Language Model (LLM) Agents},
  year={2024}
}

@inproceedings{hua2024trustagent,
  title={Trustagent: Towards safe and trustworthy llm-based agents},
  author={Hua, Wenyue and Yang, Xianjun and Jin, Mingyu and Li, Zelong and Cheng, Wei and Tang, Ruixiang and Zhang, Yongfeng},
  booktitle={Findings of the Association for Computational Linguistics: EMNLP 2024},
  pages={10000--10016},
  year={2024}
}

@article{mis,
  title={Flooding spread of manipulated knowledge in llm-based multi-agent communities},
  author={Ju, Tianjie and Wang, Yiting and Ma, Xinbei and Cheng, Pengzhou and Zhao, Haodong and Wang, Yulong and Liu, Lifeng and Xie, Jian and Zhang, Zhuosheng and Liu, Gongshen},
  journal={arXiv preprint arXiv:2407.07791},
  year={2024}
}

@inproceedings{jail,
  title={Agent Smith: A Single Image Can Jailbreak One Million Multimodal LLM Agents Exponentially Fast},
  author={Gu, Xiangming and Zheng, Xiaosen and Pang, Tianyu and Du, Chao and Liu, Qian and Wang, Ye and Jiang, Jing and Lin, Min},
  booktitle={Forty-first International Conference on Machine Learning},
  year={2024}
}


@article{pdos,
  title={Denial-of-service poisoning attacks against large language models},
  author={Gao, Kuofeng and Pang, Tianyu and Du, Chao and Yang, Yong and Xia, Shu-Tao and Lin, Min},
  journal={arXiv preprint arXiv:2410.10760},
  year={2024}
}

@inproceedings{gcgdos,
  title={Coercing LLMs to do and reveal (almost) anything},
  author={Geiping, Jonas and Stein, Alex and Shu, Manli and Saifullah, Khalid and Wen, Yuxin and Goldstein, Tom},
  booktitle={ICLR 2024 Workshop on Secure and Trustworthy Large Language Models},
  year={2024}
}

@inproceedings{edos,
title={An Engorgio Prompt Makes Large Language Model Babble on},
author={Jianshuo Dong and Ziyuan Zhang and Qingjie Zhang and Han Qiu and Tianwei Zhang and Hao Wang and Hewu Li and Qi Li and Chao Zhang and Ke Xu},
booktitle={The Thirteenth International Conference on Learning Representations},
year={2025},
url={https://openreview.net/forum?id=m4eXBo0VNc}
}

@article{autodos,
  title={Crabs: Consuming Resource via Auto-generation for LLM-DoS Attack under Black-box Settings},
  author={Zhang, Yuanhe and Zhou, Zhenhong and Zhang, Wei and Wang, Xinyue and Jia, Xiaojun and Liu, Yang and Su, Sen},
  journal={arXiv preprint arXiv:2412.13879},
  year={2024}
}

@inproceedings{chatdev,
  title={Chatdev: Communicative agents for software development},
  author={Qian, Chen and Liu, Wei and Liu, Hongzhang and Chen, Nuo and Dang, Yufan and Li, Jiahao and Yang, Cheng and Chen, Weize and Su, Yusheng and Cong, Xin and others},
  booktitle={Proceedings of the 62nd Annual Meeting of the Association for Computational Linguistics (Volume 1: Long Papers)},
  pages={15174--15186},
  year={2024}
}

@article{metagpt,
  title={Metagpt: Meta programming for multi-agent collaborative framework},
  author={Hong, Sirui and Zheng, Xiawu and Chen, Jonathan and Cheng, Yuheng and Wang, Jinlin and Zhang, Ceyao and Wang, Zili and Yau, Steven Ka Shing and Lin, Zijuan and Zhou, Liyang and others},
  journal={arXiv preprint arXiv:2308.00352},
  year={2023}
}

@article{zhang2024breaking,
  title={Breaking agents: Compromising autonomous llm agents through malfunction amplification},
  author={Zhang, Boyang and Tan, Yicong and Shen, Yun and Salem, Ahmed and Backes, Michael and Zannettou, Savvas and Zhang, Yang},
  journal={arXiv preprint arXiv:2407.20859},
  year={2024}
}


@article{yu2024netsafe,
  title={Netsafe: Exploring the topological safety of multi-agent networks},
  author={Yu, Miao and Wang, Shilong and Zhang, Guibin and Mao, Junyuan and Yin, Chenlong and Liu, Qijiong and Wen, Qingsong and Wang, Kun and Wang, Yang},
  journal={arXiv preprint arXiv:2410.15686},
  year={2024}
}

@inproceedings{
divergence,
title={Scalable Extraction of Training Data from Aligned, Production Language Models},
author={Milad Nasr and Javier Rando and Nicholas Carlini and Jonathan Hayase and Matthew Jagielski and A. Feder Cooper and Daphne Ippolito and Christopher A. Choquette-Choo and Florian Tram{\`e}r and Katherine Lee},
booktitle={The Thirteenth International Conference on Learning Representations},
year={2025},
url={https://openreview.net/forum?id=vjel3nWP2a}
}

@inproceedings{wu2024autogen,
  title={AutoGen: Enabling Next-Gen LLM Applications via Multi-Agent Conversation},
  author={Wu, Qingyun and Bansal, Gagan and Zhang, Jieyu and Wu, Yiran and Li, Beibin and Zhu, Erkang and Jiang, Li and Zhang, Xiaoyun and Zhang, Shaokun and Liu, Jiale and others},
  booktitle={ICLR 2024 Workshop on Large Language Model (LLM) Agents},
  year={2024}
}


@article{li2023camel,
  title={Camel: Communicative agents for" mind" exploration of large language model society},
  author={Li, Guohao and Hammoud, Hasan and Itani, Hani and Khizbullin, Dmitrii and Ghanem, Bernard},
  journal={Advances in Neural Information Processing Systems},
  volume={36},
  pages={51991--52008},
  year={2023}
}

@article{sim1,
  title={Generative agent simulations of 1,000 people},
  author={Park, Joon Sung and Zou, Carolyn Q and Shaw, Aaron and Hill, Benjamin Mako and Cai, Carrie and Morris, Meredith Ringel and Willer, Robb and Liang, Percy and Bernstein, Michael S},
  journal={arXiv preprint arXiv:2411.10109},
  year={2024}
}

@article{sim2,
  title={War and peace (waragent): Large language model-based multi-agent simulation of world wars},
  author={Hua, Wenyue and Fan, Lizhou and Li, Lingyao and Mei, Kai and Ji, Jianchao and Ge, Yingqiang and Hemphill, Libby and Zhang, Yongfeng},
  journal={arXiv preprint arXiv:2311.17227},
  year={2023}
}

@article{ct1,
  title={Researchagent: Iterative research idea generation over scientific literature with large language models},
  author={Baek, Jinheon and Jauhar, Sujay Kumar and Cucerzan, Silviu and Hwang, Sung Ju},
  journal={arXiv preprint arXiv:2404.07738},
  year={2024}
}

@inproceedings{ct2,
  title={Agentverse: Facilitating multi-agent collaboration and exploring emergent behaviors},
  author={Chen, Weize and Su, Yusheng and Zuo, Jingwei and Yang, Cheng and Yuan, Chenfei and Chan, Chi-Min and Yu, Heyang and Lu, Yaxi and Hung, Yi-Hsin and Qian, Chen and others},
  booktitle={The Twelfth International Conference on Learning Representations},
  year={2023}
}

@article{shen2023hugginggpt,
  title={Hugginggpt: Solving ai tasks with chatgpt and its friends in hugging face},
  author={Shen, Yongliang and Song, Kaitao and Tan, Xu and Li, Dongsheng and Lu, Weiming and Zhuang, Yueting},
  journal={Advances in Neural Information Processing Systems},
  volume={36},
  pages={38154--38180},
  year={2023}
}

@inproceedings{yaoreact,
  title={ReAct: Synergizing Reasoning and Acting in Language Models},
  author={Yao, Shunyu and Zhao, Jeffrey and Yu, Dian and Du, Nan and Shafran, Izhak and Narasimhan, Karthik R and Cao, Yuan},
  booktitle={The Eleventh International Conference on Learning Representations},
  year={2023}
}


@article{chao2023jailbreaking,
  title={Jailbreaking black box large language models in twenty queries},
  author={Chao, Patrick and Robey, Alexander and Dobriban, Edgar and Hassani, Hamed and Pappas, George J and Wong, Eric},
  journal={arXiv preprint arXiv:2310.08419},
  year={2023}
}

@article{yang2024qwen2,
  title={Qwen2. 5 technical report},
  author={Yang, An and Yang, Baosong and Zhang, Beichen and Hui, Binyuan and Zheng, Bo and Yu, Bowen and Li, Chengyuan and Liu, Dayiheng and Huang, Fei and Wei, Haoran and others},
  journal={arXiv preprint arXiv:2412.15115},
  year={2024}
}

@article{dubey2024llama,
  title={The llama 3 herd of models},
  author={Dubey, Abhimanyu and Jauhri, Abhinav and Pandey, Abhinav and Kadian, Abhishek and Al-Dahle, Ahmad and Letman, Aiesha and Mathur, Akhil and Schelten, Alan and Yang, Amy and Fan, Angela and others},
  journal={arXiv preprint arXiv:2407.21783},
  year={2024}
}

@article{team2024gemma,
  title={Gemma 2: Improving open language models at a practical size},
  author={Team, Gemma and Riviere, Morgane and Pathak, Shreya and Sessa, Pier Giuseppe and Hardin, Cassidy and Bhupatiraju, Surya and Hussenot, L{\'e}onard and Mesnard, Thomas and Shahriari, Bobak and Ram{\'e}, Alexandre and others},
  journal={arXiv preprint arXiv:2408.00118},
  year={2024}
}

@article{gemini,
  title={Gemini: a family of highly capable multimodal models},
  author={Team, Gemini and Anil, Rohan and Borgeaud, Sebastian and Alayrac, Jean-Baptiste and Yu, Jiahui and Soricut, Radu and Schalkwyk, Johan and Dai, Andrew M and Hauth, Anja and Millican, Katie and others},
  journal={arXiv preprint arXiv:2312.11805},
  year={2023}
}


@article{zou2023universal,
  title={Universal and transferable adversarial attacks on aligned language models},
  author={Zou, Andy and Wang, Zifan and Carlini, Nicholas and Nasr, Milad and Kolter, J Zico and Fredrikson, Matt},
  journal={arXiv preprint arXiv:2307.15043},
  year={2023}
}


@inproceedings{zeng-etal-2024-johnny,
    title = "How Johnny Can Persuade {LLM}s to Jailbreak Them: Rethinking Persuasion to Challenge {AI} Safety by Humanizing {LLM}s",
    author = "Zeng, Yi  and
      Lin, Hongpeng  and
      Zhang, Jingwen  and
      Yang, Diyi  and
      Jia, Ruoxi  and
      Shi, Weiyan",
    editor = "Ku, Lun-Wei  and
      Martins, Andre  and
      Srikumar, Vivek",
    booktitle = "Proceedings of the 62nd Annual Meeting of the Association for Computational Linguistics (Volume 1: Long Papers)",
    month = aug,
    year = "2024",
    address = "Bangkok, Thailand",
    publisher = "Association for Computational Linguistics",
    url = "https://aclanthology.org/2024.acl-long.773/",
    doi = "10.18653/v1/2024.acl-long.773",
    pages = "14322--14350"
    }

@article{deng2023jailbreaker,
  title={Jailbreaker: Automated jailbreak across multiple large language model chatbots},
  author={Deng, Gelei and Liu, Yi and Li, Yuekang and Wang, Kailong and Zhang, Ying and Li, Zefeng and Wang, Haoyu and Zhang, Tianwei and Liu, Yang},
  journal={arXiv preprint arXiv:2307.08715},
  year={2023}
}

@article{ppl1,
  title={Detecting language model attacks with perplexity},
  author={Alon, Gabriel and Kamfonas, Michael},
  journal={arXiv preprint arXiv:2308.14132},
  year={2023}
}

@article{ppl2,
  title={Baseline defenses for adversarial attacks against aligned language models},
  author={Jain, Neel and Schwarzschild, Avi and Wen, Yuxin and Somepalli, Gowthami and Kirchenbauer, John and Chiang, Ping-yeh and Goldblum, Micah and Saha, Aniruddha and Geiping, Jonas and Goldstein, Tom},
  journal={arXiv preprint arXiv:2309.00614},
  year={2023}
}

@article{jiang2023mistral,
  title={Mistral 7B},
  author={Jiang, Albert Q and Sablayrolles, Alexandre and Mensch, Arthur and Bamford, Chris and Chaplot, Devendra Singh and Casas, Diego de las and Bressand, Florian and Lengyel, Gianna and Lample, Guillaume and Saulnier, Lucile and others},
  journal={arXiv preprint arXiv:2310.06825},
  year={2023}
}