@article{autodos,
  title={Crabs: Consuming Resource via Auto-generation for LLM-DoS Attack under Black-box Settings},
  author={Zhang, Yuanhe and Zhou, Zhenhong and Zhang, Wei and Wang, Xinyue and Jia, Xiaojun and Liu, Yang and Su, Sen},
  journal={arXiv preprint arXiv:2412.13879},
  year={2024}
}

@article{ct1,
  title={Researchagent: Iterative research idea generation over scientific literature with large language models},
  author={Baek, Jinheon and Jauhar, Sujay Kumar and Cucerzan, Silviu and Hwang, Sung Ju},
  journal={arXiv preprint arXiv:2404.07738},
  year={2024}
}

@inproceedings{ct2,
  title={Agentverse: Facilitating multi-agent collaboration and exploring emergent behaviors},
  author={Chen, Weize and Su, Yusheng and Zuo, Jingwei and Yang, Cheng and Yuan, Chenfei and Chan, Chi-Min and Yu, Heyang and Lu, Yaxi and Hung, Yi-Hsin and Qian, Chen and others},
  booktitle={The Twelfth International Conference on Learning Representations},
  year={2023}
}

@inproceedings{edos,
title={An Engorgio Prompt Makes Large Language Model Babble on},
author={Jianshuo Dong and Ziyuan Zhang and Qingjie Zhang and Han Qiu and Tianwei Zhang and Hao Wang and Hewu Li and Qi Li and Chao Zhang and Ke Xu},
booktitle={The Thirteenth International Conference on Learning Representations},
year={2025},
url={https://openreview.net/forum?id=m4eXBo0VNc}
}

@inproceedings{gcgdos,
  title={Coercing LLMs to do and reveal (almost) anything},
  author={Geiping, Jonas and Stein, Alex and Shu, Manli and Saifullah, Khalid and Wen, Yuxin and Goldstein, Tom},
  booktitle={ICLR 2024 Workshop on Secure and Trustworthy Large Language Models},
  year={2024}
}

@article{pdos,
  title={Denial-of-service poisoning attacks against large language models},
  author={Gao, Kuofeng and Pang, Tianyu and Du, Chao and Yang, Yong and Xia, Shu-Tao and Lin, Min},
  journal={arXiv preprint arXiv:2410.10760},
  year={2024}
}

@article{shen2023hugginggpt,
  title={Hugginggpt: Solving ai tasks with chatgpt and its friends in hugging face},
  author={Shen, Yongliang and Song, Kaitao and Tan, Xu and Li, Dongsheng and Lu, Weiming and Zhuang, Yueting},
  journal={Advances in Neural Information Processing Systems},
  volume={36},
  pages={38154--38180},
  year={2023}
}

@article{sim1,
  title={Generative agent simulations of 1,000 people},
  author={Park, Joon Sung and Zou, Carolyn Q and Shaw, Aaron and Hill, Benjamin Mako and Cai, Carrie and Morris, Meredith Ringel and Willer, Robb and Liang, Percy and Bernstein, Michael S},
  journal={arXiv preprint arXiv:2411.10109},
  year={2024}
}

@article{sim2,
  title={War and peace (waragent): Large language model-based multi-agent simulation of world wars},
  author={Hua, Wenyue and Fan, Lizhou and Li, Lingyao and Mei, Kai and Ji, Jianchao and Ge, Yingqiang and Hemphill, Libby and Zhang, Yongfeng},
  journal={arXiv preprint arXiv:2311.17227},
  year={2023}
}

@inproceedings{yaoreact,
  title={ReAct: Synergizing Reasoning and Acting in Language Models},
  author={Yao, Shunyu and Zhao, Jeffrey and Yu, Dian and Du, Nan and Shafran, Izhak and Narasimhan, Karthik R and Cao, Yuan},
  booktitle={The Eleventh International Conference on Learning Representations},
  year={2023}
}

