@ARTICLE{1998Watts,
  title     = "Collective dynamics of `small-world' networks",
  author    = "Watts, D. and Strogatz, S.",
  journal   = "Nature",
  volume    =  393,
  number    =  6684,
  pages     = "440--442",
  year      =  1998
}

@article{1999Barabasi,
author = {A.-L. Barabási and R. Albert},
title = {Emergence of Scaling in Random Networks},
journal = {Science},
volume = {286},
number = {5439},
pages = {509-512},
year = {1999},
doi = {10.1126/science.286.5439.509}
}

@article{2002Holme,
   title={Growing scale-free networks with tunable clustering},
   volume={65},
   ISSN={1095-3787},
   url={http://dx.doi.org/10.1103/PhysRevE.65.026107},
   DOI={10.1103/physreve.65.026107},
   number={2},
   journal={Physical Review E},
   publisher={American Physical Society (APS)},
   author={Holme, P. and Kim, B. J.},
   year={2002}
}

@INPROCEEDINGS{2011Herrera,
  author={Herrera, C. and Zufiria, P. J.},
  booktitle={2011 IEEE Network Science Workshop}, 
  title={Generating scale-free networks with adjustable clustering coefficient via random walks}, 
  year={2011},
  pages={167-172},
  keywords={Barium;Analytical models;Genetics;Mathematical model;Social network services;Simulation;Erbium},
  doi={10.1109/NSW.2011.6004642}}

@article{Bogu2020,
  title = {Small worlds and clustering in spatial networks},
  author = {Bogu\~n\'a, M. and Krioukov, D. and Almagro, P. and Serrano, M. A.},
  journal = {Phys. Rev. Res.},
  volume = {2},
  issue = {2},
  pages = {023040},
  numpages = {10},
  year = {2020},
  publisher = {American Physical Society},
  doi = {10.1103/PhysRevResearch.2.023040}
}

@article{Bogu2021,
   title={Network geometry},
   volume={3},
   ISSN={2522-5820},
   url={http://dx.doi.org/10.1038/s42254-020-00264-4},
   DOI={10.1038/s42254-020-00264-4},
   number={2},
   journal={Nature Reviews Physics},
   publisher={Springer Science and Business Media LLC},
   author={Boguñá, M. and Bonamassa, I. and de Domenico, M. and Havlin, S. and Krioukov, D. and Serrano, M. A.},
   year={2021},
   pages={114–135}
}

@article{Saram_ki_2004,
   title={Scale-free networks generated by random walkers},
   volume={341},
   ISSN={0378-4371},
   url={http://dx.doi.org/10.1016/j.physa.2004.04.110},
   DOI={10.1016/j.physa.2004.04.110},
   journal={Physica A: Statistical Mechanics and its Applications},
   publisher={Elsevier BV},
   author={Saramäki, J. and Kaski, K.},
   year={2004},
   pages={80–86}
}

