
@article{2023Interian,
author = {Interian, R. and G. Marzo, R. and Mendoza, I. and Ribeiro, C. C.},
title = {Network polarization, filter bubbles, and echo chambers: an annotated review of measures and reduction methods},
journal = {International Transactions in Operational Research},
volume = {30},
number = {6},
pages = {3122-3158},
doi = {https://doi.org/10.1111/itor.13224},
year = {2023}
}

@ARTICLE{2019Broido,
  title     = "Scale-free networks are rare",
  author    = "Broido, A. and Clauset, A.",
  journal   = "Nature Communications",
  volume    =  10,
  number    =  1,
  pages     = "1017",
  year      =  2019
}

@article{1999Barabasi,
author = {A.-L. Barabási and R. Albert},
title = {Emergence of Scaling in Random Networks},
journal = {Science},
volume = {286},
number = {5439},
pages = {509-512},
year = {1999},
doi = {10.1126/science.286.5439.509}
}

@ARTICLE{1998Watts,
  title     = "Collective dynamics of `small-world' networks",
  author    = "Watts, D. and Strogatz, S.",
  journal   = "Nature",
  volume    =  393,
  number    =  6684,
  pages     = "440--442",
  year      =  1998
}

@ARTICLE{2023Interianb,
  title     = "Group polarization, influence, and domination in online interaction networks: a case study of the 2022 {Brazilian} elections",
  author    = "Interian, R. and Rodrigues, F. A.",
  journal   = "J. Phys. Complex.",
  volume    =  4,
  number    =  3,
  pages     = "035008",
  year      =  2023
}

@article{BHATTACHARYA20201200,
title = {Impact of Structural Properties on Network Structure for Online Social Networks},
journal = {Procedia Computer Science},
volume = {167},
pages = {1200-1209},
year = {2020},
note = {International Conference on Computational Intelligence and Data Science},
issn = {1877-0509},
doi = {https://doi.org/10.1016/j.procs.2020.03.433},
url = {https://www.sciencedirect.com/science/article/pii/S1877050920309005},
author = {S. Bhattacharya and S. Sinha and S. Roy} 
}

@INPROCEEDINGS{2011Herrera,
  author={Herrera, C. and Zufiria, P. J.},
  booktitle={2011 IEEE Network Science Workshop}, 
  title={Generating scale-free networks with adjustable clustering coefficient via random walks}, 
  year={2011},
  pages={167-172},
  keywords={Barium;Analytical models;Genetics;Mathematical model;Social network services;Simulation;Erbium},
  doi={10.1109/NSW.2011.6004642}}

@article{Saram_ki_2004,
   title={Scale-free networks generated by random walkers},
   volume={341},
   ISSN={0378-4371},
   url={http://dx.doi.org/10.1016/j.physa.2004.04.110},
   DOI={10.1016/j.physa.2004.04.110},
   journal={Physica A: Statistical Mechanics and its Applications},
   publisher={Elsevier BV},
   author={Saramäki, J. and Kaski, K.},
   year={2004},
   pages={80–86}
}

@article{2023Zhou,
  title     = "The nature and nurture of network evolution",
  author    = "Zhou, B. and Holme, P. and Gong, Z. and Zhan, C. and Huang, Y. and Lu, X. and Meng, X.",
  journal   = "Nature Communications", 
  volume    =  14, 
  number    =  1, 
  pages     = "7031", 
  year      =  2023
}

@Article{2024Interian,
AUTHOR = {Interian, R.},
TITLE = {A Political Radicalization Framework Based on {M}oral {F}oundations {T}heory},
JOURNAL = {Mathematics},
VOLUME = {12},
YEAR = {2024},
NUMBER = {13},
ARTICLE-NUMBER = {2121},
ISSN = {2227-7390},
DOI = {10.3390/math12132121}
}

@article{2018DeArruda,
title = {Fundamentals of spreading processes in single and multilayer complex networks},
journal = {Physics Reports},
volume = {756},
pages = {1-59},
year = {2018},
issn = {0370-1573},
doi = {https://doi.org/10.1016/j.physrep.2018.06.007},
url = {https://www.sciencedirect.com/science/article/pii/S0370157318301492},
author = {G. F. {de Arruda} and F. A. Rodrigues and Y. Moreno}
}

@ARTICLE{2023Seguin,
  title    = "Brain network communication: concepts, models and applications",
  author   = "Seguin, C. and Sporns, O. and Zalesky, A.",
  journal  = "Nature Reviews Neuroscience",
  volume   =  24,
  number   =  9,
  pages    = "557--574", 
  year     =  2023
}

@article{2021Scabini,
title = {Social interaction layers in complex networks for the dynamical epidemic modeling of {COVID-19} in {Brazil}},
journal = {Physica A: Statistical Mechanics and its Applications},
volume = {564},
pages = {125498},
year = {2021},
issn = {0378-4371},
doi = {https://doi.org/10.1016/j.physa.2020.125498},
author = {L. F. S. Scabini and L. C. Ribas and M. B. Neiva and A. G. B. Junior and A. J.F. Farfán and O. M. Bruno}
}

@article{2023Boccaletti,
title = {The structure and dynamics of networks with higher order interactions},
journal = {Physics Reports},
volume = {1018},
pages = {1-64},
year = {2023},
doi = {https://doi.org/10.1016/j.physrep.2023.04.002},
author = {S. Boccaletti and P. {De Lellis} and C.I. {del Genio} and K. Alfaro-Bittner and R. Criado and S. Jalan and M. Romance}
}

@article{2010Krioukov,
  title = {Hyperbolic geometry of complex networks},
  author = {Krioukov, D. and Papadopoulos, F. and Kitsak, M. and Vahdat, A. and Bogu\~n\'a, M.},
  journal = {Phys. Rev. E},
  volume = {82},
  issue = {3},
  pages = {036106},
  numpages = {18},
  year = {2010},
  doi = {10.1103/PhysRevE.82.036106}
}

@article{2002Holme,
   title={Growing scale-free networks with tunable clustering},
   volume={65},
   ISSN={1095-3787},
   url={http://dx.doi.org/10.1103/PhysRevE.65.026107},
   DOI={10.1103/physreve.65.026107},
   number={2},
   journal={Physical Review E},
   publisher={American Physical Society (APS)},
   author={Holme, P. and Kim, B. J.},
   year={2002}
}


@misc{Morais2024repo,
  author = "Morais, J. P. C. and Interian, R.",
  title = "{GitHub} repository: Real-world networks algorithm",
  howpublished = "\url{https://github.com/jpcmorais16/real-world-network-algorithm}",
  year = "2024"
}

@article{Bogu2021,
   title={Network geometry},
   volume={3},
   ISSN={2522-5820},
   url={http://dx.doi.org/10.1038/s42254-020-00264-4},
   DOI={10.1038/s42254-020-00264-4},
   number={2},
   journal={Nature Reviews Physics},
   publisher={Springer Science and Business Media LLC},
   author={Boguñá, M. and Bonamassa, I. and de Domenico, M. and Havlin, S. and Krioukov, D. and Serrano, M. A.},
   year={2021},
   pages={114–135}
}

@article{Bogu2020,
  title = {Small worlds and clustering in spatial networks},
  author = {Bogu\~n\'a, M. and Krioukov, D. and Almagro, P. and Serrano, M. A.},
  journal = {Phys. Rev. Res.},
  volume = {2},
  issue = {2},
  pages = {023040},
  numpages = {10},
  year = {2020},
  publisher = {American Physical Society},
  doi = {10.1103/PhysRevResearch.2.023040}
}

