@inproceedings{son2019qtran,
  title={Qtran: Learning to factorize with transformation for cooperative multi-agent reinforcement learning},
  author={Son, Kyunghwan and Kim, Daewoo and Kang, Wan Ju and Hostallero, David Earl and Yi, Yung},
  booktitle={International conference on machine learning},
  pages={5887--5896},
  year={2019},
  organization={PMLR}
}

@article{sunehag2017value,
  title={Value-decomposition networks for cooperative multi-agent learning},
  author={Sunehag, Peter and Lever, Guy and Gruslys, Audrunas and Czarnecki, Wojciech Marian and Zambaldi, Vinicius and Jaderberg, Max and Lanctot, Marc and Sonnerat, Nicolas and Leibo, Joel Z and Tuyls, Karl and others},
  journal={arXiv preprint arXiv:1706.05296},
  year={2017}
}

@inproceedings{rashid2018qmix,
  title={Qmix: Monotonic value function factorisation for deep multi-agent reinforcement learning},
  author={Rashid, Tabish and Samvelyan, Mikayel and Schroeder, Christian and Farquhar, Gregory and Foerster, Jakob and Whiteson, Shimon},
  booktitle={International conference on machine learning},
  pages={4295--4304},
  year={2018},
  organization={PMLR}
}

@article{yang2020qatten,
  title={Qatten: A general framework for cooperative multiagent reinforcement learning},
  author={Yang, Yaodong and Hao, Jianye and Liao, Ben and Shao, Kun and Chen, Guangyong and Liu, Wulong and Tang, Hongyao},
  journal={arXiv preprint arXiv:2002.03939},
  year={2020}
}

@article{vaswani2017attention,
  title={Attention is all you need},
  author={Vaswani, Ashish and Shazeer, Noam and Parmar, Niki and Uszkoreit, Jakob and Jones, Llion and Gomez, Aidan N and Kaiser, {\L}ukasz and Polosukhin, Illia},
  journal={Advances in neural information processing systems},
  volume={30},
  year={2017}
}

@article{wang2020qplex,
  title={Qplex: Duplex dueling multi-agent q-learning},
  author={Wang, Jianhao and Ren, Zhizhou and Liu, Terry and Yu, Yang and Zhang, Chongjie},
  journal={arXiv preprint arXiv:2008.01062},
  year={2020}
}

@article{li2021celebrating,
  title={Celebrating diversity in shared multi-agent reinforcement learning},
  author={Li, Chenghao and Wang, Tonghan and Wu, Chengjie and Zhao, Qianchuan and Yang, Jun and Zhang, Chongjie},
  journal={Advances in Neural Information Processing Systems},
  volume={34},
  pages={3991--4002},
  year={2021}
}

@article{mnih2015human,
  title={Human-level control through deep reinforcement learning},
  author={Mnih, Volodymyr and Kavukcuoglu, Koray and Silver, David and Rusu, Andrei A and Veness, Joel and Bellemare, Marc G and Graves, Alex and Riedmiller, Martin and Fidjeland, Andreas K and Ostrovski, Georg and others},
  journal={nature},
  volume={518},
  number={7540},
  pages={529--533},
  year={2015},
  publisher={Nature Publishing Group}
}

@article{samvelyan2019starcraft,
  title={The starcraft multi-agent challenge},
  author={Samvelyan, Mikayel and Rashid, Tabish and De Witt, Christian Schroeder and Farquhar, Gregory and Nardelli, Nantas and Rudner, Tim GJ and Hung, Chia-Man and Torr, Philip HS and Foerster, Jakob and Whiteson, Shimon},
  journal={arXiv preprint arXiv:1902.04043},
  year={2019}
}

@inproceedings{kurach2020google,
  title={Google research football: A novel reinforcement learning environment},
  author={Kurach, Karol and Raichuk, Anton and Sta{\'n}czyk, Piotr and Zajac, Micha{\l} and Bachem, Olivier and Espeholt, Lasse and Riquelme, Carlos and Vincent, Damien and Michalski, Marcin and Bousquet, Olivier and others},
  booktitle={Proceedings of the AAAI Conference on Artificial Intelligence},
  volume={34},
  number={04},
  pages={4501--4510},
  year={2020}
}

@article{christianos2020shared,
  title={Shared experience actor-critic for multi-agent reinforcement learning},
  author={Christianos, Filippos and Sch{\"a}fer, Lukas and Albrecht, Stefano},
  journal={Advances in neural information processing systems},
  volume={33},
  pages={10707--10717},
  year={2020}
}

@inproceedings{jiang2021emergence,
  title={The emergence of individuality},
  author={Jiang, Jiechuan and Lu, Zongqing},
  booktitle={International Conference on Machine Learning},
  pages={4992--5001},
  year={2021},
  organization={PMLR}
}

@article{mckee2020social,
  title={Social diversity and social preferences in mixed-motive reinforcement learning},
  author={McKee, Kevin R and Gemp, Ian and McWilliams, Brian and Du{\'e}{\~n}ez-Guzm{\'a}n, Edgar A and Hughes, Edward and Leibo, Joel Z},
  journal={arXiv preprint arXiv:2002.02325},
  year={2020}
}

@article{hu2021rethinking,
  title={Rethinking the implementation tricks and monotonicity constraint in cooperative multi-agent reinforcement learning},
  author={Hu, Jian and Jiang, Siyang and Harding, Seth Austin and Wu, Haibin and Liao, Shih-wei},
  journal={arXiv e-prints},
  pages={arXiv--2102},
  year={2021}
}

@article{rashid2020weighted,
  title={Weighted qmix: Expanding monotonic value function factorisation for deep multi-agent reinforcement learning},
  author={Rashid, Tabish and Farquhar, Gregory and Peng, Bei and Whiteson, Shimon},
  journal={Advances in neural information processing systems},
  volume={33},
  pages={10199--10210},
  year={2020}
}

@inproceedings{jeon2022maser,
  title={Maser: Multi-agent reinforcement learning with subgoals generated from experience replay buffer},
  author={Jeon, Jeewon and Kim, Woojun and Jung, Whiyoung and Sung, Youngchul},
  booktitle={International Conference on Machine Learning},
  pages={10041--10052},
  year={2022},
  organization={PMLR}
}

@inproceedings{li2022deconfounded,
  title={Deconfounded Value Decomposition for Multi-Agent Reinforcement Learning},
  author={Li, Jiahui and Kuang, Kun and Wang, Baoxiang and Liu, Furui and Chen, Long and Fan, Changjie and Wu, Fei and Xiao, Jun},
  booktitle={International Conference on Machine Learning},
  pages={12843--12856},
  year={2022},
  organization={PMLR}
}

@article{lyu2022deeper,
  title={A Deeper Understanding of State-Based Critics in Multi-Agent Reinforcement Learning},
  author={Lyu, Xueguang and Baisero, Andrea and Xiao, Yuchen and Amato, Christopher},
  journal={arXiv preprint arXiv:2201.01221},
  year={2022}
}

@article{mahajan2019maven,
  title={Maven: Multi-agent variational exploration},
  author={Mahajan, Anuj and Rashid, Tabish and Samvelyan, Mikayel and Whiteson, Shimon},
  journal={Advances in Neural Information Processing Systems},
  volume={32},
  year={2019}
}

@book{everitt2013finite,
  title={Finite mixture distributions},
  author={Everitt, Brian},
  year={2013},
  publisher={Springer Science \& Business Media}
}

@article{amendola2015moment,
  title={Moment varieties of Gaussian mixtures},
  author={Am{\'e}ndola, Carlos and Faugere, Jean-Charles and Sturmfels, Bernd},
  journal={arXiv preprint arXiv:1510.04654},
  year={2015}
}

@article{zhou2020smarts,
  title={Smarts: Scalable multi-agent reinforcement learning training school for autonomous driving},
  author={Zhou, Ming and Luo, Jun and Villella, Julian and Yang, Yaodong and Rusu, David and Miao, Jiayu and Zhang, Weinan and Alban, Montgomery and Fadakar, Iman and Chen, Zheng and others},
  journal={arXiv preprint arXiv:2010.09776},
  year={2020}
}

@article{shalev2016safe,
  title={Safe, multi-agent, reinforcement learning for autonomous driving},
  author={Shalev-Shwartz, Shai and Shammah, Shaked and Shashua, Amnon},
  journal={arXiv preprint arXiv:1610.03295},
  year={2016}
}

@article{singh2020hierarchical,
  title={Hierarchical multiagent reinforcement learning for maritime traffic management},
  author={Singh, Arambam James and Kumar, Akshat and Lau, Hoong Chuin},
  year={2020},
  publisher={IFAAMAS}
}

@article{zhang2019hierarchical,
  title={Hierarchical reinforcement learning for multi-agent moba game},
  author={Zhang, Zhijian and Li, Haozheng and Zhang, Luo and Zheng, Tianyin and Zhang, Ting and Hao, Xiong and Chen, Xiaoxin and Chen, Min and Xiao, Fangxu and Zhou, Wei},
  journal={arXiv preprint arXiv:1901.08004},
  year={2019}
}

@article{terry2021pettingzoo,
  title={Pettingzoo: Gym for multi-agent reinforcement learning},
  author={Terry, J and Black, Benjamin and Grammel, Nathaniel and Jayakumar, Mario and Hari, Ananth and Sullivan, Ryan and Santos, Luis S and Dieffendahl, Clemens and Horsch, Caroline and Perez-Vicente, Rodrigo and others},
  journal={Advances in Neural Information Processing Systems},
  volume={34},
  pages={15032--15043},
  year={2021}
}

@article{du2019liir,
  title={Liir: Learning individual intrinsic reward in multi-agent reinforcement learning},
  author={Du, Yali and Han, Lei and Fang, Meng and Liu, Ji and Dai, Tianhong and Tao, Dacheng},
  journal={Advances in Neural Information Processing Systems},
  volume={32},
  year={2019}
}

@article{yu2022surprising,
  title={The surprising effectiveness of ppo in cooperative multi-agent games},
  author={Yu, Chao and Velu, Akash and Vinitsky, Eugene and Gao, Jiaxuan and Wang, Yu and Bayen, Alexandre and Wu, Yi},
  journal={Advances in Neural Information Processing Systems},
  volume={35},
  pages={24611--24624},
  year={2022}
}

@inproceedings{christianos2021scaling,
  title={Scaling multi-agent reinforcement learning with selective parameter sharing},
  author={Christianos, Filippos and Papoudakis, Georgios and Rahman, Muhammad A and Albrecht, Stefano V},
  booktitle={International Conference on Machine Learning},
  pages={1989--1998},
  year={2021},
  organization={PMLR}
}

@article{yang2022ldsa,
  title={Ldsa: Learning dynamic subtask assignment in cooperative multi-agent reinforcement learning},
  author={Yang, Mingyu and Zhao, Jian and Hu, Xunhan and Zhou, Wengang and Zhu, Jiangcheng and Li, Houqiang},
  journal={Advances in Neural Information Processing Systems},
  volume={35},
  pages={1698--1710},
  year={2022}
}

@article{yu2023ghq,
  title={GHQ: Grouped Hybrid Q Learning for Heterogeneous Cooperative Multi-agent Reinforcement Learning},
  author={Yu, Xiaoyang and Lin, Youfang and Wang, Xiangsen and Han, Sheng and Lv, Kai},
  journal={arXiv preprint arXiv:2303.01070},
  year={2023}
}

@article{bettini2023heterogeneous,
  title={Heterogeneous Multi-Robot Reinforcement Learning},
  author={Bettini, Matteo and Shankar, Ajay and Prorok, Amanda},
  journal={arXiv preprint arXiv:2301.07137},
  year={2023}
}

@book{oliehoek2016concise,
  title={A concise introduction to decentralized POMDPs},
  author={Oliehoek, Frans A and Amato, Christopher},
  year={2016},
  publisher={Springer}
}

@article{ellis2022smacv2,
  title={SMACv2: An Improved Benchmark for Cooperative Multi-Agent Reinforcement Learning},
  author={Ellis, Benjamin and Moalla, Skander and Samvelyan, Mikayel and Sun, Mingfei and Mahajan, Anuj and Foerster, Jakob N and Whiteson, Shimon},
  journal={arXiv preprint arXiv:2212.07489},
  year={2022}
}

@book{mclachlan1988mixture,
  title={Mixture models: Inference and applications to clustering},
  author={McLachlan, Geoffrey J and Basford, Kaye E},
  volume={38},
  year={1988},
  publisher={M. Dekker New York}
}

@article{mclachlan2019finite,
  title={Finite mixture models},
  author={McLachlan, Geoffrey J and Lee, Sharon X and Rathnayake, Suren I},
  journal={Annual review of statistics and its application},
  volume={6},
  pages={355--378},
  year={2019},
  publisher={Annual Reviews}
}

@article{barron1993universal,
  title={Universal approximation bounds for superpositions of a sigmoidal function},
  author={Barron, Andrew R},
  journal={IEEE Transactions on Information theory},
  volume={39},
  number={3},
  pages={930--945},
  year={1993},
  publisher={IEEE}
}

@article{lowe2017multi,
  title={Multi-agent actor-critic for mixed cooperative-competitive environments},
  author={Lowe, Ryan and Wu, Yi I and Tamar, Aviv and Harb, Jean and Pieter Abbeel, OpenAI and Mordatch, Igor},
  journal={Advances in neural information processing systems},
  volume={30},
  year={2017}
}

@inproceedings{foerster2018counterfactual,
  title={Counterfactual multi-agent policy gradients},
  author={Foerster, Jakob and Farquhar, Gregory and Afouras, Triantafyllos and Nardelli, Nantas and Whiteson, Shimon},
  booktitle={Proceedings of the AAAI conference on artificial intelligence},
  volume={32},
  number={1},
  year={2018}
}

@article{terry2020parameter,
  title={Parameter sharing for heterogeneous agents in multi-agent reinforcement learning},
  author={Terry, Justin K and Grammel, Nathaniel and Son, Sanghyun and Black, Benjamin},
  journal={arXiv preprint arXiv:2005.13625},
  year={2020}
}

@article{wang2020roma,
  title={Roma: Multi-agent reinforcement learning with emergent roles},
  author={Wang, Tonghan and Dong, Heng and Lesser, Victor and Zhang, Chongjie},
  journal={arXiv preprint arXiv:2003.08039},
  year={2020}
}

@article{wang2020rode,
  title={Rode: Learning roles to decompose multi-agent tasks},
  author={Wang, Tonghan and Gupta, Tarun and Mahajan, Anuj and Peng, Bei and Whiteson, Shimon and Zhang, Chongjie},
  journal={arXiv preprint arXiv:2010.01523},
  year={2020}
}

@inproceedings{hu2022policy,
  title={Policy diagnosis via measuring role diversity in cooperative multi-agent rl},
  author={Hu, Siyi and Xie, Chuanlong and Liang, Xiaodan and Chang, Xiaojun},
  booktitle={International Conference on Machine Learning},
  pages={9041--9071},
  year={2022},
  organization={PMLR}
}

@inproceedings{charakorn2022generating,
  title={Generating diverse cooperative agents by learning incompatible policies},
  author={Charakorn, Rujikorn and Manoonpong, Poramate and Dilokthanakul, Nat},
  booktitle={ICML 2022 Workshop AI for Agent-Based Modelling},
  year={2022}
}

@inproceedings{liu2023CIA,
  title     = {Contrastive Identity-Aware Learning for Multi-Agent Value Decomposition},
  author    = {Liu, Shunyu and Zhou, Yihe and Song, Jie and Zheng, Tongya and Chen, Kaixuan and Zhu, Tongtian and Feng, Zunlei and Song, Mingli},
  booktitle = {Proceedings of the AAAI Conference on Artificial Intelligence},
  publisher = {{AAAI} Press},
  volume    = {37},
  number    = {10},
  pages     = {11595-11603},
  year      = {2023},
  month     = {Jun.},
  doi       = {10.1609/aaai.v37i10.26370},
  url       = {https://ojs.aaai.org/index.php/AAAI/article/view/26370}
}

@inproceedings{li2023sea,
  title={Sea: A spatially explicit architecture for multi-agent reinforcement learning},
  author={Li, Dapeng and Xu, Zhiwei and Zhang, Bin and Fan, Guoliang},
  booktitle={2023 International Joint Conference on Neural Networks (IJCNN)},
  pages={1--8},
  year={2023},
  organization={IEEE}
}

@article{zang2024automatic,
  title={Automatic grouping for efficient cooperative multi-agent reinforcement learning},
  author={Zang, Yifan and He, Jinmin and Li, Kai and Fu, Haobo and Fu, Qiang and Xing, Junliang and Cheng, Jian},
  journal={Advances in Neural Information Processing Systems},
  volume={36},
  year={2024}
}

@article{smith2002inquiry,
  title={An Inquiry into the Nature and Causes of the Wealth of Nations},
  author={Smith, Adam},
  journal={Readings in economic sociology},
  pages={6--17},
  year={2002},
  publisher={Wiley Online Library}
}

@misc{holldobler0,
  title={0.(2009): The Super-organism: The Beauty, Elegance, and Strangeness of Insect Societies},
  author={H{\"o}lldobler, B and Wilson, E},
  publisher={New York, WW Norton}
}

@article{dunn2006evolution,
  title={The evolution of colony-level development in the Siphonophora (Cnidaria: Hydrozoa)},
  author={Dunn, Casey W and Wagner, G{\"u}nter P},
  journal={Development genes and evolution},
  volume={216},
  pages={743--754},
  year={2006},
  publisher={Springer}
}

@article{crespi2001evolution,
  title={The evolution of social behavior in microorganisms},
  author={Crespi, Bernard J},
  journal={Trends in ecology \& evolution},
  volume={16},
  number={4},
  pages={178--183},
  year={2001},
  publisher={Elsevier}
}

@article{duan2024group,
  title={Group-Aware Coordination Graph for Multi-Agent Reinforcement Learning},
  author={Duan, Wei and Lu, Jie and Xuan, Junyu},
  journal={arXiv preprint arXiv:2404.10976},
  year={2024}
}

@article{fu2024qtypemix,
  title={QTypeMix: Enhancing Multi-Agent Cooperative Strategies through Heterogeneous and Homogeneous Value Decomposition},
  author={Fu, Songchen and Zhao, Shaojing and Li, Ta and Yan, YongHong},
  journal={arXiv preprint arXiv:2408.07098},
  year={2024}
}

@article{jiang2021multi,
  title={Multi-agent deep reinforcement learning with type-based hierarchical group communication},
  author={Jiang, Hao and Shi, Dianxi and Xue, Chao and Wang, Yajie and Wang, Gongju and Zhang, Yongjun},
  journal={Applied Intelligence},
  volume={51},
  pages={5793--5808},
  year={2021},
  publisher={Springer}
}

@article{phan2021vast,
  title={Vast: Value function factorization with variable agent sub-teams},
  author={Phan, Thomy and Ritz, Fabian and Belzner, Lenz and Altmann, Philipp and Gabor, Thomas and Linnhoff-Popien, Claudia},
  journal={Advances in Neural Information Processing Systems},
  volume={34},
  pages={24018--24032},
  year={2021}
}

@inproceedings{jiang2022diverse,
  title={Diverse effective relationship exploration for cooperative multi-agent reinforcement learning},
  author={Jiang, Hao and Liu, Yuntao and Li, Shengze and Zhang, Jieyuan and Xu, Xinhai and Liu, Donghong},
  booktitle={Proceedings of the 31st ACM International Conference on Information \& Knowledge Management},
  pages={842--851},
  year={2022}
}

@article{jiang2022spd,
  title={Spd: Synergy pattern diversifying oriented unsupervised multi-agent reinforcement learning},
  author={Jiang, Yuhang and Shao, Jianzhun and He, Shuncheng and Zhang, Hongchang and Ji, Xiangyang},
  journal={Advances in Neural Information Processing Systems},
  volume={35},
  pages={20661--20674},
  year={2022}
}

@article{yang2019hierarchical,
  title={Hierarchical cooperative multi-agent reinforcement learning with skill discovery},
  author={Yang, Jiachen and Borovikov, Igor and Zha, Hongyuan},
  journal={arXiv preprint arXiv:1912.03558},
  year={2019}
}

@article{li2024coordinating,
  title={Coordinating multi-agent reinforcement learning via dual collaborative constraints},
  author={Li, Chao and Dong, Shaokang and Yang, Shangdong and Hu, Yujing and Li, Wenbin and Gao, Yang},
  journal={Neural Networks},
  pages={106858},
  year={2024},
  publisher={Elsevier}
}

@article{mordatch2017emergence,
  title={Emergence of Grounded Compositional Language in Multi-Agent Populations},
  author={Mordatch, Igor and Abbeel, Pieter},
  journal={arXiv preprint arXiv:1703.04908},
  year={2017}
}

@article{samvelyan19smac,
  title = {{The} {StarCraft} {Multi}-{Agent} {Challenge}},
  author = {Mikayel Samvelyan and Tabish Rashid and Christian Schroeder de Witt and Gregory Farquhar and Nantas Nardelli and Tim G. J. Rudner and Chia-Man Hung and Philiph H. S. Torr and Jakob Foerster and Shimon Whiteson},
  journal = {CoRR},
  volume = {abs/1902.04043},
  year = {2019},
}

@inproceedings{li2023ace,
  title={Ace: Cooperative multi-agent q-learning with bidirectional action-dependency},
  author={Li, Chuming and Liu, Jie and Zhang, Yinmin and Wei, Yuhong and Niu, Yazhe and Yang, Yaodong and Liu, Yu and Ouyang, Wanli},
  booktitle={Proceedings of the AAAI conference on artificial intelligence},
  volume={37},
  number={7},
  pages={8536--8544},
  year={2023}
}

@article{liu2024interaction,
  title={Interaction pattern disentangling for multi-agent reinforcement learning},
  author={Liu, Shunyu and Song, Jie and Zhou, Yihe and Yu, Na and Chen, Kaixuan and Feng, Zunlei and Song, Mingli},
  journal={IEEE Transactions on Pattern Analysis and Machine Intelligence},
  year={2024},
  publisher={IEEE}
}

@inproceedings{liu2023contrastive,
  title={Contrastive identity-aware learning for multi-agent value decomposition},
  author={Liu, Shunyu and Zhou, Yihe and Song, Jie and Zheng, Tongya and Chen, Kaixuan and Zhu, Tongtian and Feng, Zunlei and Song, Mingli},
  booktitle={Proceedings of the AAAI Conference on Artificial Intelligence},
  volume={37},
  number={10},
  pages={11595--11603},
  year={2023}
}

@article{hu2023attention,
  title={Attention-guided contrastive role representations for multi-agent reinforcement learning},
  author={Hu, Zican and Zhang, Zongzhang and Li, Huaxiong and Chen, Chunlin and Ding, Hongyu and Wang, Zhi},
  journal={arXiv preprint arXiv:2312.04819},
  year={2023}
}

@article{shao2022self,
  title={Self-organized group for cooperative multi-agent reinforcement learning},
  author={Shao, Jianzhun and Lou, Zhiqiang and Zhang, Hongchang and Jiang, Yuhang and He, Shuncheng and Ji, Xiangyang},
  journal={Advances in Neural Information Processing Systems},
  volume={35},
  pages={5711--5723},
  year={2022}
}

@article{fu2024iteratively,
  title={Iteratively learn diverse strategies with state distance information},
  author={Fu, Wei and Du, Weihua and Li, Jingwei and Chen, Sunli and Zhang, Jingzhao and Wu, Yi},
  journal={Advances in Neural Information Processing Systems},
  volume={36},
  year={2024}
}

@inproceedings{xu2023group,
  title={Group distributionally robust reinforcement learning with hierarchical latent variables},
  author={Xu, Mengdi and Huang, Peide and Niu, Yaru and Kumar, Visak and Qiu, Jielin and Fang, Chao and Lee, Kuan-Hui and Qi, Xuewei and Lam, Henry and Li, Bo and others},
  booktitle={International Conference on Artificial Intelligence and Statistics},
  pages={2677--2703},
  year={2023},
  organization={PMLR}
}

@article{fu2022revisiting,
  title={Revisiting some common practices in cooperative multi-agent reinforcement learning},
  author={Fu, Wei and Yu, Chao and Xu, Zelai and Yang, Jiaqi and Wu, Yi},
  journal={arXiv preprint arXiv:2206.07505},
  year={2022}
}