@inproceedings{christianos2021scaling,
  title={Scaling multi-agent reinforcement learning with selective parameter sharing},
  author={Christianos, Filippos and Papoudakis, Georgios and Rahman, Muhammad A and Albrecht, Stefano V},
  booktitle={International Conference on Machine Learning},
  pages={1989--1998},
  year={2021},
  organization={PMLR}
}

@article{duan2024group,
  title={Group-Aware Coordination Graph for Multi-Agent Reinforcement Learning},
  author={Duan, Wei and Lu, Jie and Xuan, Junyu},
  journal={arXiv preprint arXiv:2404.10976},
  year={2024}
}

@article{ellis2022smacv2,
  title={SMACv2: An Improved Benchmark for Cooperative Multi-Agent Reinforcement Learning},
  author={Ellis, Benjamin and Moalla, Skander and Samvelyan, Mikayel and Sun, Mingfei and Mahajan, Anuj and Foerster, Jakob N and Whiteson, Shimon},
  journal={arXiv preprint arXiv:2212.07489},
  year={2022}
}

@article{fu2024iteratively,
  title={Iteratively learn diverse strategies with state distance information},
  author={Fu, Wei and Du, Weihua and Li, Jingwei and Chen, Sunli and Zhang, Jingzhao and Wu, Yi},
  journal={Advances in Neural Information Processing Systems},
  volume={36},
  year={2024}
}

@article{fu2024qtypemix,
  title={QTypeMix: Enhancing Multi-Agent Cooperative Strategies through Heterogeneous and Homogeneous Value Decomposition},
  author={Fu, Songchen and Zhao, Shaojing and Li, Ta and Yan, YongHong},
  journal={arXiv preprint arXiv:2408.07098},
  year={2024}
}

@article{hu2023attention,
  title={Attention-guided contrastive role representations for multi-agent reinforcement learning},
  author={Hu, Zican and Zhang, Zongzhang and Li, Huaxiong and Chen, Chunlin and Ding, Hongyu and Wang, Zhi},
  journal={arXiv preprint arXiv:2312.04819},
  year={2023}
}

@inproceedings{jiang2021emergence,
  title={The emergence of individuality},
  author={Jiang, Jiechuan and Lu, Zongqing},
  booktitle={International Conference on Machine Learning},
  pages={4992--5001},
  year={2021},
  organization={PMLR}
}

@article{jiang2021multi,
  title={Multi-agent deep reinforcement learning with type-based hierarchical group communication},
  author={Jiang, Hao and Shi, Dianxi and Xue, Chao and Wang, Yajie and Wang, Gongju and Zhang, Yongjun},
  journal={Applied Intelligence},
  volume={51},
  pages={5793--5808},
  year={2021},
  publisher={Springer}
}

@inproceedings{jiang2022diverse,
  title={Diverse effective relationship exploration for cooperative multi-agent reinforcement learning},
  author={Jiang, Hao and Liu, Yuntao and Li, Shengze and Zhang, Jieyuan and Xu, Xinhai and Liu, Donghong},
  booktitle={Proceedings of the 31st ACM International Conference on Information \& Knowledge Management},
  pages={842--851},
  year={2022}
}

@article{jiang2022spd,
  title={Spd: Synergy pattern diversifying oriented unsupervised multi-agent reinforcement learning},
  author={Jiang, Yuhang and Shao, Jianzhun and He, Shuncheng and Zhang, Hongchang and Ji, Xiangyang},
  journal={Advances in Neural Information Processing Systems},
  volume={35},
  pages={20661--20674},
  year={2022}
}

@inproceedings{kurach2020google,
  title={Google research football: A novel reinforcement learning environment},
  author={Kurach, Karol and Raichuk, Anton and Sta{\'n}czyk, Piotr and Zajac, Micha{\l} and Bachem, Olivier and Espeholt, Lasse and Riquelme, Carlos and Vincent, Damien and Michalski, Marcin and Bousquet, Olivier and others},
  booktitle={Proceedings of the AAAI Conference on Artificial Intelligence},
  volume={34},
  number={04},
  pages={4501--4510},
  year={2020}
}

@article{li2021celebrating,
  title={Celebrating diversity in shared multi-agent reinforcement learning},
  author={Li, Chenghao and Wang, Tonghan and Wu, Chengjie and Zhao, Qianchuan and Yang, Jun and Zhang, Chongjie},
  journal={Advances in Neural Information Processing Systems},
  volume={34},
  pages={3991--4002},
  year={2021}
}

@inproceedings{li2023ace,
  title={Ace: Cooperative multi-agent q-learning with bidirectional action-dependency},
  author={Li, Chuming and Liu, Jie and Zhang, Yinmin and Wei, Yuhong and Niu, Yazhe and Yang, Yaodong and Liu, Yu and Ouyang, Wanli},
  booktitle={Proceedings of the AAAI conference on artificial intelligence},
  volume={37},
  number={7},
  pages={8536--8544},
  year={2023}
}

@article{li2024coordinating,
  title={Coordinating multi-agent reinforcement learning via dual collaborative constraints},
  author={Li, Chao and Dong, Shaokang and Yang, Shangdong and Hu, Yujing and Li, Wenbin and Gao, Yang},
  journal={Neural Networks},
  pages={106858},
  year={2024},
  publisher={Elsevier}
}

@inproceedings{liu2023contrastive,
  title={Contrastive identity-aware learning for multi-agent value decomposition},
  author={Liu, Shunyu and Zhou, Yihe and Song, Jie and Zheng, Tongya and Chen, Kaixuan and Zhu, Tongtian and Feng, Zunlei and Song, Mingli},
  booktitle={Proceedings of the AAAI Conference on Artificial Intelligence},
  volume={37},
  number={10},
  pages={11595--11603},
  year={2023}
}

@article{liu2024interaction,
  title={Interaction pattern disentangling for multi-agent reinforcement learning},
  author={Liu, Shunyu and Song, Jie and Zhou, Yihe and Yu, Na and Chen, Kaixuan and Feng, Zunlei and Song, Mingli},
  journal={IEEE Transactions on Pattern Analysis and Machine Intelligence},
  year={2024},
  publisher={IEEE}
}

@article{mahajan2019maven,
  title={Maven: Multi-agent variational exploration},
  author={Mahajan, Anuj and Rashid, Tabish and Samvelyan, Mikayel and Whiteson, Shimon},
  journal={Advances in Neural Information Processing Systems},
  volume={32},
  year={2019}
}

@article{phan2021vast,
  title={Vast: Value function factorization with variable agent sub-teams},
  author={Phan, Thomy and Ritz, Fabian and Belzner, Lenz and Altmann, Philipp and Gabor, Thomas and Linnhoff-Popien, Claudia},
  journal={Advances in Neural Information Processing Systems},
  volume={34},
  pages={24018--24032},
  year={2021}
}

@article{samvelyan19smac,
  title = {{The} {StarCraft} {Multi}-{Agent} {Challenge}},
  author = {Mikayel Samvelyan and Tabish Rashid and Christian Schroeder de Witt and Gregory Farquhar and Nantas Nardelli and Tim G. J. Rudner and Chia-Man Hung and Philiph H. S. Torr and Jakob Foerster and Shimon Whiteson},
  journal = {CoRR},
  volume = {abs/1902.04043},
  year = {2019},
}

@article{shao2022self,
  title={Self-organized group for cooperative multi-agent reinforcement learning},
  author={Shao, Jianzhun and Lou, Zhiqiang and Zhang, Hongchang and Jiang, Yuhang and He, Shuncheng and Ji, Xiangyang},
  journal={Advances in Neural Information Processing Systems},
  volume={35},
  pages={5711--5723},
  year={2022}
}

@article{wang2020rode,
  title={Rode: Learning roles to decompose multi-agent tasks},
  author={Wang, Tonghan and Gupta, Tarun and Mahajan, Anuj and Peng, Bei and Whiteson, Shimon and Zhang, Chongjie},
  journal={arXiv preprint arXiv:2010.01523},
  year={2020}
}

@article{wang2020roma,
  title={Roma: Multi-agent reinforcement learning with emergent roles},
  author={Wang, Tonghan and Dong, Heng and Lesser, Victor and Zhang, Chongjie},
  journal={arXiv preprint arXiv:2003.08039},
  year={2020}
}

@inproceedings{xu2023group,
  title={Group distributionally robust reinforcement learning with hierarchical latent variables},
  author={Xu, Mengdi and Huang, Peide and Niu, Yaru and Kumar, Visak and Qiu, Jielin and Fang, Chao and Lee, Kuan-Hui and Qi, Xuewei and Lam, Henry and Li, Bo and others},
  booktitle={International Conference on Artificial Intelligence and Statistics},
  pages={2677--2703},
  year={2023},
  organization={PMLR}
}

@article{yang2019hierarchical,
  title={Hierarchical cooperative multi-agent reinforcement learning with skill discovery},
  author={Yang, Jiachen and Borovikov, Igor and Zha, Hongyuan},
  journal={arXiv preprint arXiv:1912.03558},
  year={2019}
}

@article{yang2022ldsa,
  title={Ldsa: Learning dynamic subtask assignment in cooperative multi-agent reinforcement learning},
  author={Yang, Mingyu and Zhao, Jian and Hu, Xunhan and Zhou, Wengang and Zhu, Jiangcheng and Li, Houqiang},
  journal={Advances in Neural Information Processing Systems},
  volume={35},
  pages={1698--1710},
  year={2022}
}

@article{yu2023ghq,
  title={GHQ: Grouped Hybrid Q Learning for Heterogeneous Cooperative Multi-agent Reinforcement Learning},
  author={Yu, Xiaoyang and Lin, Youfang and Wang, Xiangsen and Han, Sheng and Lv, Kai},
  journal={arXiv preprint arXiv:2303.01070},
  year={2023}
}

@article{zang2024automatic,
  title={Automatic grouping for efficient cooperative multi-agent reinforcement learning},
  author={Zang, Yifan and He, Jinmin and Li, Kai and Fu, Haobo and Fu, Qiang and Xing, Junliang and Cheng, Jian},
  journal={Advances in Neural Information Processing Systems},
  volume={36},
  year={2024}
}

