@article{GPT4V_29acc,
  title={Multimodal chatgpt for medical applications: an experimental study of gpt-4v},
  author={Yan, Zhiling and Zhang, Kai and Zhou, Rong and He, Lifang and Li, Xiang and Sun, Lichao},
  journal={arXiv preprint arXiv:2310.19061},
  year={2023}
}

@article{GPT4V_61acc,
  title={Accuracy of a vision-language model on challenging medical cases},
  author={Buckley, Thomas and Diao, James A and Rodman, Adam and Manrai, Arjun K},
  journal={arXiv preprint arXiv:2311.05591},
  year={2023}
}

@article{GPT4V_with_hint,
  title={Performance of multimodal gpt-4v on usmle with image: Potential for imaging diagnostic support with explanations},
  author={Yang, Zhichao and Yao, Zonghai and Tasmin, Mahbuba and Vashisht, Parth and Jang, Won Seok and Ouyang, Feiyun and Wang, Beining and Berlowitz, Dan and Yu, Hong},
  journal={medRxiv},
  pages={2023--10},
  year={2023},
  publisher={Cold Spring Harbor Laboratory Press}
}

@article{GPT4_91acc,
  title={Can generalist foundation models outcompete special-purpose tuning? case study in medicine},
  author={Nori, Harsha and Lee, Yin Tat and Zhang, Sheng and Carignan, Dean and Edgar, Richard and Fusi, Nicolo and King, Nicholas and Larson, Jonathan and Li, Yuanzhi and Liu, Weishung and others},
  journal={arXiv preprint arXiv:2311.16452},
  year={2023}
}

@article{al2022diabetic,
  title={Diabetic foot ulcer classification using mapped binary patterns and convolutional neural networks},
  author={Al-Garaawi, Nora and Ebsim, Raja and Alharan, Abbas FH and Yap, Moi Hoon},
  journal={Computers in biology and medicine},
  volume={140},
  pages={105055},
  year={2022},
  publisher={Elsevier}
}

@article{efficientformer,
  title={Efficientformer: Vision transformers at mobilenet speed},
  author={Li, Yanyu and Yuan, Geng and Wen, Yang and Hu, Ju and Evangelidis, Georgios and Tulyakov, Sergey and Wang, Yanzhi and Ren, Jian},
  journal={Proc. NeurIPS},
  volume={35},
  pages={12934--12949},
  year={2022}
}

@incollection{galdran2021convolutional,
  title={Convolutional nets versus vision transformers for diabetic foot ulcer classification},
  author={Galdran, Adrian and Carneiro, Gustavo and Ballester, Miguel A Gonz{\'a}lez},
  booktitle={Diabetic Foot Ulcers Grand Challenge},
  pages={21--29},
  year={2021},
  publisher={Springer}
}

@article{jin2024hidden,
  title={Hidden flaws behind expert-level accuracy of gpt-4 vision in medicine},
  author={Jin, Qiao and Chen, Fangyuan and Zhou, Yiliang and Xu, Ziyang and Cheung, Justin M and Chen, Robert and Summers, Ronald M and Rousseau, Justin F and Ni, Peiyun and Landsman, Marc J and others},
  journal={arXiv preprint arXiv:2401.08396},
  year={2024}
}

@article{medPALM,
  title={Large language models encode clinical knowledge},
  author={Singhal, Karan and Azizi, Shekoofeh and Tu, Tao and Mahdavi, S Sara and Wei, Jason and Chung, Hyung Won and Scales, Nathan and Tanwani, Ajay and Cole-Lewis, Heather and Pfohl, Stephen and others},
  journal={Nature},
  volume={620},
  number={7972},
  pages={172--180},
  year={2023},
  publisher={Nature Publishing Group UK London}
}

@article{medPALM2,
  title={Toward expert-level medical question answering with large language models},
  author={Singhal, Karan and Tu, Tao and Gottweis, Juraj and Sayres, Rory and Wulczyn, Ellery and Amin, Mohamed and Hou, Le and Clark, Kevin and Pfohl, Stephen R and Cole-Lewis, Heather and others},
  journal={Nature Medicine},
  pages={1--8},
  year={2025},
  publisher={Nature Publishing Group US New York}
}

@article{partb_DFU,
  title={Recognition of ischaemia and infection in diabetic foot ulcers: Dataset and techniques},
  author={Goyal, Manu and Reeves, Neil D and Rajbhandari, Satyan and Ahmad, Naseer and Wang, Chuan and Yap, Moi Hoon},
  journal={Computers in biology and medicine},
  volume={117},
  pages={103616},
  year={2020},
  publisher={Elsevier}
}

@incollection{qayyum2021vit,
  title={Efficient multi-model vision transformer based on feature fusion for classification of dfuc2021 challenge},
  author={Qayyum, Abdul and Benzinou, Abdesslam and Mazher, Moona and Meriaudeau, Fabrice},
  booktitle={Diabetic foot ulcers grand challenge},
  pages={62--75},
  year={2021},
  publisher={Springer}
}

@inproceedings{swinv2,
  title={Swin transformer v2: Scaling up capacity and resolution},
  author={Liu, Ze and Hu, Han and Lin, Yutong and Yao, Zhuliang and Xie, Zhenda and Wei, Yixuan and Ning, Jia and Cao, Yue and Zhang, Zheng and Dong, Li and others},
  booktitle={Proc. IEEE/CVF CVPR},
  pages={12009--12019},
  year={2022}
}

@online{usmle_score,
  author       = {Kaplan},
  title        = {USMLE Passing Scores},
  url          = {https://www.kaptest.com/study/usmle/passing-scores/},
  note         = {Accessed Apr 29, 2024}
}

@inproceedings{wang2015unified,
  title={A unified framework for automatic wound segmentation and analysis with deep convolutional neural networks},
  author={Wang, Changhan and Yan, Xinchen and Smith, Max and Kochhar, Kanika and Rubin, Marcie and Warren, Stephen M and Wrobel, James and Lee, Honglak},
  booktitle={Proc Int'l Conf. Engr. Medicine and Biology (EMBC)},
  pages={2415--2418},
  year={2015},
  organization={IEEE}
}

@inproceedings{yap2021analysis,
  title={Analysis towards classification of infection and ischaemia of diabetic foot ulcers},
  author={Yap, Moi Hoon and Cassidy, Bill and Pappachan, Joseph M and Oâ€™Shea, Claire and Gillespie, David and Reeves, Neil D},
  booktitle={2021 IEEE EMBS International Conference on Biomedical and Health Informatics (BHI)},
  pages={1--4},
  year={2021},
  organization={IEEE}
}

