
% Journals

% First the Full Name is given, then the abbreviation used in the AMS Math
% Reviews, with an indication if it could not be found there.
% Note the 2nd overwrites the 1st, so swap them if you want the full name.

 %{AMS}
 @String{AMSTrans = "American Mathematical Society Translations" }
 @String{AMSTrans = "Amer. Math. Soc. Transl." }
 @String{BullAMS = "Bulletin of the American Mathematical Society" }
 @String{BullAMS = "Bull. Amer. Math. Soc." }
 @String{ProcAMS = "Proceedings of the American Mathematical Society" }
 @String{ProcAMS = "Proc. Amer. Math. Soc." }
 @String{TransAMS = "Transactions of the American Mathematical Society" }
 @String{TransAMS = "Trans. Amer. Math. Soc." }

 %ACM
 @String{CACM = "Communications of the {ACM}" }
 @String{CACM = "Commun. {ACM}" }
 @String{CompServ = "Comput. Surveys" }
 @String{JACM = "J. ACM" }
 @String{ACMMathSoft = "{ACM} Transactions on Mathematical Software" }
 @String{ACMMathSoft = "{ACM} Trans. Math. Software" }
 @String{SIGNUM = "{ACM} {SIGNUM} Newsletter" }
 @String{SIGNUM = "{ACM} {SIGNUM} Newslett." }

 @String{AmerSocio = "American Journal of Sociology" }
 @String{AmerStatAssoc = "Journal of the American Statistical Association" }
 @String{AmerStatAssoc = "J. Amer. Statist. Assoc." }
 @String{ApplMathComp = "Applied Mathematics and Computation" }
 @String{ApplMathComp = "Appl. Math. Comput." }
 @String{AmerMathMonthly = "American Mathematical Monthly" }
 @String{AmerMathMonthly = "Amer. Math. Monthly" }
 @String{BIT = "{BIT}" }
 @String{BritStatPsych = "British Journal of Mathematical and Statistical
          Psychology" }
 @String{BritStatPsych = "Brit. J. Math. Statist. Psych." }
 @String{CanMathBull = "Canadian Mathematical Bulletin" }
 @String{CanMathBull = "Canad. Math. Bull." }
 @String{CompApplMath = "Journal of Computational and Applied Mathematics" }
 @String{CompApplMath = "J. Comput. Appl. Math." }
 @String{CompPhys = "Journal of Computational Physics" }
 @String{CompPhys = "J. Comput. Phys." }
 @String{CompStruct = "Computers and Structures" }
 @String{CompStruct = "Comput. \& Structures" }
 @String{CompJour = "The Computer Journal" }
 @String{CompJour = "Comput. J." }
 @String{CompSysSci = "Journal of Computer and System Sciences" }
 @String{CompSysSci = "J. Comput. System Sci." }
 @String{Computing = "Computing" }
 @String{ContempMath = "Contemporary Mathematics" }
 @String{ContempMath = "Contemp. Math." }
 @String{Crelle = "Crelle's Journal" }
 @String{GiornaleMath = "Giornale di Mathematiche" }
 @String{GiornaleMath = "Giorn. Mat." } % didn't find in AMS MR., ibid.

 %IEEE
 @String{Computer = "{IEEE} Computer" }
 @String{IEEETransComp = "{IEEE} Transactions on Computers" }
 @String{IEEETransComp = "{IEEE} Trans. Comput." }
 @String{IEEETransAC = "{IEEE} Transactions on Automatic Control" }
 @String{IEEETransAC = "{IEEE} Trans. Automat. Control" }
 @String{IEEESpec = "{IEEE} Spectrum" } % didn't find in AMS MR
 @String{ProcIEEE = "Proceedings of the {IEEE}" }
 @String{ProcIEEE = "Proc. {IEEE}" } % didn't find in AMS MR
 @String{IEEETransAeroElec = "{IEEE} Transactions on Aerospace and Electronic
     Systems" }
 @String{IEEETransAeroElec = "{IEEE} Trans. Aerospace Electron. Systems" }

 @String{IMANumerAna = "{IMA} Journal of Numerical Analysis" }
 @String{IMANumerAna = "{IMA} J. Numer. Anal." }
 @String{InfProcLet = "Information Processing Letters" }
 @String{InfProcLet = "Inform. Process. Lett." }
 @String{InstMathApp = "Journal of the Institute of Mathematics and
     its Applications" }
 @String{InstMathApp = "J. Inst. Math. Appl." }
 @String{IntControl = "International Journal of Control" }
 @String{IntControl = "Internat. J. Control" }
 @String{IntNumerEng = "International Journal for Numerical Methods in
     Engineering" }
 @String{IntNumerEng = "Internat. J. Numer. Methods Engrg." }
 @String{IntSuper = "International Journal of Supercomputing Applications" }
 @String{IntSuper = "Internat. J. Supercomputing Applic." } % didn't find
%% in AMS MR
 @String{Kibernetika = "Kibernetika" }
 @String{JResNatBurStand = "Journal of Research of the National Bureau
     of Standards" }
 @String{JResNatBurStand = "J. Res. Nat. Bur. Standards" }
 @String{LinAlgApp = "Linear Algebra and its Applications" }
 @String{LinAlgApp = "Linear Algebra Appl." }
 @String{MathAnaAppl = "Journal of Mathematical Analysis and Applications" }
 @String{MathAnaAppl = "J. Math. Anal. Appl." }
 @String{MathAnnalen = "Mathematische Annalen" }
 @String{MathAnnalen = "Math. Ann." }
 @String{MathPhys = "Journal of Mathematical Physics" }
 @String{MathPhys = "J. Math. Phys." }
 @String{MathComp = "Mathematics of Computation" }
 @String{MathComp = "Math. Comp." }
 @String{MathScand = "Mathematica Scandinavica" }
 @String{MathScand = "Math. Scand." }
 @String{TablesAidsComp = "Mathematical Tables and Other Aids to Computation" }
 @String{TablesAidsComp = "Math. Tables Aids Comput." }
 @String{NumerMath = "Numerische Mathematik" }
 @String{NumerMath = "Numer. Math." }
 @String{PacificMath = "Pacific Journal of Mathematics" }
 @String{PacificMath = "Pacific J. Math." }
 @String{ParDistComp = "Journal of Parallel and Distributed Computing" }
 @String{ParDistComp = "J. Parallel and Distrib. Comput." } % didn't find
%% in AMS MR
 @String{ParComputing = "Parallel Computing" }
 @String{ParComputing = "Parallel Comput." }
 @String{PhilMag = "Philosophical Magazine" }
 @String{PhilMag = "Philos. Mag." }
 @String{ProcNAS = "Proceedings of the National Academy of Sciences
                    of the USA" }
 @String{ProcNAS = "Proc. Nat. Acad. Sci. U. S. A." }
 @String{Psychometrika = "Psychometrika" }
 @String{QuartMath = "Quarterly Journal of Mathematics, Oxford, Series (2)" }
 @String{QuartMath = "Quart. J. Math. Oxford Ser. (2)" }
 @String{QuartApplMath = "Quarterly of Applied Mathematics" }
 @String{QuartApplMath = "Quart. Appl. Math." }
 @String{RevueInstStat = "Review of the International Statisical Institute" }
 @String{RevueInstStat = "Rev. Inst. Internat. Statist." }

 %SIAM
 @String{JSIAM = "Journal of the Society for Industrial and Applied
     Mathematics" }
 @String{JSIAM = "J. Soc. Indust. Appl. Math." }
 @String{JSIAMB = "Journal of the Society for Industrial and Applied
     Mathematics, Series B, Numerical Analysis" }
 @String{JSIAMB = "J. Soc. Indust. Appl. Math. Ser. B Numer. Anal." }
 @String{SIAMAlgMeth = "{SIAM} Journal on Algebraic and Discrete Methods" }
 @String{SIAMAlgMeth = "{SIAM} J. Algebraic Discrete Methods" }
 @String{SIAMAppMath = "{SIAM} Journal on Applied Mathematics" }
 @String{SIAMAppMath = "{SIAM} J. Appl. Math." }
 @String{SIAMComp = "{SIAM} Journal on Computing" }
 @String{SIAMComp = "{SIAM} J. Comput." }
 @String{SIAMMatrix = "{SIAM} Journal on Matrix Analysis and Applications" }
 @String{SIAMMatrix = "{SIAM} J. Matrix Anal. Appl." }
 @String{SIAMNumAnal = "{SIAM} Journal on Numerical Analysis" }
 @String{SIAMNumAnal = "{SIAM} J. Numer. Anal." }
 @String{SIAMReview = "{SIAM} Review" }
 @String{SIAMReview = "{SIAM} Rev." }
 @String{SIAMSciStat = "{SIAM} Journal on Scientific and Statistical
     Computing" }
 @String{SIAMSciStat = "{SIAM} J. Sci. Statist. Comput." }

 @String{SoftPracExp = "Software Practice and Experience" }
 @String{SoftPracExp = "Software Prac. Experience" } % didn't find in AMS MR
 @String{StatScience = "Statistical Science" }
 @String{StatScience = "Statist. Sci." }
 @String{Techno = "Technometrics" }
 @String{USSRCompMathPhys = "{USSR} Computational Mathematics and Mathematical
     Physics" }
 @String{USSRCompMathPhys = "{U. S. S. R.} Comput. Math. and Math. Phys." }
 @String{VLSICompSys = "Journal of {VLSI} and Computer Systems" }
 @String{VLSICompSys = "J. {VLSI} Comput. Syst." }
 @String{ZAngewMathMech = "Zeitschrift fur Angewandte Mathematik und
     Mechanik" }
 @String{ZAngewMathMech = "Z. Angew. Math. Mech." }
 @String{ZAngewMathPhys = "Zeitschrift fur Angewandte Mathematik und Physik" }
 @String{ZAngewMathPhys = "Z. Angew. Math. Phys." }

% Publishers % ================================================= |

 @String{Academic = "Academic Press" }
 @String{ACMPress = "{ACM} Press" }
 @String{AdamHilger = "Adam Hilger" }
 @String{AddisonWesley = "Addison-Wesley" }
 @String{AllynBacon = "Allyn and Bacon" }
 @String{AMS = "American Mathematical Society" }
 @String{Birkhauser = "Birkh{\"a}user" }
 @String{CambridgePress = "Cambridge University Press" }
 @String{Chelsea = "Chelsea" }
 @String{ClaredonPress = "Claredon Press" }
 @String{DoverPub = "Dover Publications" }
 @String{Eyolles = "Eyolles" }
 @String{HoltRinehartWinston = "Holt, Rinehart and Winston" }
 @String{Interscience = "Interscience" }
 @String{JohnsHopkinsPress = "The Johns Hopkins University Press" }
 @String{JohnWileySons = "John Wiley and Sons" }
 @String{Macmillan = "Macmillan" }
 @String{MathWorks = "The Math Works Inc." }
 @String{McGrawHill = "McGraw-Hill" }
 @String{NatBurStd = "National Bureau of Standards" }
 @String{NorthHolland = "North-Holland" }
 @String{OxfordPress = "Oxford University Press" }  %address Oxford or London?
 @String{PergamonPress = "Pergamon Press" }
 @String{PlenumPress = "Plenum Press" }
 @String{PrenticeHall = "Prentice-Hall" }
 @String{SIAMPub = "{SIAM} Publications" }
 @String{Springer = "Springer-Verlag" }
 @String{TexasPress = "University of Texas Press" }
 @String{VanNostrand = "Van Nostrand" }
 @String{WHFreeman = "W. H. Freeman and Co." }

%Entries

@ARTICLE{ConDiff,
  author={Busaranuvong, Palawat and Agu, Emmanuel and Kumar, Deepak and Gautam, Shefalika and Fard, Reza Saadati and Tulu, Bengisu and Strong, Diane},
  journal={IEEE Open Journal of Engineering in Medicine and Biology}, 
  title={Guided Conditional Diffusion Classifier (ConDiff) for Enhanced Prediction of Infection in Diabetic Foot Ulcers}, 
  year={2025},
  volume={6},
  number={},
  pages={20-27},
  doi={10.1109/OJEMB.2024.3453060}}


@inproceedings{selvaraju2017grad,
  title={Grad-cam: Visual explanations from deep networks via gradient-based localization},
  author={Selvaraju, Ramprasaath R and Cogswell, Michael and Das, Abhishek and Vedantam, Ramakrishna and Parikh, Devi and Batra, Dhruv},
  booktitle={Proceedings of the IEEE international conference on computer vision},
  pages={618--626},
  year={2017}
}

@article{rondas2015prevalence,
  title={Prevalence of chronic wounds and structural quality indicators of chronic wound care in Dutch nursing homes},
  author={Rondas, Armand ALM and Schols, Jos MGA and Stobberingh, Ellen E and Halfens, Ruud JG},
  journal={International wound journal},
  volume={12},
  number={6},
  pages={630--635},
  year={2015},
  publisher={Wiley Online Library}
}

@article{franks2016management,
  title={Management of patients with venous leg ulcers: challenges and current best practice},
  author={Franks, Peter J and Barker, Judith and Collier, Mark and Gethin, Georgina and Haesler, Emily and Jawien, Arkadiusz and Laeuchli, Severin and Mosti, Giovanni and Probst, Sebastian and Weller, Carolina},
  journal={Journal of wound care},
  volume={25},
  number={Sup6},
  pages={S1--S67},
  year={2016},
  publisher={MA Healthcare London}
}

@article{yin2023survey,
  title={A survey on multimodal large language models},
  author={Yin, Shukang and Fu, Chaoyou and Zhao, Sirui and Li, Ke and Sun, Xing and Xu, Tong and Chen, Enhong},
  journal={arXiv preprint arXiv:2306.13549},
  year={2023}
}

@article{nguyen2020machine,
  title={Machine learning models for synthesizing actionable care decisions on lower extremity wounds},
  author={Nguyen, Holly and Agu, Emmanuel and Tulu, Bengisu and Strong, Diane and Mombini, Haadi and Pedersen, Peder and Lindsay, Clifford and Dunn, Raymond and Loretz, Lorraine},
  journal={Smart Health},
  volume={18},
  pages={100139},
  year={2020},
  publisher={Elsevier}
}

@incollection{qayyum2021vit,
  title={Efficient multi-model vision transformer based on feature fusion for classification of dfuc2021 challenge},
  author={Qayyum, Abdul and Benzinou, Abdesslam and Mazher, Moona and Meriaudeau, Fabrice},
  booktitle={Diabetic foot ulcers grand challenge},
  pages={62--75},
  year={2021},
  publisher={Springer}
}

@article{resknet,
  title={Recognition of ischaemia and infection in diabetic foot ulcer: a deep convolutional neural network based approach},
  author={Das, Sujit Kumar and Roy, Pinki and Mishra, Arnab Kumar},
  journal={International Journal of Imaging Systems and Technology},
  volume={32},
  number={1},
  pages={192--208},
  year={2022},
  publisher={Wiley Online Library}
}

@article{GPT4V_61acc,
  title={Accuracy of a vision-language model on challenging medical cases},
  author={Buckley, Thomas and Diao, James A and Rodman, Adam and Manrai, Arjun K},
  journal={arXiv preprint arXiv:2311.05591},
  year={2023}
}

@article{GPT4V_with_hint,
  title={Performance of multimodal gpt-4v on usmle with image: Potential for imaging diagnostic support with explanations},
  author={Yang, Zhichao and Yao, Zonghai and Tasmin, Mahbuba and Vashisht, Parth and Jang, Won Seok and Ouyang, Feiyun and Wang, Beining and Berlowitz, Dan and Yu, Hong},
  journal={medRxiv},
  pages={2023--10},
  year={2023},
  publisher={Cold Spring Harbor Laboratory Press}
}

@article{GPT4V_29acc,
  title={Multimodal chatgpt for medical applications: an experimental study of gpt-4v},
  author={Yan, Zhiling and Zhang, Kai and Zhou, Rong and He, Lifang and Li, Xiang and Sun, Lichao},
  journal={arXiv preprint arXiv:2310.19061},
  year={2023}
}

@article{GPT4_91acc,
  title={Can generalist foundation models outcompete special-purpose tuning? case study in medicine},
  author={Nori, Harsha and Lee, Yin Tat and Zhang, Sheng and Carignan, Dean and Edgar, Richard and Fusi, Nicolo and King, Nicholas and Larson, Jonathan and Li, Yuanzhi and Liu, Weishung and others},
  journal={arXiv preprint arXiv:2311.16452},
  year={2023}
}

@article{olsson2019humanistic,
  title={The humanistic and economic burden of chronic wounds: A systematic review},
  author={Olsson, Maja and J{\"a}rbrink, Krister and Divakar, Ushashree and Bajpai, Ram and Upton, Zee and Schmidtchen, Artur and Car, Josip},
  journal={Wound repair and regeneration},
  volume={27},
  number={1},
  pages={114--125},
  year={2019},
  publisher={Wiley Online Library}
}

@article{lipsky2016antimicrobial,
  title={Antimicrobial stewardship in wound care: a position paper from the British Society for Antimicrobial Chemotherapy and European Wound Mgmt Assoc.},
  author={Lipsky, Benjamin A and Dryden, Matthew and Gottrup, Finn and Nathwani, Dilip and Seaton, Ronald Andrew and Stryja, Jan},
  journal={J. Antimicrobial Chemotherapy},
  volume={71},
  number={11},
  pages={3026--3035},
  year={2016},
  publisher={Oxford Univ. Press}
}

@article{maclellan2002designing,
  title={Designing the future in wound care: the role of the nurse practitioner},
  author={MacLellan, Lorna and Gardner, G and Gardner, Anne},
  journal={Primary Intention: The Australian Journal of Wound Management},
  volume={10},
  number={3},
  year={2002}
}

@article{stallard2018and,
  title={When and how to perform cultures on chronic wounds?},
  author={Stallard, Yvonne},
  journal={Journal of Wound Ostomy \& Continence Nursing},
  volume={45},
  number={2},
  pages={179--186},
  year={2018},
  publisher={LWW}
}

@article{wilbright2004use,
  title={The use of telemedicine in the management of diabetes-related foot ulceration: a pilot study},
  author={Wilbright, Wayne A and Birke, James A and Patout, Charles A and Varnado, Myra and Horswell, Ron},
  journal={Advances in skin \& wound care},
  volume={17},
  number={5},
  pages={232--238},
  year={2004},
  publisher={LWW}
}

@article{chanussot2013telemedicine,
  title={Telemedicine in wound care: a review},
  author={Chanussot-Deprez, Caroline and Contreras-Ruiz, Jos{\'e}},
  journal={Advances in skin \& wound care},
  volume={26},
  number={2},
  pages={78--82},
  year={2013},
  publisher={LWW}
}

@misc{jarbrinkhumanistic,
  title={The humanistic and economic burden of chronic wounds: a protocol for a systematic review. Syst Rev. 2017; 6 (1): 15},
  author={J{\"a}rbrink, K and Ni, G and S{\"o}nnergren, H and Schmidtchen, A and Pang, C and Bajpai, R and Car, J}
}

@article{nussbaum2018economic,
  title={An economic evaluation of the impact, cost, and medicare policy implications of chronic nonhealing wounds},
  author={Nussbaum, Samuel R and Carter, Marissa J and Fife, Caroline E and DaVanzo, Joan and Haught, Randall and Nusgart, Marcia and Cartwright, Donna},
  journal={Value in Health},
  volume={21},
  number={1},
  pages={27--32},
  year={2018},
  publisher={Elsevier}
}

@article{gould2015chronic,
  title={Chronic wound repair and healing in older adults: current status and future research},
  author={Gould, Lisa and Abadir, Peter and Brem, Harold and Carter, Marissa and Conner-Kerr, Teresa and Davidson, Jeff and DiPietro, Luisa and Falanga, Vincent and Fife, Caroline and Gardner, Sue and others},
  journal={Wound Repair and Regeneration},
  volume={23},
  number={1},
  pages={1--13},
  year={2015},
  publisher={Wiley Online Library}
}

@article{sen2009human,
  title={Human skin wounds: a major and snowballing threat to public health and the economy},
  author={Sen, Chandan K and Gordillo, Gayle M and Roy, Sashwati and Kirsner, Robert and Lambert, Lynn and Hunt, Thomas K and Gottrup, Finn and Gurtner, Geoffrey C and Longaker, Michael T},
  journal={Wound repair and regeneration},
  volume={17},
  number={6},
  pages={763--771},
  year={2009},
  publisher={Wiley Online Library}
}

@article{fonder2008treating,
  title={Treating the chronic wound: A practical approach to the care of nonhealing wounds and wound care dressings},
  author={Fonder, Margaret A and Lazarus, Gerald S and Cowan, David A and Aronson-Cook, Barbara and Kohli, Angela R and Mamelak, Adam J},
  journal={Journal of the American Academy of Dermatology},
  volume={58},
  number={2},
  pages={185--206},
  year={2008},
  publisher={Elsevier}
}

@article{cho2018idf,
  title={IDF Diabetes Atlas: Global estimates of diabetes prevalence for 2017 and projections for 2045},
  author={Cho, Nam H and Shaw, JE and Karuranga, Suvi and Huang, Yafang and da Rocha Fernandes, JD and Ohlrogge, AW and Malanda, BIDF},
  journal={Diabetes research and clinical practice},
  volume={138},
  pages={271--281},
  year={2018},
  publisher={Elsevier}
}

@article{mills2014society,
  title={The society for vascular surgery lower extremity threatened limb classification system: risk stratification based on wound, ischemia, and foot infection (WIfI)},
  author={Mills Sr, Joseph L and Conte, Michael S and Armstrong, David G and Pomposelli, Frank B and Schanzer, Andres and Sidawy, Anton N and Andros, George and Society for Vascular Surgery Lower Extremity Guidelines Committee and others},
  journal={Journal of vascular surgery},
  volume={59},
  number={1},
  pages={220--234},
  year={2014},
  publisher={Elsevier}
}

@article{beyaz2017factors,
  title={Factors affecting lifespan following below-knee amputation in diabetic patients},
  author={Beyaz, Salih and G{\"u}ler, {\"U}mit {\"O}zg{\"u}r and Ba{\u{g}}{\i}r, G{\"u}lay {\c{S}}im{\c{s}}ek},
  journal={Acta orthopaedica et traumatologica turcica},
  volume={51},
  number={5},
  pages={393--397},
  year={2017},
  publisher={Elsevier}
}

@article{richard2011new,
  title={New insights in diabetic foot infection},
  author={Richard, Jean-Louis and Sotto, Albert and Lavigne, Jean-Philippe},
  journal={World journal of diabetes},
  volume={2},
  number={2},
  pages={24--32},
  year={2011},
  publisher={Baishideng Publishing Group Inc}
}

@article{landis2008chronic,
  title={Chronic wound infection and antimicrobial use},
  author={Landis, Stephan J},
  journal={Advances in skin \& wound care},
  volume={21},
  number={11},
  pages={531--540},
  year={2008},
  publisher={LWW}
}


@article{PWAT_eff,
  title={Chronic Wound Image Augmentation and Assessment Using Semi-Supervised Progressive Multi-Granularity EfficientNet},
  author={Liu, Ziyang and Agu, Emmanuel and Pedersen, Peder and Lindsay, Clifford and Tulu, Bengisu and Strong, Diane},
  journal={IEEE Open Journal of Engineering in Medicine and Biology},
  year={2023},
  publisher={IEEE}
}

@article{partb_DFU,
  title={Recognition of ischaemia and infection in diabetic foot ulcers: Dataset and techniques},
  author={Goyal, Manu and Reeves, Neil D and Rajbhandari, Satyan and Ahmad, Naseer and Wang, Chuan and Yap, Moi Hoon},
  journal={Computers in biology and medicine},
  volume={117},
  pages={103616},
  year={2020},
  publisher={Elsevier}
}

@article{al2022diabetic,
  title={Diabetic foot ulcer classification using mapped binary patterns and convolutional neural networks},
  author={Al-Garaawi, Nora and Ebsim, Raja and Alharan, Abbas FH and Yap, Moi Hoon},
  journal={Computers in biology and medicine},
  volume={140},
  pages={105055},
  year={2022},
  publisher={Elsevier}
}

@inproceedings{wang2015unified,
  title={A unified framework for automatic wound segmentation and analysis with deep convolutional neural networks},
  author={Wang, Changhan and Yan, Xinchen and Smith, Max and Kochhar, Kanika and Rubin, Marcie and Warren, Stephen M and Wrobel, James and Lee, Honglak},
  booktitle={Proc Int'l Conf. Engr. Medicine and Biology (EMBC)},
  pages={2415--2418},
  year={2015},
  organization={IEEE}
}

@inproceedings{nejati2018fine,
  title={Fine-grained wound tissue analysis using deep neural network},
  author={Nejati, Hossein and Ghazijahani, Hamed Alizadeh and Abdollahzadeh, Milad and Malekzadeh, Touba and Cheung, N-M and Lee, K-H and Low, L-L},
  booktitle={2018 IEEE International Conference on Acoustics, Speech and Signal Processing (ICASSP)},
  pages={1010--1014},
  year={2018},
  organization={IEEE}
}

@article{goyal2018dfunet,
  title={Dfunet: Convolutional neural networks for diabetic foot ulcer classification},
  author={Goyal, Manu and Reeves, Neil D and Davison, Adrian K and Rajbhandari, Satyan and Spragg, Jennifer and Yap, Moi Hoon},
  journal={IEEE Transactions on Emerging Topics in Computational Intelligence},
  volume={4},
  number={5},
  pages={728--739},
  year={2018},
  publisher={IEEE}
}

@article{liu2022diabetic,
  title={Diabetic Foot Ulcer Ischemia and Infection Classification Using EfficientNet Deep Learning Models},
  author={Liu, Ziyang and John, Josvin and Agu, Emmanuel},
  journal={IEEE Open Journal of Engineering in Medicine and Biology},
  volume={3},
  pages={189--201},
  year={2022},
  publisher={IEEE}
}


@incollection{galdran2021convolutional,
  title={Convolutional nets versus vision transformers for diabetic foot ulcer classification},
  author={Galdran, Adrian and Carneiro, Gustavo and Ballester, Miguel A Gonz{\'a}lez},
  booktitle={Diabetic Foot Ulcers Grand Challenge},
  pages={21--29},
  year={2021},
  publisher={Springer}
}

@inproceedings{yap2021analysis,
  title={Analysis towards classification of infection and ischaemia of diabetic foot ulcers},
  author={Yap, Moi Hoon and Cassidy, Bill and Pappachan, Joseph M and O’Shea, Claire and Gillespie, David and Reeves, Neil D},
  booktitle={2021 IEEE EMBS International Conference on Biomedical and Health Informatics (BHI)},
  pages={1--4},
  year={2021},
  organization={IEEE}
}

@article{gpt4,
  title={Gpt-4 technical report},
  author={Achiam, Josh and Adler, Steven and Agarwal, Sandhini and Ahmad, Lama and Akkaya, Ilge and Aleman, Florencia Leoni and Almeida, Diogo and Altenschmidt, Janko and Altman, Sam and Anadkat, Shyamal and others},
  journal={arXiv preprint arXiv:2303.08774},
  year={2023}
}
@article{medPALM,
  title={Large language models encode clinical knowledge},
  author={Singhal, Karan and Azizi, Shekoofeh and Tu, Tao and Mahdavi, S Sara and Wei, Jason and Chung, Hyung Won and Scales, Nathan and Tanwani, Ajay and Cole-Lewis, Heather and Pfohl, Stephen and others},
  journal={Nature},
  volume={620},
  number={7972},
  pages={172--180},
  year={2023},
  publisher={Nature Publishing Group UK London}
}


@article{medPALM2,
  title={Toward expert-level medical question answering with large language models},
  author={Singhal, Karan and Tu, Tao and Gottweis, Juraj and Sayres, Rory and Wulczyn, Ellery and Amin, Mohamed and Hou, Le and Clark, Kevin and Pfohl, Stephen R and Cole-Lewis, Heather and others},
  journal={Nature Medicine},
  pages={1--8},
  year={2025},
  publisher={Nature Publishing Group US New York}
}

@article{jin2024hidden,
  title={Hidden flaws behind expert-level accuracy of gpt-4 vision in medicine},
  author={Jin, Qiao and Chen, Fangyuan and Zhou, Yiliang and Xu, Ziyang and Cheung, Justin M and Chen, Robert and Summers, Ronald M and Rousseau, Justin F and Ni, Peiyun and Landsman, Marc J and others},
  journal={arXiv preprint arXiv:2401.08396},
  year={2024}
}

@online{usmle_score,
  author       = {Kaplan},
  title        = {USMLE Passing Scores},
  url          = {https://www.kaptest.com/study/usmle/passing-scores/},
  note         = {Accessed Apr 29, 2024}
}

@article{transformer,
  title={Attention is all you need},
  author={Vaswani, Ashish and Shazeer, Noam and Parmar, Niki and Uszkoreit, Jakob and Jones, Llion and Gomez, Aidan N and Kaiser, {\L}ukasz and Polosukhin, Illia},
  journal={Proc. NeurIPS},
  volume={30},
  year={2017}
}

@inproceedings{CLIP,
  title={Learning transferable visual models from natural language supervision},
  author={Radford, Alec and Kim, Jong Wook and Hallacy, Chris and Ramesh, Aditya and Goh, Gabriel and Agarwal, Sandhini and Sastry, Girish and Askell, Amanda and Mishkin, Pamela and Clark, Jack and others},
  booktitle={Proc. ICML},
  pages={8748--8763},
  year={2021},
  organization={PMLR}
}

@inproceedings{efficientnet,
  title={Efficientnet: Rethinking model scaling for convolutional neural networks},
  author={Tan, Mingxing and Le, Quoc},
  booktitle={Proc. ICML},
  pages={6105--6114},
  year={2019},
  organization={PMLR}
}

@inproceedings{swinv2,
  title={Swin transformer v2: Scaling up capacity and resolution},
  author={Liu, Ze and Hu, Han and Lin, Yutong and Yao, Zhuliang and Xie, Zhenda and Wei, Yixuan and Ning, Jia and Cao, Yue and Zhang, Zheng and Dong, Li and others},
  booktitle={Proc. IEEE/CVF CVPR},
  pages={12009--12019},
  year={2022}
}

@article{efficientformer,
  title={Efficientformer: Vision transformers at mobilenet speed},
  author={Li, Yanyu and Yuan, Geng and Wen, Yang and Hu, Ju and Evangelidis, Georgios and Tulyakov, Sergey and Wang, Yanzhi and Ren, Jian},
  journal={Proc. NeurIPS},
  volume={35},
  pages={12934--12949},
  year={2022}
}

@article{vit,
  title={An image is worth 16x16 words: Transformers for image recognition at scale},
  author={Dosovitskiy, Alexey and Beyer, Lucas and Kolesnikov, Alexander and Weissenborn, Dirk and Zhai, Xiaohua and Unterthiner, Thomas and Dehghani, Mostafa and Minderer, Matthias and Heigold, Georg and Gelly, Sylvain and others},
  journal={arXiv preprint arXiv:2010.11929},
  year={2020}
}



@inproceedings{deit,
  title={Training data-efficient image transformers \& distillation through attention},
  author={Touvron, Hugo and Cord, Matthieu and Douze, Matthijs and Massa, Francisco and Sablayrolles, Alexandre and J{\'e}gou, Herv{\'e}},
  booktitle={Proc. ICML},
  pages={10347--10357},
  year={2021},
  organization={PMLR}
}

@inproceedings{bit,
  title={Big transfer (bit): General visual representation learning},
  author={Kolesnikov, Alexander and Beyer, Lucas and Zhai, Xiaohua and Puigcerver, Joan and Yung, Jessica and Gelly, Sylvain and Houlsby, Neil},
  booktitle={Proc. ECCV},
  pages={491--507},
  year={2020},
  organization={Springer}
}

@inproceedings{blip,
  title={Blip: Bootstrapping language-image pre-training for unified vision-language understanding and generation},
  author={Li, Junnan and Li, Dongxu and Xiong, Caiming and Hoi, Steven},
  booktitle={Proc. ICML},
  pages={12888--12900},
  year={2022},
  organization={PMLR}
}

@inproceedings{blip2,
  title={Blip-2: Bootstrapping language-image pre-training with frozen image encoders and large language models},
  author={Li, Junnan and Li, Dongxu and Savarese, Silvio and Hoi, Steven},
  booktitle={Proc. ICML},
  pages={19730--19742},
  year={2023},
  organization={PMLR}
}

@article{flamingo,
  title={Flamingo: a visual language model for few-shot learning},
  author={Alayrac, Jean-Baptiste and Donahue, Jeff and Luc, Pauline and Miech, Antoine and Barr, Iain and Hasson, Yana and Lenc, Karel and Mensch, Arthur and Millican, Katherine and Reynolds, Malcolm and others},
  journal={Proc. NeurIPS},
  volume={35},
  pages={23716--23736},
  year={2022}
}

@article{visual_instruct,
  title={Visual instruction tuning},
  author={Liu, Haotian and Li, Chunyuan and Wu, Qingyang and Lee, Yong Jae},
  journal={Advances in neural information processing systems},
  volume={36},
  year={2024}
}

@article{zhu2023minigpt,
  title={Minigpt-4: Enhancing vision-language understanding with advanced large language models},
  author={Zhu, Deyao and Chen, Jun and Shen, Xiaoqian and Li, Xiang and Elhoseiny, Mohamed},
  journal={arXiv preprint arXiv:2304.10592},
  year={2023}
}

@inproceedings{diff_aug,
  title={Diffusion-based data augmentation for nuclei image segmentation},
  author={Yu, Xinyi and Li, Guanbin and Lou, Wei and Liu, Siqi and Wan, Xiang and Chen, Yan and Li, Haofeng},
  booktitle={Int'l Conf. Med. Image Comp.  and Comp.-Assisted Interv.},
  pages={592--602},
  year={2023},
  organization={Springer}
}

@article{diff_aug2,
  title={Effective data augment. with diffusion models},
  author={Trabucco, Brandon and Doherty, Kyle and Gurinas, Max and Salakhutdinov, Ruslan},
  journal={arXiv preprint arXiv:2302.07944},
  year={2023}
}


@inproceedings{diff_aug3,
  title={Diffusion-based data augmentation for skin disease classification: Impact across original medical datasets to fully synthetic images},
  author={Akrout, Mohamed and Gyepesi, B{\'a}lint and Holl{\'o}, P{\'e}ter and Po{\'o}r, Adrienn and Kincs{\H{o}}, Bl{\'a}ga and Solis, Stephen and Cirone, Katrina and Kawahara, Jeremy and Slade, Dekker and Abid, Latif and others},
  booktitle={International Conference on Medical Image Computing and Computer-Assisted Intervention},
  pages={99--109},
  year={2023},
  organization={Springer}
}

@article{attention_roll,
  title={Quantifying attention flow in transformers},
  author={Abnar, Samira and Zuidema, Willem},
  journal={arXiv preprint arXiv:2005.00928},
  year={2020}
}

@article{hallucination_med,
  title={Hallucination Benchmark in Medical Visual Question Answering},
  author={Wu, Jinge and Kim, Yunsoo and Wu, Honghan},
  journal={arXiv preprint arXiv:2401.05827},
  year={2024}
}

@article{hallucination_sur,
  title={A survey on hallucination in large vision-language models},
  author={Liu, Hanchao and Xue, Wenyuan and Chen, Yifei and Chen, Dapeng and Zhao, Xiutian and Wang, Ke and Hou, Liping and Li, Rongjun and Peng, Wei},
  journal={arXiv preprint arXiv:2402.00253},
  year={2024}
}

@article{RAG,
  title={Retrieval-augmented generation for knowledge-intensive nlp tasks},
  author={Lewis, Patrick and Perez, Ethan and Piktus, Aleksandra and Petroni, Fabio and Karpukhin, Vladimir and Goyal, Naman and K{\"u}ttler, Heinrich and Lewis, Mike and Yih, Wen-tau and Rockt{\"a}schel, Tim and others},
  journal={Advances in Neural Information Processing Systems},
  volume={33},
  pages={9459--9474},
  year={2020}
}

@article{med-gemini,
  title={Capabilities of gemini models in medicine},
  author={Saab, Khaled and Tu, Tao and Weng, Wei-Hung and Tanno, Ryutaro and Stutz, David and Wulczyn, Ellery and Zhang, Fan and Strother, Tim and Park, Chunjong and Vedadi, Elahe and others},
  journal={arXiv preprint arXiv:2404.18416},
  year={2024}
}

@article{chen2023enhancing,
  title={Enhancing Medical Task Performance in GPT-4V: A Comprehensive Study on Prompt Engineering Strategies},
  author={Chen, Pengcheng and Huang, Ziyan and Deng, Zhongying and Li, Tianbin and Su, Yanzhou and Wang, Haoyu and Ye, Jin and Qiao, Yu and He, Junjun},
  journal={arXiv preprint arXiv:2312.04344},
  year={2023}
}

@article{GAN,
  title={Generative adversarial nets},
  author={Goodfellow, Ian and Pouget-Abadie, Jean and Mirza, Mehdi and Xu, Bing and Warde-Farley, David and Ozair, Sherjil and Courville, Aaron and Bengio, Yoshua},
  journal={Advances in neural information processing systems},
  volume={27},
  year={2014}
}



@inproceedings{pinaya2022fast,
  title={Fast unsupervised brain anomaly detection and segmentation with diffusion models},
  author={Pinaya, Walter HL and Graham, Mark S and Gray, Robert and Da Costa, Pedro F and Tudosiu, Petru-Daniel and Wright, Paul and Mah, Yee H and MacKinnon, Andrew D and Teo, James T and Jager, Rolf and others},
  booktitle={International Conference on Medical Image Computing and Computer-Assisted Intervention},
  pages={705--714},
  year={2022},
  organization={Springer}
}

@article{ozbey2023unsupervised,
  title={Unsupervised medical image translation with adversarial diffusion models},
  author={{\"O}zbey, Muzaffer and Dalmaz, Onat and Dar, Salman UH and Bedel, Hasan A and {\"O}zturk, {\c{S}}aban and G{\"u}ng{\"o}r, Alper and {\c{C}}ukur, Tolga},
  journal={IEEE Transactions on Medical Imaging},
  year={2023},
  publisher={IEEE}
}

@inproceedings{wyatt2022anoddpm,
  title={Anoddpm: Anomaly detection with denoising diffusion probabilistic models using simplex noise},
  author={Wyatt, Julian and Leach, Adam and Schmon, Sebastian M and Willcocks, Chris G},
  booktitle={Proceedings of the IEEE/CVF Conference on Computer Vision and Pattern Recognition},
  pages={650--656},
  year={2022}
}
@article{wu2022medsegdiff,
  title={Medsegdiff: Medical image segmentation with diffusion probabilistic model},
  author={Wu, Junde and Fu, Rao and Fang, Huihui and Zhang, Yu and Yang, Yehui and Xiong, Haoyi and Liu, Huiying and Xu, Yanwu},
  journal={arXiv preprint arXiv:2211.00611},
  year={2022}
}

@article{durrer2023diffusion,
  title={Diffusion Models for Contrast Harmonization of Magnetic Resonance Images},
  author={Durrer, Alicia and Wolleb, Julia and Bieder, Florentin and Sinnecker, Tim and Weigel, Matthias and Sandk{\"u}hler, Robin and Granziera, Cristina and Yaldizli, {\"O}zg{\"u}r and Cattin, Philippe C},
  journal={arXiv preprint arXiv:2303.08189},
  year={2023}
}

@article{wang2023zero,
  title={Zero-shot-Learning Cross-Modality Data Translation Through Mutual Information Guided Stochastic Diffusion},
  author={Wang, Zihao and Yang, Yingyu and Sermesant, Maxime and Delingette, Herv{\'e} and Wu, Ona},
  journal={arXiv preprint arXiv:2301.13743},
  year={2023}
}

@inproceedings{wang2023inversesr,
  title={InverseSR: 3D Brain MRI Super-Resolution Using a Latent Diffusion Model},
  author={Wang, Jueqi and Levman, Jacob and Pinaya, Walter Hugo Lopez and Tudosiu, Petru-Daniel and Cardoso, M Jorge and Marinescu, Razvan},
  booktitle={International Conference on Medical Image Computing and Computer-Assisted Intervention},
  pages={438--447},
  year={2023},
  organization={Springer}
}

@article{sdedit,
  title={Sdedit: Guided image synthesis and editing with stochastic differential equations},
  author={Meng, Chenlin and He, Yutong and Song, Yang and Song, Jiaming and Wu, Jiajun and Zhu, Jun-Yan and Ermon, Stefano},
  journal={arXiv preprint arXiv:2108.01073},
  year={2021}
}

@inproceedings{stable_diffusion,
  title={High-resolution image synthesis with latent diffusion models},
  author={Rombach, Robin and Blattmann, Andreas and Lorenz, Dominik and Esser, Patrick and Ommer, Bj{\"o}rn},
  booktitle={Proceedings of the IEEE/CVF conference on computer vision and pattern recognition},
  pages={10684--10695},
  year={2022}
}

@inproceedings{pix2pix_zero,
  title={Zero-shot image-to-image translation},
  author={Parmar, Gaurav and Kumar Singh, Krishna and Zhang, Richard and Li, Yijun and Lu, Jingwan and Zhu, Jun-Yan},
  booktitle={ACM SIGGRAPH 2023 Conference Proceedings},
  pages={1--11},
  year={2023}
}

@inproceedings{facenet,
  title={Facenet: A unified embedding for face recognition and clustering},
  author={Schroff, Florian and Kalenichenko, Dmitry and Philbin, James},
  booktitle={Proc. IEEE CVPR},
  pages={815--823},
  year={2015}
}

@article{vae,
  title={Auto-encoding variational bayes},
  author={Kingma, Diederik P and Welling, Max},
  journal={arXiv preprint arXiv:1312.6114},
  year={2013}
}

@article{DDPM,
  title={Denoising diffusion probabilistic models},
  author={Ho, Jonathan and Jain, Ajay and Abbeel, Pieter},
  journal={Advances in neural information processing systems},
  volume={33},
  pages={6840--6851},
  year={2020}
}

@article{DDIM,
  title={Denoising diffusion implicit models},
  author={Song, Jiaming and Meng, Chenlin and Ermon, Stefano},
  journal={arXiv preprint arXiv:2010.02502},
  year={2020}
}

@article{Classifier_guidance,
  title={Diffusion models beat gans on image synthesis},
  author={Dhariwal, Prafulla and Nichol, Alexander},
  journal={Advances in neural information processing systems},
  volume={34},
  pages={8780--8794},
  year={2021}
}

@article{CFG,
  title={Classifier-free diffusion guidance},
  author={Ho, Jonathan and Salimans, Tim},
  journal={arXiv preprint arXiv:2207.12598},
  year={2022}
}

@incollection{bishop2023deep,
  title={Deep Neural Networks},
  author={Bishop, Christopher M and Bishop, Hugh},
  booktitle={Deep Learning: Foundations and Concepts},
  pages={171--207},
  year={2023},
  publisher={Springer}
}

@article{score-base,
  title={Score-based generative modeling through stochastic differential equations},
  author={Song, Yang and Sohl-Dickstein, Jascha and Kingma, Diederik P and Kumar, Abhishek and Ermon, Stefano and Poole, Ben},
  journal={arXiv preprint arXiv:2011.13456},
  year={2020}
}


@inproceedings{controlnet,
  title={Adding conditional control to text-to-image diffusion models},
  author={Zhang, Lvmin and Rao, Anyi and Agrawala, Maneesh},
  booktitle={Proceedings of the IEEE/CVF International Conference on Computer Vision},
  pages={3836--3847},
  year={2023}
}

@article{nichol2021glide,
  title={Glide: Towards photorealistic image generation and editing with text-guided diffusion models},
  author={Nichol, Alex and Dhariwal, Prafulla and Ramesh, Aditya and Shyam, Pranav and Mishkin, Pamela and McGrew, Bob and Sutskever, Ilya and Chen, Mark},
  journal={arXiv preprint arXiv:2112.10741},
  year={2021}
}


@article{couairon2022diffedit,
  title={Diffedit: Diffusion-based semantic image editing with mask guidance},
  author={Couairon, Guillaume and Verbeek, Jakob and Schwenk, Holger and Cord, Matthieu},
  journal={arXiv preprint arXiv:2210.11427},
  year={2022}
}

@article{schuhmann2022laion,
  title={Laion-5b: An open large-scale dataset for training next generation image-text models},
  author={Schuhmann, Christoph and Beaumont, Romain and Vencu, Richard and Gordon, Cade and Wightman, Ross and Cherti, Mehdi and Coombes, Theo and Katta, Aarush and Mullis, Clayton and Wortsman, Mitchell and others},
  journal={Advances in Neural Information Processing Systems},
  volume={35},
  pages={25278--25294},
  year={2022}
}

