@article{2023haimintegratin,
title = {Integrating Data Donations in Online Surveys},
year = {2023},
journal = {M\&K Medien \& Kommunikationswissenschaft},
pages = {130--137},
author = {Haim, Mario and Leiner, Dominik and Hase, Valerie},
volume = {71},
number = {1-2},
}

@inproceedings{Du2024Withdraw,
    author = {X. Du and Z. Yang and J. Lin and Y. Cao and M. Yang},
    title = {Withdrawing is believing? Detecting Inconsistencies Between Withdrawal Choices and Third-party Data Collections in Mobile Apps},
    booktitle = {2024 IEEE Symposium on Security and Privacy (SP)},
    year = {2024}
}

@misc{EU2016GDPR,
  title={General Data Protection RegulationGDPR},
  url={https://gdpr-info.eu/},
  author={EU},
  year={2016}
}

@article{alsoubai2024profiling,
  title={Profiling the offline and online risk experiences of youth to develop targeted interventions for online safety},
  author={Alsoubai, Ashwaq and Razi, Afsaneh and Agha, Zainab and Ali, Shiza and Stringhini, Gianluca and De Choudhury, Munmun and Wisniewski, Pamela J},
  journal={Proceedings of the ACM on Human-Computer Interaction},
  volume={8},
  number={CSCW1},
  pages={1--37},
  year={2024},
  publisher={ACM New York, NY, USA}
}

@article{blassnig2023googling,
  title={Googling referendum campaigns: analyzing online search patterns regarding swiss direct-democratic votes},
  author={Blassnig, Sina and Mitova, Eliza and Pfiffner, Nico and Reiss, Michael V},
  journal={Media and Communication},
  volume={11},
  number={1},
  pages={19--30},
  year={2023},
  publisher={PRT}
}

@inproceedings{borem2024data,
  title={Data Subjects’ Reactions to Exercising Their Right of Access},
  author={Borem, Arthur and Pan, Elleen and Obielodan, Olufunmilola and Roubinowitz, Aurelie and Dovichi, Luca and Mazurek, Michelle L and Ur, Blase},
  year={2024},
  organization={USENIX Security Symposium}
}

@inproceedings{bouhoula2024automated,
  author = {Ahmed Bouhoula and Karel Kubicek and Amit Zac and Carlos Cotrini and David Basin},
  title = {Automated Large-Scale Analysis of Cookie Notice Compliance},
  booktitle = {33st USENIX Security Symposium (USENIX Security 24)},
  year = {2024},
  month = aug,
  pages = {TBA},
  isbn = {TBA},
  publisher = {USENIX Association},
  url = {https://www.usenix.org/conference/usenixsecurity24/presentation/bouhoula},
  address = {Philadelphia, PA},
}

@article{garimella2024whatsapp,
  title={WhatsApp Explorer: A Data Donation Tool To Facilitate Research on WhatsApp},
  author={Garimella, Kiran and Chauchard, Simon},
  journal={arXiv preprint arXiv:2404.01328},
  year={2024}
}

@article{hase2024can,
  title={Can we get rid of bias? Mitigating systematic error in data donation studies through survey design strategies},
  author={Hase, Valerie and Haim, Mario},
  journal={Computational Communication Research},
  volume={6},
  number={2},
  pages={1},
  year={2024},
  publisher={Amsterdam University Press Amsterdam}
}

@article{hase2024fulfilling,
  title={Fulfilling data access obligations: How could (and should) platforms facilitate data donation studies?},
  author={Hase, Valerie and Jef, Ausloos and Laura, Boeschoten and Nico, Pfiffner and Heleen, Janssen and Theo, Araujo and Thijs, Carri{\`e}re and Claes, de Vreese and J{\"o}rg, Ha{\ss}ler and Felicia, Loecherbach and others},
  journal={Internet policy review: Journal on internet regulation},
  volume={13},
  number={3},
  year={2024}
}

@article{kmetty2022identifying,
  title={Identifying depression-related behavior on Facebook—an experimental study},
  author={Kmetty, Zolt{\'a}n and Bozsonyi, K{\'a}roly},
  journal={Social Sciences},
  volume={11},
  number={3},
  pages={135},
  year={2022},
  publisher={MDPI}
}

@inproceedings{kyi2023investigating,
  title={Investigating deceptive design in GDPR’s legitimate interest},
  author={Kyi, Lin and Ammanaghatta Shivakumar, Sushil and Santos, Cristiana Teixeira and Roesner, Franziska and Zufall, Frederike and Biega, Asia J},
  booktitle={Proceedings of the 2023 CHI Conference on Human Factors in Computing Systems},
  pages={1--16},
  year={2023}
}

@inproceedings{kyi2024doesn,
  title={“It doesn’t tell me anything about how my data is used”: User Perceptions of Data Collection Purposes},
  author={Kyi, Lin and Mhaidli, Abraham and Santos, Cristiana Teixeira and Roesner, Franziska and Biega, Asia J},
  booktitle={Proceedings of the CHI Conference on Human Factors in Computing Systems},
  pages={1--12},
  year={2024}
}

@inproceedings{matte2020cookie,
  title={Do cookie banners respect my choice?: Measuring legal compliance of banners from iab europe’s transparency and consent framework},
  author={Matte, C{\'e}lestin and Bielova, Nataliia and Santos, Cristiana},
  booktitle={2020 IEEE Symposium on Security and Privacy (SP)},
  pages={791--809},
  year={2020},
  organization={IEEE}
}

@article{moller2023detecting,
  title={Detecting Algorithmic Bias and Fringe Bubbles in Social Media [conference session]},
  author={M{\"o}ller, J and Linnert, E and Araujo, T},
  journal={Berlin, Germany, URL https://ecreapolcomm2023. ecreapoliticalcommunication. com},
  year={2023}
}

@article{santos2019cookie,
  title={Are cookie banners indeed compliant with the law? Deciphering EU legal requirements on consent and technical means to verify compliance of cookie banners},
  author={Santos, Cristiana and Bielova, Nataliia and Matte, C{\'e}lestin},
  journal={arXiv preprint arXiv:1912.07144},
  year={2019}
}

@inproceedings{santos2021consent,
  title={Consent Management Platforms under the GDPR: processors and/or controllers?},
  author={Santos, Cristiana and Nouwens, Midas and Toth, Michael and Bielova, Nataliia and Roca, Vincent},
  booktitle={Annual Privacy Forum},
  pages={47--69},
  year={2021},
  organization={Springer}
}

@inproceedings{smith2024study,
  title={A Study of GDPR Compliance under the Transparency and Consent Framework},
  author={Smith, Michael and Torres-Ag{\"u}ero, Antonio and Grossman, Riley and Sen, Pritam and Chen, Yi and Borcea, Cristian},
  booktitle={ACM on Web Conference},
  year={2024}
}

@article{valkenburg2024time,
  title={It is time to ensure research access to platform data},
  author={Valkenburg, Patti M and van der Wal, Amber and Siebers, Teun and Beyens, Ine and Boeschoten, Laura and Araujo, Theo},
  journal={Nature Human Behaviour},
  pages={1--2},
  year={2024},
  publisher={Nature Publishing Group UK London}
}

@inproceedings{vombatkere2024tiktok,
  title={TikTok and the Art of Personalization: Investigating Exploration and Exploitation on Social Media Feeds},
  author={Vombatkere, Karan and Mousavi, Sepehr and Zannettou, Savvas and Roesner, Franziska and Gummadi, Krishna P},
  booktitle={Proceedings of the ACM on Web Conference 2024},
  pages={3789--3797},
  year={2024}
}

@inproceedings{wei2020twitter,
  title={What Twitter knows: Characterizing ad targeting practices, user perceptions, and ad explanations through users' own Twitter data},
  author={Wei, Miranda and Stamos, Madison and Veys, Sophie and Reitinger, Nathan and Goodman, Justin and Herman, Margot and Filipczuk, Dorota and Weinshel, Ben and Mazurek, Michelle L and Ur, Blase},
  booktitle={29th USENIX Security Symposium (USENIX Security 20)},
  pages={145--162},
  year={2020}
}

@inproceedings{yang2024coupling,
  title={Coupling GDPR Data Donation and Crowdsourced User Survey: A Case Study on TikTok Addiction},
  author={Yang, Cai and Mousavi, Sepehr and Dash, Abhisek and Gummadi, Krishna P and Weber, Ingmar},
  booktitle={Companion Publication of the 16th ACM Web Science Conference},
  pages={51--52},
  year={2024}
}

@inproceedings{zannettou2024analyzing,
  title={Analyzing User Engagement with TikTok's Short Format Video Recommendations using Data Donations},
  author={Zannettou, Savvas and Nemes-Nemeth, Olivia and Ayalon, Oshrat and Goetzen, Angelica and Gummadi, Krishna P and Redmiles, Elissa M and Roesner, Franziska},
  booktitle={Proceedings of the CHI Conference on Human Factors in Computing Systems},
  pages={1--16},
  year={2024}
}

