@inproceedings{bakker2021beyond,
  title={Beyond reasonable doubt: Improving fairness in budget-constrained decision making using confidence thresholds},
  author={Bakker, Michiel A and Tu, Duy Patrick and Gummadi, Krishna P and Pentland, Alex Sandy and Varshney, Kush R and Weller, Adrian},
  booktitle={Proceedings of the 2021 AAAI/ACM Conference on AI, Ethics, and Society},
  pages={346--356},
  year={2021}
}

@article{bradley1997use,
  title={The use of the area under the ROC curve in the evaluation of machine learning algorithms},
  author={Bradley, Andrew P},
  journal={Pattern recognition},
  volume={30},
  number={7},
  pages={1145--1159},
  year={1997},
  publisher={Elsevier}
}

@inproceedings{canetti2019soft,
  title={From soft classifiers to hard decisions: How fair can we be?},
  author={Canetti, Ran and Cohen, Aloni and Dikkala, Nishanth and Ramnarayan, Govind and Scheffler, Sarah and Smith, Adam},
  booktitle={Proceedings of the conference on fairness, accountability, and transparency},
  pages={309--318},
  year={2019}
}

@inproceedings{corbett2017algorithmic,
  title={Algorithmic decision making and the cost of fairness},
  author={Corbett-Davies, Sam and Pierson, Emma and Feller, Avi and Goel, Sharad and Huq, Aziz},
  booktitle={Proceedings of the 23rd acm sigkdd international conference on knowledge discovery and data mining},
  pages={797--806},
  year={2017}
}

@article{esposito2021ghost,
  title={GHOST: adjusting the decision threshold to handle imbalanced data in machine learning},
  author={Esposito, Carmen and Landrum, Gregory A and Schneider, Nadine and Stiefl, Nikolaus and Riniker, Sereina},
  journal={Journal of Chemical Information and Modeling},
  volume={61},
  number={6},
  pages={2623--2640},
  year={2021},
  publisher={ACS Publications}
}

@article{freeman2008comparison,
  title={A comparison of the performance of threshold criteria for binary classification in terms of predicted prevalence and kappa},
  author={Freeman, Elizabeth A and Moisen, Gretchen G},
  journal={Ecological modelling},
  volume={217},
  number={1-2},
  pages={48--58},
  year={2008},
  publisher={Elsevier}
}

@article{gehrmann2019gltr,
  title={Gltr: Statistical detection and visualization of generated text},
  author={Gehrmann, Sebastian and Strobelt, Hendrik and Rush, Alexander M},
  journal={arXiv preprint arXiv:1906.04043},
  year={2019}
}

@article{hanberry2013prevalence,
  title={Prevalence, statistical thresholds, and accuracy assessment for species distribution models},
  author={Hanberry, BB and He, HS},
  journal={Web Ecology},
  volume={13},
  number={1},
  pages={13--19},
  year={2013},
  publisher={Copernicus Publications G{\"o}ttingen, Germany}
}

@article{hu2023radar,
  title={Radar: Robust ai-text detection via adversarial learning},
  author={Hu, Xiaomeng and Chen, Pin-Yu and Ho, Tsung-Yi},
  journal={Advances in Neural Information Processing Systems},
  volume={36},
  pages={15077--15095},
  year={2023}
}

@inproceedings{jang2022group,
  title={Group-aware threshold adaptation for fair classification},
  author={Jang, Taeuk and Shi, Pengyi and Wang, Xiaoqian},
  booktitle={Proceedings of the AAAI Conference on Artificial Intelligence},
  volume={36},
  number={6},
  pages={6988--6995},
  year={2022}
}

@article{krishna2024paraphrasing,
  title={Paraphrasing evades detectors of ai-generated text, but retrieval is an effective defense},
  author={Krishna, Kalpesh and Song, Yixiao and Karpinska, Marzena and Wieting, John and Iyyer, Mohit},
  journal={Advances in Neural Information Processing Systems},
  volume={36},
  year={2024}
}

@inproceedings{lipton2014optimal,
  title={Optimal thresholding of classifiers to maximize F1 measure},
  author={Lipton, Zachary C and Elkan, Charles and Naryanaswamy, Balakrishnan},
  booktitle={Machine Learning and Knowledge Discovery in Databases: European Conference, ECML PKDD 2014, Nancy, France, September 15-19, 2014. Proceedings, Part II 14},
  pages={225--239},
  year={2014},
  organization={Springer}
}

@inproceedings{lu2024mlnet,
  title={MLNet: Mutual Learning Network with Neighborhood Invariance for Universal Domain Adaptation},
  author={Lu, Yanzuo and Shen, Meng and Ma, Andy J and Xie, Xiaohua and Lai, Jian-Huang},
  booktitle={Proceedings of the AAAI Conference on Artificial Intelligence},
  volume={38},
  number={4},
  pages={3900--3908},
  year={2024}
}

@article{manel1999comparing,
  title={Comparing discriminant analysis, neural networks and logistic regression for predicting species distributions: a case study with a Himalayan river bird},
  author={Manel, St{\'e}phanie and Dias, Jean-Marie and Ormerod, Steve J},
  journal={Ecological modelling},
  volume={120},
  number={2-3},
  pages={337--347},
  year={1999},
  publisher={Elsevier}
}

@inproceedings{menon2018cost,
  title={The cost of fairness in binary classification},
  author={Menon, Aditya Krishna and Williamson, Robert C},
  booktitle={Conference on Fairness, accountability and transparency},
  pages={107--118},
  year={2018},
  organization={PMLR}
}

@inproceedings{mitchell2023detectgpt,
  title={Detectgpt: Zero-shot machine-generated text detection using probability curvature},
  author={Mitchell, Eric and Lee, Yoonho and Khazatsky, Alexander and Manning, Christopher D and Finn, Chelsea},
  booktitle={International Conference on Machine Learning},
  pages={24950--24962},
  year={2023},
  organization={PMLR}
}

@misc{openai2023classifier,
  author = {OpenAI},
  title = {New AI Classifier for Indicating AI-Written Text},
  year = {2023},
  howpublished = {\url{https://openai.com/index/new-ai-classifier-for-indicating-ai-written-text}},
  note = {Published: 2023-01-31}
}

@article{shao2016characterizing,
  title={Characterizing major agricultural land change trends in the Western Corn Belt},
  author={Shao, Yang and Taff, Gregory N and Ren, Jie and Campbell, James B},
  journal={ISPRS Journal of Photogrammetry and Remote Sensing},
  volume={122},
  pages={116--125},
  year={2016},
  publisher={Elsevier}
}

@article{solaiman2019release,
  title={Release strategies and the social impacts of language models},
  author={Solaiman, Irene and Brundage, Miles and Clark, Jack and Askell, Amanda and Herbert-Voss, Ariel and Wu, Jeff and Radford, Alec and Krueger, Gretchen and Kim, Jong Wook and Kreps, Sarah and others},
  journal={arXiv preprint arXiv:1908.09203},
  year={2019}
}

@article{stavnkova2023threshold,
  title={Threshold moving approach with logit models for bankruptcy prediction},
  author={Sta{\v{n}}kov{\'a}, Michaela},
  journal={Computational Economics},
  volume={61},
  number={3},
  pages={1251--1272},
  year={2023},
  publisher={Springer}
}

