@inproceedings{chen2019vecf,
  title={Personalized fashion recommendation with visual explanations based on multimodal attention network: Towards visually explainable recommendation},
  author={Chen, Xu and Chen, Hanxiong and Xu, Hongteng and Zhang, Yongfeng and Cao, Yixin and Qin, Zheng and Zha, Hongyuan},
  booktitle={ACM International Conference on Research and Development in Information Retrieval (SIGIR)},
  pages={765--774},
  year={2019}
}

@inproceedings{chien2021gprgnn,
title={Adaptive universal generalized pagerank graph neural network},
author={Eli Chien and Jianhao Peng and Pan Li and Olgica Milenkovic},
booktitle={International Conference on Learning Representations (ICLR)},
year={2021},
}

@inproceedings{choi2023blurring,
  title={Blurring-sharpening process models for collaborative filtering},
  author={Choi, Jeongwhan and Hong, Seoyoung and Park, Noseong and Cho, Sung-Bae},
  booktitle={ACM International Conference on Research and Development in Information Retrieval (SIGIR)},
  pages={1096--1106},
  year={2023}
}

@article{defferrard2016chebynet,
  title={Convolutional neural networks on graphs with fast localized spectral filtering},
  author={Defferrard, Micha{\"e}l and Bresson, Xavier and Vandergheynst, Pierre},
  journal={Advances in Neural Information Processing Systems (NeurIPS)},
  volume={29},
  year={2016}
}

@inproceedings{fan2019graphrec,
  title={Graph neural networks for social recommendation},
  author={Fan, Wenqi and Ma, Yao and Li, Qing and He, Yuan and Zhao, Eric and Tang, Jiliang and Yin, Dawei},
  booktitle={The World Wide Web Conference (WWW)},
  pages={417--426},
  year={2019}
}

@inproceedings{gasteiger2018appnp,
  title={Predict then propagate: Graph neural networks meet personalized pagerank},
  author={Gasteiger, Johannes and Bojchevski, Aleksandar and G{\"u}nnemann, Stephan},
  booktitle={International Conference on Learning Representations (ICLR)},
  year={2018}
}

@inproceedings{guo2023favard,
  title={Graph neural networks with learnable and optimal polynomial bases},
  author={Guo, Yuhe and Wei, Zhewei},
  booktitle={International Conference on Machine Learning (ICML)},
  pages={12077--12097},
  year={2023},
}

@inproceedings{guo2023jgcf,
  title={On Manipulating Signals of User-Item Graph: A Jacobi Polynomial-based Graph Collaborative Filtering},
  author={Guo, Jiayan and Du, Lun and Chen, Xu and Ma, Xiaojun and Fu, Qiang and Han, Shi and Zhang, Dongmei and Zhang, Yan},
  booktitle={ACM International Conference on Knowledge Discovery \& Data Mining (KDD)},
  pages={602--613},
  year={2023}
}

@misc{he2015vbpr,
  title={VBPR: Visual bayesian personalized ranking from implicit feedback}, 
  author={Ruining He and Julian McAuley},
  year={2015},
  archivePrefix={arXiv},
}

@inproceedings{he2020lightgcn,
  title={Lightgcn: Simplifying and powering graph convolution network for recommendation},
  author={He, Xiangnan and Deng, Kuan and Wang, Xiang and Li, Yan and Zhang, Yongdong and Wang, Meng},
  booktitle={ACM International Conference on Research and Development in Information Retrieval (SIGIR)},
  pages={639--648},
  year={2020}
}

@article{he2022convolutional,
  title={Convolutional neural networks on graphs with chebyshev approximation, revisited},
  author={He, Mingguo and Wei, Zhewei and Wen, Ji-Rong},
  journal={Advances in Neural Information Processing Systems},
  volume={35},
  pages={7264--7276},
  year={2022}
}

@inproceedings{huang2021kgcn,
  title={Knowledge-aware coupled graph neural network for social recommendation},
  author={Huang, Chao and Xu, Huance and Xu, Yong and Dai, Peng and Xia, Lianghao and Lu, Mengyin and Bo, Liefeng and Xing, Hao and Lai, Xiaoping and Ye, Yanfang},
  booktitle={AAAI conference on Artificial Intelligence (AAAI)},
  volume={35},
  number={5},
  pages={4115--4122},
  year={2021}
}

@inproceedings{jiang2024share,
  title={Challenging Low Homophily in Social Recommendation},
  author={Jiang, Wei and Gao, Xinyi and Xu, Guandong and Chen, Tong and Yin, Hongzhi},
  booktitle={The Web Conference (WWW)},
  pages={3476--3484},
  year={2024}
}

@article{liao2022sociallgn,
  title={SocialLGN: Light graph convolution network for social recommendation},
  author={Liao, Jie and Zhou, Wei and Luo, Fengji and Wen, Junhao and Gao, Min and Li, Xiuhua and Zeng, Jun},
  journal={Information Sciences},
  volume={589},
  pages={595--607},
  year={2022},
  publisher={Elsevier}
}

@inproceedings{lin2024gume,
  title={GUME: Graphs and User Modalities Enhancement for Long-Tail Multimodal Recommendation},
  author={Lin, Guojiao and Zhen, Meng and Wang, Dongjie and Long, Qingqing and Zhou, Yuanchun and Xiao, Meng},
  booktitle={ACM International Conference on Information and Knowledge Management (CIKM)},
  pages={1400--1409},
  year={2024}
}

@inproceedings{liu2013trustmf,
  title={Social collaborative filtering by trust},
  author={Liu, BYYLD and Liu, Jiming},
  booktitle={Proceedings of the twenty-third international joint conference on artificial intelligence, IEEE},
  year={2013}
}

@inproceedings{long2021smin,
  title={Social recommendation with self-supervised metagraph informax network},
  author={Long, Xiaoling and Huang, Chao and Xu, Yong and Xu, Huance and Dai, Peng and Xia, Lianghao and Bo, Liefeng},
  booktitle={ACM International Conference on Information \& Knowledge Management (CIKM)},
  pages={1160--1169},
  year={2021}
}

@inproceedings{ma2008sorec,
  title={Sorec: social recommendation using probabilistic matrix factorization},
  author={Ma, Hao and Yang, Haixuan and Lyu, Michael R and King, Irwin},
  booktitle={ACM International Conference on Information \& Knowledge Management (CIKM)},
  pages={931--940},
  year={2008}
}

@inproceedings{ma2011socreg,
  title={Recommender systems with social regularization},
  author={Ma, Hao and Zhou, Dengyong and Liu, Chao and Lyu, Michael R and King, Irwin},
  booktitle={ACM International Conference on Web Search and Data Mining (WSDM)},
  pages={287--296},
  year={2011}
}

@inproceedings{mao2021ultragcn,
  title={UltraGCN: ultra simplification of graph convolutional networks for recommendation},
  author={Mao, Kelong and Zhu, Jieming and Xiao, Xi and Lu, Biao and Wang, Zhaowei and He, Xiuqiang},
  booktitle={ACM International Conference on Information \& Knowledge Management (CIKM)},
  pages={1253--1262},
  year={2021}
}

@inproceedings{peng2022less,
  title={Less is more: Reweighting important spectral graph features for recommendation},
  author={Peng, Shaowen and Sugiyama, Kazunari and Mine, Tsunenori},
  booktitle={ACM International Conference on Research and Development in Information Retrieval (SIGIR)},
  pages={1273--1282},
  year={2022}
}

@inproceedings{shen2021smoothing,
  title={How powerful is graph convolution for recommendation?},
  author={Shen, Yifei and Wu, Yongji and Zhang, Yao and Shan, Caihua and Zhang, Jun and Letaief, B Khaled and Li, Dongsheng},
  booktitle={ACM International Conference on Information \& Knowledge Management (CIKM)},
  pages={1619--1629},
  year={2021}
}

@article{simonyan2014vgg,
  title={Very deep convolutional networks for large-scale image recognition},
  author={Simonyan, Karen},
  journal={arXiv preprint arXiv:1409.1556},
  year={2014}
}

@inproceedings{wang2019ngcf, 
  series={SIGIR â€™19},
  title={Neural Graph Collaborative Filtering},
  booktitle={ACM International Conference on Research and Development in Information Retrieval (SIGIR)},
  author={Wang, Xiang and He, Xiangnan and Wang, Meng and Feng, Fuli and Chua, Tat-Seng},
  year={2019},
}

@inproceedings{wang2022jacobiconv,
  title={How powerful are spectral graph neural networks},
  author={Wang, Xiyuan and Zhang, Muhan},
  booktitle={International Conference on Machine Learning (ICML)},
  pages={23341--23362},
  year={2022},
  organization={PMLR}
}

@article{wang2023dsl,
  title={Denoised self-augmented learning for social recommendation},
  author={Wang, Tianle and Xia, Lianghao and Huang, Chao},
  journal={arXiv preprint arXiv:2305.12685},
  year={2023}
}

@inproceedings{wei2019mmgcn,
  title={MMGCN: Multi-modal graph convolution network for personalized recommendation of micro-video},
  author={Wei, Yinwei and Wang, Xiang and Nie, Liqiang and He, Xiangnan and Hong, Richang and Chua, Tat-Seng},
  booktitle={ACM International Conference on Multimedia (MM)},
  pages={1437--1445},
  year={2019}
}

@inproceedings{wei2023mmssl,
  title={Multi-modal self-supervised learning for recommendation},
  author={Wei, Wei and Huang, Chao and Xia, Lianghao and Zhang, Chuxu},
  booktitle={The Web Conference (WWW)},
  pages={790--800},
  year={2023}
}

@article{wu2020diffnet++,
  title={Diffnet++: A neural influence and interest diffusion network for social recommendation},
  author={Wu, Le and Li, Junwei and Sun, Peijie and Hong, Richang and Ge, Yong and Wang, Meng},
  journal={IEEE Transactions on Knowledge and Data Engineering (TKDE)},
  volume={34},
  number={10},
  pages={4753--4766},
  year={2020},
  publisher={IEEE}
}

@article{xu2023stablegcn,
  title={StableGCN: Decoupling and Reconciling Information Propagation for Collaborative Filtering},
  author={Xu, Cong and Wang, Jun and Zhang, Wei},
  journal={IEEE Transactions on Knowledge and Data Engineering (TKDE)},
  year={2023},
  publisher={IEEE}
}

@inproceedings{xu2024stair,
  title={STAIR: Manipulating Collaborative and Multimodal Information for E-Commerce Recommendation},
  author={Xu, Cong and He, Yunhang and Wang, Jun and Zhang, Wei},
  booktitle={AAAI Conference on Artificial Intelligence (AAAI)},
  year={2024}
}

@inproceedings{yu2021mhcn,
  title={Self-supervised multi-channel hypergraph convolutional network for social recommendation},
  author={Yu, Junliang and Yin, Hongzhi and Li, Jundong and Wang, Qinyong and Hung, Nguyen Quoc Viet and Zhang, Xiangliang},
  booktitle={The Web Conference (WWW)},
  pages={413--424},
  year={2021}
}

@inproceedings{zhang2021lattice,
  title={Mining latent structures for multimedia recommendation},
  author={Zhang, Jinghao and Zhu, Yanqiao and Liu, Qiang and Wu, Shu and Wang, Shuhui and Wang, Liang},
  booktitle={ACM International Conference on Multimedia (MM)},
  pages={3872--3880},
  year={2021}
}

@inproceedings{zhou2023freedom,
  title={A tale of two graphs: Freezing and denoising graph structures for multimodal recommendation},
  author={Zhou, Xin and Shen, Zhiqi},
  booktitle={ACM International Conference on Multimedia (MM)},
  pages={935--943},
  year={2023}
}

