@inproceedings{xu2024stair,
  title={STAIR: Manipulating Collaborative and Multimodal Information for E-Commerce Recommendation},
  author={Xu, Cong and He, Yunhang and Wang, Jun and Zhang, Wei},
  booktitle={AAAI Conference on Artificial Intelligence (AAAI)},
  year={2024}
}

@techreport{arthur2006kmeans,
  title={k-means++: The advantages of careful seeding},
  author={Arthur, David and Vassilvitskii, Sergei},
  year={2006},
  institution={Stanford}
}

@article{koren2009mf,
  title={Matrix factorization techniques for recommender systems},
  author={Koren, Yehuda and Bell, Robert and Volinsky, Chris},
  journal={Computer},
  volume={42},
  number={8},
  pages={30--37},
  year={2009},
  publisher={IEEE}
}

@inproceedings{cheng2016wideanddeep,
  title={Wide \& deep learning for recommender systems},
  author={Cheng, Heng-Tze and Koc, Levent and Harmsen, Jeremiah and Shaked, Tal and Chandra, Tushar and Aradhye, Hrishi and Anderson, Glen and Corrado, Greg and Chai, Wei and Ispir, Mustafa and others},
  booktitle={Proceedings of the 1st workshop on deep learning for recommender systems},
  pages={7--10},
  year={2016}
}

@article{liao2022sociallgn,
  title={SocialLGN: Light graph convolution network for social recommendation},
  author={Liao, Jie and Zhou, Wei and Luo, Fengji and Wen, Junhao and Gao, Min and Li, Xiuhua and Zeng, Jun},
  journal={Information Sciences},
  volume={589},
  pages={595--607},
  year={2022},
  publisher={Elsevier}
}

@inproceedings{chen2019vecf,
  title={Personalized fashion recommendation with visual explanations based on multimodal attention network: Towards visually explainable recommendation},
  author={Chen, Xu and Chen, Hanxiong and Xu, Hongteng and Zhang, Yongfeng and Cao, Yixin and Qin, Zheng and Zha, Hongyuan},
  booktitle={ACM International Conference on Research and Development in Information Retrieval (SIGIR)},
  pages={765--774},
  year={2019}
}

@article{simonyan2014vgg,
  title={Very deep convolutional networks for large-scale image recognition},
  author={Simonyan, Karen},
  journal={arXiv preprint arXiv:1409.1556},
  year={2014}
}

@inproceedings{ma2008sorec,
  title={Sorec: social recommendation using probabilistic matrix factorization},
  author={Ma, Hao and Yang, Haixuan and Lyu, Michael R and King, Irwin},
  booktitle={ACM International Conference on Information \& Knowledge Management (CIKM)},
  pages={931--940},
  year={2008}
}

@inproceedings{ma2011socreg,
  title={Recommender systems with social regularization},
  author={Ma, Hao and Zhou, Dengyong and Liu, Chao and Lyu, Michael R and King, Irwin},
  booktitle={ACM International Conference on Web Search and Data Mining (WSDM)},
  pages={287--296},
  year={2011}
}

@inproceedings{liu2013trustmf,
  title={Social collaborative filtering by trust},
  author={Liu, BYYLD and Liu, Jiming},
  booktitle={Proceedings of the twenty-third international joint conference on artificial intelligence, IEEE},
  year={2013}
}

@inproceedings{fan2019graphrec,
  title={Graph neural networks for social recommendation},
  author={Fan, Wenqi and Ma, Yao and Li, Qing and He, Yuan and Zhao, Eric and Tang, Jiliang and Yin, Dawei},
  booktitle={The World Wide Web Conference (WWW)},
  pages={417--426},
  year={2019}
}

@article{wu2020diffnet++,
  title={Diffnet++: A neural influence and interest diffusion network for social recommendation},
  author={Wu, Le and Li, Junwei and Sun, Peijie and Hong, Richang and Ge, Yong and Wang, Meng},
  journal={IEEE Transactions on Knowledge and Data Engineering (TKDE)},
  volume={34},
  number={10},
  pages={4753--4766},
  year={2020},
  publisher={IEEE}
}

@inproceedings{long2021smin,
  title={Social recommendation with self-supervised metagraph informax network},
  author={Long, Xiaoling and Huang, Chao and Xu, Yong and Xu, Huance and Dai, Peng and Xia, Lianghao and Bo, Liefeng},
  booktitle={ACM International Conference on Information \& Knowledge Management (CIKM)},
  pages={1160--1169},
  year={2021}
}

@inproceedings{yu2021mhcn,
  title={Self-supervised multi-channel hypergraph convolutional network for social recommendation},
  author={Yu, Junliang and Yin, Hongzhi and Li, Jundong and Wang, Qinyong and Hung, Nguyen Quoc Viet and Zhang, Xiangliang},
  booktitle={The Web Conference (WWW)},
  pages={413--424},
  year={2021}
}

@article{wang2023dsl,
  title={Denoised self-augmented learning for social recommendation},
  author={Wang, Tianle and Xia, Lianghao and Huang, Chao},
  journal={arXiv preprint arXiv:2305.12685},
  year={2023}
}

@inproceedings{jiang2024share,
  title={Challenging Low Homophily in Social Recommendation},
  author={Jiang, Wei and Gao, Xinyi and Xu, Guandong and Chen, Tong and Yin, Hongzhi},
  booktitle={The Web Conference (WWW)},
  pages={3476--3484},
  year={2024}
}

@inproceedings{kipf2016gcn,
  title={Semi-supervised classification with graph convolutional networks},
  author={Kipf, Thomas N and Welling, Max},
  booktitle={International Conference on Learning Representations (ICLR)},
  year={2016}
}

@inproceedings{chen2019behavior,
  title={Behavior sequence transformer for e-commerce recommendation in alibaba},
  author={Chen, Qiwei and Zhao, Huan and Li, Wei and Huang, Pipei and Ou, Wenwu},
  booktitle={International Workshop on Deep Learning Practice for High-dimensional Sparse Data},
  pages={1--4},
  year={2019}
}

@inproceedings{gasteiger2018appnp,
  title={Predict then propagate: Graph neural networks meet personalized pagerank},
  author={Gasteiger, Johannes and Bojchevski, Aleksandar and G{\"u}nnemann, Stephan},
  booktitle={International Conference on Learning Representations (ICLR)},
  year={2018}
}

@inproceedings{huang2021cs,
  title={Combining label propagation and simple models out-performs graph neural networks},
  author={Huang, Qian and He, Horace and Singh, Abhay and Lim, Ser-Nam and Benson, Austin},
  booktitle={International Conference on Learning Representations (ICLR)},
  year={2021}
}

@inproceedings{el2022twhin,
  title={Twhin: Embedding the twitter heterogeneous information network for personalized recommendation},
  author={El-Kishky, Ahmed and Markovich, Thomas and Park, Serim and Verma, Chetan and Kim, Baekjin and Eskander, Ramy and Malkov, Yury and Portman, Frank and Samaniego, Sof{\'\i}a and Xiao, Ying and others},
  booktitle={International Conference on Knowledge Discovery \& Data Mining (KDD)},
  pages={2842--2850},
  year={2022}
}

@article{hoffmann2007kernel,
  title={Kernel PCA for novelty detection},
  author={Hoffmann, Heiko},
  journal={Pattern Recognition (PR)},
  volume={40},
  number={3},
  pages={863--874},
  year={2007},
}

@inproceedings{mcelfresh2022generalizability,
  title={On the generalizability and predictability of recommender systems},
  author={McElfresh, Duncan and Khandagale, Sujay and Valverde, Jonathan and Dickerson, John and White, Colin},
  booktitle={Advances in Neural Information Processing Systems (NeurIPS)},
  volume={35},
  pages={4416--4432},
  year={2022}
}

@article{su2021whitening,
  title={Whitening sentence representations for better semantics and faster retrieval},
  author={Su, Jianlin and Cao, Jiarun and Liu, Weijie and Ou, Yangyiwen},
  journal={arXiv preprint arXiv:2103.15316},
  year={2021}
}

@inproceedings{huang2021whitening,
  author       = {Junjie Huang and
                  Duyu Tang and
                  Wanjun Zhong and
                  Shuai Lu and
                  Linjun Shou and
                  Ming Gong and
                  Daxin Jiang and
                  Nan Duan},
  title        = {WhiteningBERT: An easy unsupervised sentence embedding approach},
  booktitle    = {Findings of Conference on Empirical Methods in Natural Language Processing (EMNLP)},
  pages        = {238--244},
  year         = {2021},
}

@inproceedings{rendle2012bpr,
  title={BPR: Bayesian personalized ranking from implicit feedback},
  author={Rendle, Steffen and Freudenthaler, Christoph and Gantner, Zeno and Schmidt-Thieme, Lars},
  booktitle={Uncertainty in Artificial Intelligence (UAI)},
  year={2009}
}

@inproceedings{wei2019mmgcn,
  title={MMGCN: Multi-modal graph convolution network for personalized recommendation of micro-video},
  author={Wei, Yinwei and Wang, Xiang and Nie, Liqiang and He, Xiangnan and Hong, Richang and Chua, Tat-Seng},
  booktitle={ACM International Conference on Multimedia (MM)},
  pages={1437--1445},
  year={2019}
}

@inproceedings{he2020lightgcn,
  title={Lightgcn: Simplifying and powering graph convolution network for recommendation},
  author={He, Xiangnan and Deng, Kuan and Wang, Xiang and Li, Yan and Zhang, Yongdong and Wang, Meng},
  booktitle={ACM International Conference on Research and Development in Information Retrieval (SIGIR)},
  pages={639--648},
  year={2020}
}

@inproceedings{shen2021smoothing,
  title={How powerful is graph convolution for recommendation?},
  author={Shen, Yifei and Wu, Yongji and Zhang, Yao and Shan, Caihua and Zhang, Jun and Letaief, B Khaled and Li, Dongsheng},
  booktitle={ACM International Conference on Information \& Knowledge Management (CIKM)},
  pages={1619--1629},
  year={2021}
}

@inproceedings{guo2023jgcf,
  title={On Manipulating Signals of User-Item Graph: A Jacobi Polynomial-based Graph Collaborative Filtering},
  author={Guo, Jiayan and Du, Lun and Chen, Xu and Ma, Xiaojun and Fu, Qiang and Han, Shi and Zhang, Dongmei and Zhang, Yan},
  booktitle={ACM International Conference on Knowledge Discovery \& Data Mining (KDD)},
  pages={602--613},
  year={2023}
}

@inproceedings{li2018oversmoothing,
  title={Deeper insights into graph convolutional networks for semi-supervised learning},
  author={Li, Qimai and Han, Zhichao and Wu, Xiao-Ming},
  booktitle={AAAI Conference on Artificial Intelligence (AAAI)},
  year={2018}
}

@inproceedings{hu2024forgetting,
  title={Lightweight modality adaptation to sequential recommendation via correlation supervision},
  author={Hu, Hengchang and Liu, Qijiong and Li, Chuang and Kan, Min-Yen},
  booktitle={European Conference on Information Retrieval (ECIR)},
  pages={123--139},
  year={2024},
}

@article{xu2023sevo,
  title={Graph-enhanced optimizers for structure-aware recommendation embedding evolution},
  author={Xu, Cong and Wang, Jun and Wang, Jianyong and Zhang, Wei},
  journal={arXiv preprint arXiv:2310.03032},
  year={2023}
}

@inproceedings{zhang2021lattice,
  title={Mining latent structures for multimedia recommendation},
  author={Zhang, Jinghao and Zhu, Yanqiao and Liu, Qiang and Wu, Shu and Wang, Shuhui and Wang, Liang},
  booktitle={ACM International Conference on Multimedia (MM)},
  pages={3872--3880},
  year={2021}
}

@article{wang2021dualgnn,
  title={Dualgnn: Dual graph neural network for multimedia recommendation},
  author={Wang, Qifan and Wei, Yinwei and Yin, Jianhua and Wu, Jianlong and Song, Xuemeng and Nie, Liqiang},
  journal={IEEE Transactions on Multimedia},
  volume={25},
  pages={1074--1084},
  year={2021},
  publisher={IEEE}
}

@inproceedings{zhou2023freedom,
  title={A tale of two graphs: Freezing and denoising graph structures for multimodal recommendation},
  author={Zhou, Xin and Shen, Zhiqi},
  booktitle={ACM International Conference on Multimedia (MM)},
  pages={935--943},
  year={2023}
}

@inproceedings{wei2023lightgt,
  title={Lightgt: A light graph transformer for multimedia recommendation},
  author={Wei, Yinwei and Liu, Wenqi and Liu, Fan and Wang, Xiang and Nie, Liqiang and Chua, Tat-Seng},
  booktitle={ACM International Conference on Research and Development in Information Retrieval (SIGIR)},
  pages={1508--1517},
  year={2023}
}

@inproceedings{yu2023mgcn,
  title={Multi-view graph convolutional network for multimedia recommendation},
  author={Yu, Penghang and Tan, Zhiyi and Lu, Guanming and Bao, Bing-Kun},
  booktitle={ACM International Conference on Multimedia (MM)},
  pages={6576--6585},
  year={2023}
}

@inproceedings{wei2023mmssl,
  title={Multi-modal self-supervised learning for recommendation},
  author={Wei, Wei and Huang, Chao and Xia, Lianghao and Zhang, Chuxu},
  booktitle={The Web Conference (WWW)},
  pages={790--800},
  year={2023}
}

@inproceedings{koren2008svd++,
  author = {Koren, Yehuda},
  title = {Factorization meets the neighborhood: a multifaceted collaborative filtering model},
  year = {2008},
  booktitle = {ACM International Conference on Knowledge Discovery \& Data Mining (KDD)},
  pages = {426–434},
}

@article{he2018nais,
  title={NAIS: Neural attentive item similarity model for recommendation},
  volume={30},
  number={12},
  journal={IEEE Transactions on Knowledge and Data Engineering (TKDE)},
  author={He, Xiangnan and He, Zhankui and Song, Jingkuan and Liu, Zhenguang and Jiang, Yu-Gang and Chua, Tat-Seng},
  year={2018},
  pages={2354–2366} 
}

@inproceedings{he2017ncf,
  title={Neural collaborative filtering},
  author={He, Xiangnan and Liao, Lizi and Zhang, Hanwang and Nie, Liqiang and Hu, Xia and Chua, Tat-Seng},
  booktitle={International Conference on World Wide Web (WWW)},
  pages={173--182},
  year={2017}
}

@article{chen2020emnf,
  title={Efficient neural matrix factorization without sampling for recommendation},
  author={Chen, Chong and Zhang, Min and Zhang, Yongfeng and Liu, Yiqun and Ma, Shaoping},
  journal={ACM Transactions on Information Systems (TOIS)},
  volume={38},
  number={2},
  pages={1--28},
  year={2020},
  publisher={ACM New York, NY, USA}
}

@article{berg2017graph,
  title={Graph convolutional matrix completion},
  author={Berg, Rianne van den and Kipf, Thomas N and Welling, Max},
  journal={arXiv preprint arXiv:1706.02263},
  year={2017}
}

@article{yu2021self,
  title={Self-propagation graph neural network for recommendation},
  author={Yu, Wenhui and Lin, Xiao and Liu, Jinfei and Ge, Junfeng and Ou, Wenwu and Qin, Zheng},
  journal={IEEE Transactions on Knowledge and Data Engineering (TKDE)},
  volume={34},
  number={12},
  pages={5993--6002},
  year={2021},
}

@inproceedings{yang2022hicf,
  title={Hicf: Hyperbolic informative collaborative filtering},
  author={Yang, Menglin and Li, Zhihao and Zhou, Min and Liu, Jiahong and King, Irwin},
  booktitle={ACM Conference on Knowledge Discovery \& Data Mining (KDD)},
  pages={2212--2221},
  year={2022}
}

@inproceedings{wu2019simplifying,
  title={Simplifying graph convolutional networks},
  author={Wu, Felix and Souza, Amauri and Zhang, Tianyi and Fifty, Christopher and Yu, Tao and Weinberger, Kilian},
  booktitle={International Conference on Machine Learning (ICML)},
  pages={6861--6871},
  year={2019},
}

@inproceedings{chen2017acf,
  author = {Chen, Jingyuan and Zhang, Hanwang and He, Xiangnan and Nie, Liqiang and Liu, Wei and Chua, Tat-Seng},
  title = {Attentive collaborative filtering: Multimedia recommendation with item- and component-level attention},
  year = {2017},
  booktitle = {ACM International Conference on Research and Development in Information Retrieval (SIGIR)},
  pages = {335–344},
}

@inproceedings{wang2019ngcf, 
  series={SIGIR ’19},
  title={Neural Graph Collaborative Filtering},
  booktitle={ACM International Conference on Research and Development in Information Retrieval (SIGIR)},
  author={Wang, Xiang and He, Xiangnan and Wang, Meng and Feng, Fuli and Chua, Tat-Seng},
  year={2019},
}

@misc{he2015vbpr,
  title={VBPR: Visual bayesian personalized ranking from implicit feedback}, 
  author={Ruining He and Julian McAuley},
  year={2015},
  archivePrefix={arXiv},
}

@inproceedings{he2016ups,
  title={Ups and downs: Modeling the visual evolution of fashion trends with one-class collaborative filtering},
  author={He, Ruining and McAuley, Julian},
  booktitle={International Conference on World Wide Web (WWW)},
  pages={507--517},
  year={2016}
}

@inproceedings{reimers2019sentence,
  title={Sentence-BERT: Sentence embeddings using siamese bert-networks},
  author={Reimers, Nils and Gurevych, Iryna},
  booktitle={Conference on Empirical Methods in Natural Language Processing (EMNLP)},
  year={2019}
}

@inproceedings{Zhou2023bm3, 
  title={Bootstrap latent representations for multi-modal recommendation},
  booktitle={Proceedings of the ACM Web Conference (WWW)},
  publisher={ACM},
  author={Zhou, Xin and Zhou, Hongyu and Liu, Yong and Zeng, Zhiwei and Miao, Chunyan and Wang, Pengwei and You, Yuan and Jiang, Feijun},
  year={2023},
}

@article{zhou2023mmrec,
  author = {Zhou, Xin},
  title = {MMRec: Simplifying multimodal recommendation},
  year = {2023},
  journal={arXiv preprint arXiv:2302.03497},
}

@inproceedings{ni2019justifying,
  title={Justifying recommendations using distantly-labeled reviews and fine-grained aspects},
  author={Ni, Jianmo and Li, Jiacheng and McAuley, Julian},
  booktitle={Conference on Empirical Methods in Natural Language Processing and International Joint Conference on Natural Language Processing (EMNLP-IJCNLP)},
  pages={188--197},
  year={2019}
}

@article{wang2024uncertainty,
  title={Uncertainty in graph neural networks: A survey},
  author={Wang, Fangxin and Liu, Yuqing and Liu, Kay and Wang, Yibo and Medya, Sourav and Yu, Philip S},
  journal={arXiv preprint arXiv:2403.07185},
  year={2024}
}

@inproceedings{wu2020mind,
  title={Mind: A large-scale dataset for news recommendation},
  author={Wu, Fangzhao and Qiao, Ying and Chen, Jiun-Hung and Wu, Chuhan and Qi, Tao and Lian, Jianxun and Liu, Danyang and Xie, Xing and Gao, Jianfeng and Wu, Winnie and others},
  booktitle={Annual Meeting of the Association for Computational Linguistics (ACL)},
  pages={3597--3606},
  year={2020}
}

@inproceedings{lin2024gume,
  title={GUME: Graphs and User Modalities Enhancement for Long-Tail Multimodal Recommendation},
  author={Lin, Guojiao and Zhen, Meng and Wang, Dongjie and Long, Qingqing and Zhou, Yuanchun and Xiao, Meng},
  booktitle={ACM International Conference on Information and Knowledge Management (CIKM)},
  pages={1400--1409},
  year={2024}
}

@inproceedings{chien2021gprgnn,
title={Adaptive universal generalized pagerank graph neural network},
author={Eli Chien and Jianhao Peng and Pan Li and Olgica Milenkovic},
booktitle={International Conference on Learning Representations (ICLR)},
year={2021},
}

@inproceedings{guo2023favard,
  title={Graph neural networks with learnable and optimal polynomial bases},
  author={Guo, Yuhe and Wei, Zhewei},
  booktitle={International Conference on Machine Learning (ICML)},
  pages={12077--12097},
  year={2023},
}

@Conference{tang2012ciao1,
  title={m{T}rust: {D}iscerning multi-faceted trust in a connected world},
  author={Tang, J. and Gao, H. and Liu, H.},
  booktitle={ACM International Conference on Web Search and Data Mining (WSDM)},
  pages={93--102},
  year={2012},
  organization={ACM}
}

@Confernce{tang2012ciao2,
  title={e{T}rust: {U}nderstanding trust evolution in an online world},
  author={Tang, J.and Gao, H. and Liu, H.  and Das Sarma, A.},
  booktitle={ACM International Conference on Knowledge Discovery and Data Mining (KDD)},
  pages={253--261},
  year={2012},
  organization={ACM}
}

@inproceedings{cantador2011lastfm,
  author = {Cantador, Iv\'{a}n and Brusilovsky, Peter and Kuflik, Tsvi},
  title = {2nd Workshop on Information Heterogeneity and Fusion in Recommender Systems (HetRec 2011)},
  booktitle = {ACM Conference on Recommender Systems (RecSys)},
  series = {RecSys 2011},
  year = {2011},
}

@article{defferrard2016chebynet,
  title={Convolutional neural networks on graphs with fast localized spectral filtering},
  author={Defferrard, Micha{\"e}l and Bresson, Xavier and Vandergheynst, Pierre},
  journal={Advances in Neural Information Processing Systems (NeurIPS)},
  volume={29},
  year={2016}
}

@inproceedings{wang2022jacobiconv,
  title={How powerful are spectral graph neural networks},
  author={Wang, Xiyuan and Zhang, Muhan},
  booktitle={International Conference on Machine Learning (ICML)},
  pages={23341--23362},
  year={2022},
  organization={PMLR}
}

@inproceedings{mao2021ultragcn,
  title={UltraGCN: ultra simplification of graph convolutional networks for recommendation},
  author={Mao, Kelong and Zhu, Jieming and Xiao, Xi and Lu, Biao and Wang, Zhaowei and He, Xiuqiang},
  booktitle={ACM International Conference on Information \& Knowledge Management (CIKM)},
  pages={1253--1262},
  year={2021}
}

@inproceedings{peng2022less,
  title={Less is more: Reweighting important spectral graph features for recommendation},
  author={Peng, Shaowen and Sugiyama, Kazunari and Mine, Tsunenori},
  booktitle={ACM International Conference on Research and Development in Information Retrieval (SIGIR)},
  pages={1273--1282},
  year={2022}
}

@inproceedings{choi2023blurring,
  title={Blurring-sharpening process models for collaborative filtering},
  author={Choi, Jeongwhan and Hong, Seoyoung and Park, Noseong and Cho, Sung-Bae},
  booktitle={ACM International Conference on Research and Development in Information Retrieval (SIGIR)},
  pages={1096--1106},
  year={2023}
}

@article{he2022convolutional,
  title={Convolutional neural networks on graphs with chebyshev approximation, revisited},
  author={He, Mingguo and Wei, Zhewei and Wen, Ji-Rong},
  journal={Advances in Neural Information Processing Systems},
  volume={35},
  pages={7264--7276},
  year={2022}
}

@article{xu2023stablegcn,
  title={StableGCN: Decoupling and Reconciling Information Propagation for Collaborative Filtering},
  author={Xu, Cong and Wang, Jun and Zhang, Wei},
  journal={IEEE Transactions on Knowledge and Data Engineering (TKDE)},
  year={2023},
  publisher={IEEE}
}

@inproceedings{huang2021kgcn,
  title={Knowledge-aware coupled graph neural network for social recommendation},
  author={Huang, Chao and Xu, Huance and Xu, Yong and Dai, Peng and Xia, Lianghao and Lu, Mengyin and Bo, Liefeng and Xing, Hao and Lai, Xiaoping and Ye, Yanfang},
  booktitle={AAAI conference on Artificial Intelligence (AAAI)},
  volume={35},
  number={5},
  pages={4115--4122},
  year={2021}
}

@article{li2019both,
  title={On both cold-start and long-tail recommendation with social data},
  author={Li, Jingjing and Lu, Ke and Huang, Zi and Shen, Heng Tao},
  journal={IEEE Transactions on Knowledge and Data Engineering (TKDE)},
  volume={33},
  number={1},
  pages={194--208},
  year={2019},
  publisher={IEEE}
}

@inproceedings{gilmer2017neural,
  title={Neural message passing for quantum chemistry},
  author={Gilmer, Justin and Schoenholz, Samuel S and Riley, Patrick F and Vinyals, Oriol and Dahl, George E},
  booktitle={International Conference on Machine Learning (ICML)},
  pages={1263--1272},
  year={2017},
  organization={PMLR}
}

@inproceedings{kipf2017gcn,
  title = {Semi-{{supervised classification}} with {{graph convolutional networks}}},
  author = {Kipf, Thomas N. and Welling, Max},
  booktitle = {International Conference on Learning Representations (ICLR)},
  year = 2017
}

@article{spielman2019spectral,
  title={Spectral and algebraic graph theory},
  author={Spielman, Daniel},
  journal={Yale lecture notes, draft of December},
  volume={4},
  pages={47},
  year={2019}
}

@inproceedings{zhu2024exploring,
  title={Exploring Feature-based Knowledge Distillation For Recommender System: A Frequency Perspective},
  author={Zhu, Zhangchi and Zhang, Wei},
  booktitle={International Conference on Knowledge Discovery \& Data Mining (KDD)},
  year={2024}
}

@article{kingma2014adam,
  title={Adam: A method for stochastic optimization},
  author={Kingma, Diederik P},
  journal={arXiv preprint arXiv:1412.6980},
  year={2014}
}