@article{ramesh2022hierarchical,
  title={Hierarchical Text-Conditional Image Generation with CLIP Latents},
  author={Ramesh, Aditya and Dhariwal, Prafulla and Nichol, Alex and Chu, Casey and Chen, Mark},
  journal={arXiv preprint arXiv:2204.06125},
  year={2022}
}

@inproceedings{rombach2022high,
  title={High-resolution image synthesis with latent diffusion models},
  author={Rombach, Robin and Blattmann, Andreas and Lorenz, Dominik and Esser, Patrick and Ommer, Bj{\"o}rn},
  booktitle={Proceedings of the IEEE/CVF conference on computer vision and pattern recognition},
  pages={10684--10695},
  year={2022}
}

@inproceedings{ruiz2023dreambooth,
  title={Dreambooth: Fine tuning text-to-image diffusion models for subject-driven generation},
  author={Ruiz, Nataniel and Li, Yuanzhen and Jampani, Varun and Pritch, Yael and Rubinstein, Michael and Aberman, Kfir},
  booktitle={Proceedings of the IEEE/CVF conference on computer vision and pattern recognition},
  pages={22500--22510},
  year={2023}
}

@inproceedings{reed2016generative,
  title={Generative adversarial text to image synthesis},
  author={Reed, Scott and Akata, Zeynep and Yan, Xinchen and Logeswaran, Lajanugen and Schiele, Bernt and Lee, Honglak},
  booktitle={International conference on machine learning},
  pages={1060--1069},
  year={2016},
  organization={PMLR}
}

@inproceedings{brooks2023instructpix2pix,
  title={Instructpix2pix: Learning to follow image editing instructions},
  author={Brooks, Tim and Holynski, Aleksander and Efros, Alexei A},
  booktitle={Proceedings of the IEEE/CVF Conference on Computer Vision and Pattern Recognition},
  pages={18392--18402},
  year={2023}
}

@inproceedings{kwon2022clipstyler,
  title={Clipstyler: Image style transfer with a single text condition},
  author={Kwon, Gihyun and Ye, Jong Chul},
  booktitle={Proceedings of the IEEE/CVF Conference on Computer Vision and Pattern Recognition},
  pages={18062--18071},
  year={2022}
}

@inproceedings{yun2024cic,
  title     = {CIC: A Framework for Culturally-Aware Image Captioning},
  author    = {Yun, Youngsik and Kim, Jihie},
  booktitle = {Proceedings of the Thirty-Third International Joint Conference on
               Artificial Intelligence, {IJCAI-24}},
  publisher = {International Joint Conferences on Artificial Intelligence Organization},
  editor    = {Kate Larson},
  pages     = {1625--1633},
  year      = {2024},
  month     = {8},
  note      = {Main Track},
  doi       = {10.24963/ijcai.2024/180},
  url       = {https://doi.org/10.24963/ijcai.2024/180},
}


@article{birhane2023hate,
  title={On hate scaling laws for data-swamps},
  author={Birhane, Abeba and Prabhu, Vinay and Han, Sang and Boddeti, Vishnu Naresh},
  journal={arXiv preprint arXiv:2306.13141},
  year={2023}
}

@article{luccioni2024stable,
  title={Stable bias: Evaluating societal representations in diffusion models},
  author={Luccioni, Sasha and Akiki, Christopher and Mitchell, Margaret and Jernite, Yacine},
  journal={Advances in Neural Information Processing Systems},
  volume={36},
  year={2024}
}

@article{castaneda2018power,
  title={The power of (mis) representation: Why racial and ethnic stereotypes in the media matter},
  author={Casta{\~n}eda, Mari},
  journal={Challenging inequalities: Readings in race, ethnicity, and immigration},
  year={2018}
}

@inproceedings{basu2023inspecting,
  title={Inspecting the geographical representativeness of images from text-to-image models},
  author={Basu, Abhipsa and Babu, R Venkatesh and Pruthi, Danish},
  booktitle={Proceedings of the IEEE/CVF International Conference on Computer Vision},
  pages={5136--5147},
  year={2023}
}

@article{taylor1961culture,
  title={Culture capsules},
  author={Taylor, H Darrel and Sorensen, John L},
  journal={The Modern Language Journal},
  volume={45},
  number={8},
  pages={350--354},
  year={1961},
  publisher={JSTOR}
}

@article{dubey2024llama,
  title={The llama 3 herd of models},
  author={Dubey, Abhimanyu and Jauhri, Abhinav and Pandey, Abhinav and Kadian, Abhishek and Al-Dahle, Ahmad and Letman, Aiesha and Mathur, Akhil and Schelten, Alan and Yang, Amy and Fan, Angela and others},
  journal={arXiv preprint arXiv:2407.21783},
  year={2024}
}

@inproceedings{cho2023dall,
  title={Dall-eval: Probing the reasoning skills and social biases of text-to-image generation models},
  author={Cho, Jaemin and Zala, Abhay and Bansal, Mohit},
  booktitle={Proceedings of the IEEE/CVF International Conference on Computer Vision},
  pages={3043--3054},
  year={2023}
}

@article{friedrich2023fair,
  title={Fair diffusion: Instructing text-to-image generation models on fairness},
  author={Friedrich, Felix and Brack, Manuel and Struppek, Lukas and Hintersdorf, Dominik and Schramowski, Patrick and Luccioni, Sasha and Kersting, Kristian},
  journal={arXiv preprint arXiv:2302.10893},
  year={2023}
}

@inproceedings{liu2024scoft,
  title={SCoFT: Self-Contrastive Fine-Tuning for Equitable Image Generation},
  author={Liu, Zhixuan and Schaldenbrand, Peter and Okogwu, Beverley-Claire and Peng, Wenxuan and Yun, Youngsik and Hundt, Andrew and Kim, Jihie and Oh, Jean},
  booktitle={Proceedings of the IEEE/CVF Conference on Computer Vision and Pattern Recognition},
  pages={10822--10832},
  year={2024}
}

@article{kannen2024beyond,
  title={Beyond Aesthetics: Cultural Competence in Text-to-Image Models},
  author={Kannen, Nithish and Ahmad, Arif and Andreetto, Marco and Prabhakaran, Vinodkumar and Prabhu, Utsav and Dieng, Adji Bousso and Bhattacharyya, Pushpak and Dave, Shachi},
  journal={arXiv preprint arXiv:2407.06863},
  year={2024}
}

@article{bansal2022well,
  title={How well can text-to-image generative models understand ethical natural language interventions?},
  author={Bansal, Hritik and Yin, Da and Monajatipoor, Masoud and Chang, Kai-Wei},
  journal={arXiv preprint arXiv:2210.15230},
  year={2022}
}

@article{oppenlaender2023taxonomy,
  title={A taxonomy of prompt modifiers for text-to-image generation},
  author={Oppenlaender, Jonas},
  journal={Behaviour \& Information Technology},
  pages={1--14},
  year={2023},
  publisher={Taylor \& Francis}
}

@inproceedings{liu2022design,
  title={Design guidelines for prompt engineering text-to-image generative models},
  author={Liu, Vivian and Chilton, Lydia B},
  booktitle={Proceedings of the 2022 CHI conference on human factors in computing systems},
  pages={1--23},
  year={2022}
}

@inproceedings{brade2023promptify,
  title={Promptify: Text-to-image generation through interactive prompt exploration with large language models},
  author={Brade, Stephen and Wang, Bryan and Sousa, Mauricio and Oore, Sageev and Grossman, Tovi},
  booktitle={Proceedings of the 36th Annual ACM Symposium on User Interface Software and Technology},
  pages={1--14},
  year={2023}
}

@article{wen2024hard,
  title={Hard prompts made easy: Gradient-based discrete optimization for prompt tuning and discovery},
  author={Wen, Yuxin and Jain, Neel and Kirchenbauer, John and Goldblum, Micah and Geiping, Jonas and Goldstein, Tom},
  journal={Advances in Neural Information Processing Systems},
  volume={36},
  year={2024}
}

@inproceedings{yao2024promptcot,
  title={PromptCoT: Align Prompt Distribution via Adapted Chain-of-Thought},
  author={Yao, Junyi and Liu, Yijiang and Dong, Zhen and Guo, Mingfei and Hu, Helan and Keutzer, Kurt and Du, Li and Zhou, Daquan and Zhang, Shanghang},
  booktitle={Proceedings of the IEEE/CVF Conference on Computer Vision and Pattern Recognition},
  pages={7027--7037},
  year={2024}
}

@article{schick2022peer,
  title={Peer: A collaborative language model},
  author={Schick, Timo and Dwivedi-Yu, Jane and Jiang, Zhengbao and Petroni, Fabio and Lewis, Patrick and Izacard, Gautier and You, Qingfei and Nalmpantis, Christoforos and Grave, Edouard and Riedel, Sebastian},
  journal={arXiv preprint arXiv:2208.11663},
  year={2022}
}

@article{saunders2022self,
  title={Self-critiquing models for assisting human evaluators},
  author={Saunders, William and Yeh, Catherine and Wu, Jeff and Bills, Steven and Ouyang, Long and Ward, Jonathan and Leike, Jan},
  journal={arXiv preprint arXiv:2206.05802},
  year={2022}
}

@article{peng2023check,
  title={Check your facts and try again: Improving large language models with external knowledge and automated feedback},
  author={Peng, Baolin and Galley, Michel and He, Pengcheng and Cheng, Hao and Xie, Yujia and Hu, Yu and Huang, Qiuyuan and Liden, Lars and Yu, Zhou and Chen, Weizhu and others},
  journal={arXiv preprint arXiv:2302.12813},
  year={2023}
}

@article{yang2022re3,
  title={Re3: Generating longer stories with recursive reprompting and revision},
  author={Yang, Kevin and Tian, Yuandong and Peng, Nanyun and Klein, Dan},
  journal={arXiv preprint arXiv:2210.06774},
  year={2022}
}

@article{madaan2024self,
  title={Self-refine: Iterative refinement with self-feedback},
  author={Madaan, Aman and Tandon, Niket and Gupta, Prakhar and Hallinan, Skyler and Gao, Luyu and Wiegreffe, Sarah and Alon, Uri and Dziri, Nouha and Prabhumoye, Shrimai and Yang, Yiming and others},
  journal={Advances in Neural Information Processing Systems},
  volume={36},
  year={2024}
}

@INPROCEEDINGS{5596999,
  author={Hor√©, Alain and Ziou, Djemel},
  booktitle={2010 20th International Conference on Pattern Recognition}, 
  title={Image Quality Metrics: PSNR vs. SSIM}, 
  year={2010},
  volume={},
  number={},
  pages={2366-2369},
  keywords={PSNR;Degradation;Image quality;Additives;Transform coding;Sensitivity;Image coding;PSNR;SSIM;image quality metrics},
  doi={10.1109/ICPR.2010.579}
}

@article{huynh2008scope,
  title={Scope of validity of PSNR in image/video quality assessment},
  author={Huynh-Thu, Quan and Ghanbari, Mohammed},
  journal={Electronics letters},
  volume={44},
  number={13},
  pages={800--801},
  year={2008},
  publisher={IET}
}

@InProceedings{Rombach_2022_CVPR,
    author    = {Rombach, Robin and Blattmann, Andreas and Lorenz, Dominik and Esser, Patrick and Ommer, Bj\"orn},
    title     = {High-Resolution Image Synthesis With Latent Diffusion Models},
    booktitle = {Proceedings of the IEEE/CVF Conference on Computer Vision and Pattern Recognition (CVPR)},
    month     = {June},
    year      = {2022},
    pages     = {10684-10695}
}

@article{ma2020adversarial,
  title={Adversarial crowdsourcing through robust rank-one matrix completion},
  author={Ma, Qianqian and Olshevsky, Alex},
  journal={Advances in Neural Information Processing Systems},
  volume={33},
  pages={21841--21852},
  year={2020}
}

@article{majdi2023crowd,
  title={Crowd-Certain: Label Aggregation in Crowdsourced and Ensemble Learning Classification},
  author={Majdi, Mohammad S and Rodriguez, Jeffrey J},
  journal={arXiv preprint arXiv:2310.16293},
  year={2023}
}

@article{ustalov2021learning,
  title={Learning from Crowds with Crowd-Kit},
  author={Ustalov, Dmitry and Pavlichenko, Nikita and Tseitlin, Boris},
  journal={arXiv preprint arXiv:2109.08584},
  year={2021}
}

@article{ku2023viescore,
  title={Viescore: Towards explainable metrics for conditional image synthesis evaluation},
  author={Ku, Max and Jiang, Dongfu and Wei, Cong and Yue, Xiang and Chen, Wenhu},
  journal={arXiv preprint arXiv:2312.14867},
  year={2023}
}

@article{schuhmann2022laion,
  title={Laion-5b: An open large-scale dataset for training next generation image-text models},
  author={Schuhmann, Christoph and Beaumont, Romain and Vencu, Richard and Gordon, Cade and Wightman, Ross and Cherti, Mehdi and Coombes, Theo and Katta, Aarush and Mullis, Clayton and Wortsman, Mitchell and others},
  journal={Advances in Neural Information Processing Systems},
  volume={35},
  pages={25278--25294},
  year={2022}
}

@article{miquel2018wikipedia,
  title={Wikipedia culture gap: quantifying content imbalances across 40 language editions},
  author={Miquel-Rib{\'e}, Marc and Laniado, David},
  journal={Frontiers in physics},
  volume={6},
  pages={54},
  year={2018},
  publisher={Frontiers Media SA}
}

@article{baeza2018bias,
  title={Bias on the web},
  author={Baeza-Yates, Ricardo},
  journal={Communications of the ACM},
  volume={61},
  number={6},
  pages={54--61},
  year={2018},
  publisher={ACM New York, NY, USA}
}