@inproceedings{10.1007/978-3-031-08473-7_9,
    address = {Cham},
    author = {M\"{u}ller, Thomas and P\'{e}rez-Torr\'{o}, Guillermo and Basile, Angelo and Franco-Salvador, Marc},
    booktitle = {Natural Language Processing and Information Systems; 27th International Conference on Applications of Natural Language to Information Systems, NLDB 2022, Valencia, Spain, June 15--17, 2022, Proceedings},
    doi = {10.1007/978-3-031-08473-7_9},
    editor = {Rosso, Paolo
               and Basile, Valerio
               and Mart{\'i}nez, Raquel
               and M{\'e}tais, Elisabeth
               and Meziane, Farid},
    eventdate = {June 15--17, 2022},
    isbn = {978-3-031-08473-7},
    numpages = {13},
    pages = {98--110},
    publisher = {Springer International Publishing},
    shorttile = {NLDB 2022},
    title = {Active Few-Shot Learning with {FASL}},
    url = {https://doi.org/10.1007/978-3-031-08473-7_9},
    venue = {Valencia, Spain},
    year = {2022},
}

@inproceedings{10.1007/978-3-540-24775-3_46,
    address = {Berlin, Heidelberg},
    author = {Kang, Jaeho
               and Ryu, Kwang Ryel
               and Kwon, Hyuk-Chul},
    booktitle = {Advances in Knowledge Discovery and Data Mining},
    doi = {10.1007/978-3-540-24775-3_46},
    editor = {Dai, Honghua
               and Srikant, Ramakrishnan
               and Zhang, Chengqi},
    isbn = {978-3-540-24775-3},
    pages = {384--388},
    publisher = {Springer Berlin Heidelberg},
    title = {Using Cluster-Based Sampling to Select Initial Training Set for Active Learning in Text Classification},
    year = {2004},
}

@inproceedings{10.1145/1015330.1015349,
    address = {New York, NY, USA},
    author = {Nguyen, Hieu T. and Smeulders, Arnold},
    booktitle = {Proceedings of the Twenty-First International Conference on Machine Learning},
    doi = {10.1145/1015330.1015349},
    isbn = {1581138385},
    location = {Banff, Alberta, Canada},
    pages = {79},
    publisher = {Association for Computing Machinery},
    series = {ICML '04},
    title = {Active learning using pre-clustering},
    url = {https://doi.org/10.1145/1015330.1015349},
    year = {2004},
}

@inproceedings{10.1145/1183614.1183709,
    address = {New York, NY, USA},
    author = {Sch\"{u}tze, Hinrich and Velipasaoglu, Emre and Pedersen, Jan O.},
    booktitle = {Proceedings of the 15th ACM International Conference on Information and Knowledge Management},
    doi = {10.1145/1183614.1183709},
    isbn = {1595934332},
    location = {Arlington, Virginia, USA},
    numpages = {10},
    pages = {662--671},
    publisher = {Association for Computing Machinery},
    series = {CIKM '06},
    title = {Performance Thresholding in Practical Text Classification},
    year = {2006},
}

@article{8443399,
    author = {Yu, Hualong and Yang, Xibei and Zheng, Shang and Sun, Changyin},
    doi = {10.1109/TNNLS.2018.2855446},
    journal = {IEEE Transactions on Neural Networks and Learning Systems},
    number = {4},
    pages = {1088--1103},
    title = {Active Learning From Imbalanced Data: A Solution of Online Weighted Extreme Learning Machine},
    volume = {30},
    year = {2019},
}

@article{agarwal2021addressing,
    archiveprefix = {arXiv},
    author = {Agarwal, Deepesh and Srivastava, Pravesh and {Martin-del-Campo}, Sergio and Natarajan, Balasubramaniam and Srinivasan, Babji},
    eprint = {2110.03785v1},
    journal = {arXiv preprint arXiv:2110.03785v1},
    title = {Addressing practical challenges in active learning via a hybrid query strategy},
    year = {2021},
}

@inproceedings{chang-etal-2021-training,
    address = {Online},
    author = {Chang, Ernie  and
               Shen, Xiaoyu  and
               Yeh, Hui-Syuan  and
               Demberg, Vera},
    booktitle = {Proceedings of the 59th Annual Meeting of the Association for Computational Linguistics and the 11th International Joint Conference on Natural Language Processing (Volume 2: Short Papers)},
    doi = {10.18653/v1/2021.acl-short.2},
    editor = {Zong, Chengqing  and
               Xia, Fei  and
               Li, Wenjie  and
               Navigli, Roberto},
    month = {8},
    pages = {8--13},
    publisher = {Association for Computational Linguistics},
    title = {On Training Instance Selection for Few-Shot Neural Text Generation},
    url = {https://aclanthology.org/2021.acl-short.2},
    year = {2021},
}

@inproceedings{dasgupta-ng-2009-mine,
    address = {Suntec, Singapore},
    author = {Dasgupta, Sajib  and
               Ng, Vincent},
    booktitle = {Proceedings of the Joint Conference of the 47th Annual Meeting of the {ACL} and the 4th International Joint Conference on Natural Language Processing of the {AFNLP}},
    editor = {Su, Keh-Yih  and
               Su, Jian  and
               Wiebe, Janyce  and
               Li, Haizhou},
    month = {8},
    pages = {701--709},
    publisher = {Association for Computational Linguistics},
    title = {Mine the Easy, Classify the Hard: A Semi-Supervised Approach to Automatic Sentiment Classification},
    url = {https://aclanthology.org/P09-1079},
    year = {2009},
}

@inproceedings{dligach-palmer-2011-good,
    address = {Portland, Oregon, USA},
    author = {Dligach, Dmitriy  and
               Palmer, Martha},
    booktitle = {Proceedings of the 49th Annual Meeting of the Association for Computational Linguistics: Human Language Technologies},
    editor = {Lin, Dekang  and
               Matsumoto, Yuji  and
               Mihalcea, Rada},
    month = {6},
    pages = {6--10},
    publisher = {Association for Computational Linguistics},
    title = {Good Seed Makes a Good Crop: Accelerating Active Learning Using Language Modeling},
    url = {https://aclanthology.org/P11-2002},
    year = {2011},
}

@inproceedings{hu2010off,
    author = {Rong Hu and
               Brian Mac Namee and
               Sarah Jane Delany},
    bibsource = {dblp computer science bibliography, https://dblp.org},
    biburl = {https://dblp.org/rec/conf/flairs/HuND10.bib},
    booktitle = {Proceedings of the Twenty-Third International Florida Artificial Intelligence
               Research Society Conference, May 19--21, 2010, Daytona Beach, Florida,
               {USA}},
    editor = {Hans W. Guesgen and
               R. Charles Murray},
    publisher = {{AAAI} Press},
    timestamp = {Wed, 26 Oct 2022 08:35:20 +0200},
    title = {Off to a Good Start: Using Clustering to Select the Initial Training
               Set in Active Learning},
    url = {http://www.aaai.org/ocs/index.php/FLAIRS/2010/paper/view/1305},
    year = {2010},
}

@article{jiang-etal-2021-know,
    address = {Cambridge, MA},
    author = {Jiang, Zhengbao  and
               Araki, Jun  and
               Ding, Haibo  and
               Neubig, Graham},
    doi = {10.1162/tacl_a_00407},
    editor = {Roark, Brian  and
               Nenkova, Ani},
    journal = {Transactions of the Association for Computational Linguistics},
    pages = {962--977},
    publisher = {MIT Press},
    title = {How Can We Know When Language Models Know? {O}n the Calibration of Language Models for Question Answering},
    url = {https://aclanthology.org/2021.tacl-1.57},
    volume = {9},
    year = {2021},
}

@inproceedings{marcheggiani-artieres-2014-experimental,
    address = {Doha, Qatar},
    author = {Marcheggiani, Diego  and
               Arti{\`e}res, Thierry},
    booktitle = {Proceedings of the 2014 Conference on Empirical Methods in Natural Language Processing ({EMNLP})},
    doi = {10.3115/v1/D14-1097},
    editor = {Moschitti, Alessandro  and
               Pang, Bo  and
               Daelemans, Walter},
    month = {10},
    pages = {898--906},
    publisher = {Association for Computational Linguistics},
    title = {An Experimental Comparison of Active Learning Strategies for Partially Labeled Sequences},
    url = {https://aclanthology.org/D14-1097},
    year = {2014},
}

@conference{ova-unc,
    author = {Padhy,  Shreyas and Nado,  Zachary and Ren,  Jie and Liu,  Jeremiah and Snoek,  Jasper and Lakshminarayanan,  Balaji},
    booktitle = {ICML 2020 Workshop on Uncertainty and Robustness in Deep Learning},
    copyright = {2020},
    title = {Revisiting One-vs-All Classifiers for Predictive Uncertainty and Out-of-Distribution Detection in Neural Networks},
    url = {https://www.gatsby.ucl.ac.uk/~balaji/udl2020/accepted-papers/UDL2020-paper-040.pdf},
    year = {2020},
}

@inproceedings{park-caragea-2022-calibration,
    address = {Dublin, Ireland},
    author = {Park, Seo Yeon  and
               Caragea, Cornelia},
    booktitle = {Proceedings of the 60th Annual Meeting of the Association for Computational Linguistics (Volume 1: Long Papers)},
    doi = {10.18653/v1/2022.acl-long.368},
    editor = {Muresan, Smaranda  and
               Nakov, Preslav  and
               Villavicencio, Aline},
    month = {5},
    pages = {5364--5374},
    publisher = {Association for Computational Linguistics},
    title = {On the Calibration of Pre-trained Language Models using Mixup Guided by Area Under the Margin and Saliency},
    url = {https://aclanthology.org/2022.acl-long.368},
    year = {2022},
}

@inproceedings{pmlr-v162-hacohen22a,
    author = {Hacohen, Guy and Dekel, Avihu and Weinshall, Daphna},
    booktitle = {Proceedings of the 39th International Conference on Machine Learning},
    editor = {Chaudhuri, Kamalika and Jegelka, Stefanie and Song, Le and Szepesvari, Csaba and Niu, Gang and Sabato, Sivan},
    month = {17--23 Jul},
    pages = {8175--8195},
    pdf = {https://proceedings.mlr.press/v162/hacohen22a/hacohen22a.pdf},
    publisher = {PMLR},
    series = {Proceedings of Machine Learning Research},
    title = {Active Learning on a Budget: Opposite Strategies Suit High and Low Budgets},
    url = {https://proceedings.mlr.press/v162/hacohen22a.html},
    volume = {162},
    year = {2022},
}

@inproceedings{sener2018active,
    author = {Ozan Sener and
               Silvio Savarese},
    booktitle = {6th International Conference on Learning Representations, {ICLR} 2018,
               Vancouver, BC, Canada, April 30 -- May 3, 2018, Conference Track Proceedings},
    publisher = {OpenReview.net},
    title = {Active Learning for Convolutional Neural Networks: {A} Core-Set Approach},
    url = {https://openreview.net/forum?id=H1aIuk-RW},
    year = {2018},
}

@techreport{settles.tr09,
    author = {Burr Settles},
    institution = {University of Wisconsin--Madison},
    number = {1648},
    title = {Active Learning Literature Survey},
    type = {Computer Sciences Technical Report},
    url = {https://research.cs.wisc.edu/techreports/2009/TR1648.pdf},
    year = {2009},
}

@inproceedings{su2023selective,
    author = {Hongjin Su and Jungo Kasai and Chen Henry Wu and Weijia Shi and Tianlu Wang and Jiayi Xin and Rui Zhang and Mari Ostendorf and Luke Zettlemoyer and Noah A. Smith and Tao Yu},
    booktitle = {The Eleventh International Conference on Learning Representations,
               {ICLR} 2023, Kigali, Rwanda, May 1--5, 2023},
    publisher = {OpenReview.net},
    title = {Selective Annotation Makes Language Models Better Few-Shot Learners},
    url = {https://openreview.net/forum?id=qY1hlv7gwg},
    venue = {Kigali, Rwanda},
    year = {2023},
}

@inproceedings{tomanek-etal-2009-proper,
    address = {Boulder, Colorado},
    author = {Tomanek, Katrin  and
               Laws, Florian  and
               Hahn, Udo  and
               Sch{\"u}tze, Hinrich},
    booktitle = {Proceedings of the {NAACL} {HLT} 2009 Workshop on Active Learning for Natural Language Processing},
    editor = {Ringger, Eric  and
               Haertel, Robbie  and
               Tomanek, Katrin},
    month = {6},
    pages = {9--17},
    publisher = {Association for Computational Linguistics},
    title = {On Proper Unit Selection in Active Learning: Co-Selection Effects for Named Entity Recognition},
    url = {https://aclanthology.org/W09-1902},
    year = {2009},
}

@article{wang2023calibration,
    archiveprefix = {arXiv},
    author = {Wang, Cheng},
    eprint = {2308.01222v2},
    journal = {arXiv preprint arXiv:2308.01222v2},
    title = {Calibration in deep learning: A survey of the state-of-the-art},
    year = {2024},
}

@inproceedings{yu-etal-2023-cold,
    address = {Toronto, Canada},
    author = {Yu, Yue  and
               Zhang, Rongzhi  and
               Xu, Ran  and
               Zhang, Jieyu  and
               Shen, Jiaming  and
               Zhang, Chao},
    booktitle = {Proceedings of the 61st Annual Meeting of the Association for Computational Linguistics (Volume 1: Long Papers)},
    doi = {10.18653/v1/2023.acl-long.141},
    editor = {Rogers, Anna  and
               Boyd-Graber, Jordan  and
               Okazaki, Naoaki},
    month = {7},
    pages = {2499--2521},
    publisher = {Association for Computational Linguistics},
    title = {Cold-Start Data Selection for Better Few-shot Language Model Fine-tuning: A Prompt-based Uncertainty Propagation Approach},
    url = {https://aclanthology.org/2023.acl-long.141},
    year = {2023},
}

@inproceedings{yuan-etal-2020-cold,
    address = {Online},
    author = {Yuan, Michelle  and
               Lin, Hsuan-Tien  and
               Boyd-Graber, Jordan},
    booktitle = {Proceedings of the 2020 Conference on Empirical Methods in Natural Language Processing (EMNLP)},
    doi = {10.18653/v1/2020.emnlp-main.637},
    editor = {Webber, Bonnie  and
               Cohn, Trevor  and
               He, Yulan  and
               Liu, Yang},
    month = {11},
    pages = {7935--7948},
    publisher = {Association for Computational Linguistics},
    title = {Cold-start Active Learning through Self-supervised Language Modeling},
    url = {https://aclanthology.org/2020.emnlp-main.637},
    year = {2020},
}

@inproceedings{zhang-etal-2022-survey,
    address = {Abu Dhabi, United Arab Emirates},
    author = {Zhang, Zhisong  and
               Strubell, Emma  and
               Hovy, Eduard},
    booktitle = {Proceedings of the 2022 Conference on Empirical Methods in Natural Language Processing},
    doi = {10.18653/v1/2022.emnlp-main.414},
    editor = {Goldberg, Yoav  and
               Kozareva, Zornitsa  and
               Zhang, Yue},
    month = {12},
    pages = {6166--6190},
    publisher = {Association for Computational Linguistics},
    title = {A Survey of Active Learning for Natural Language Processing},
    url = {https://aclanthology.org/2022.emnlp-main.414},
    year = {2022},
}

@inproceedings{zhu-etal-2008-active,
    address = {Manchester, UK},
    author = {Zhu, Jingbo  and
               Wang, Huizhen  and
               Yao, Tianshun  and
               Tsou, Benjamin K.},
    booktitle = {Proceedings of the 22nd International Conference on Computational Linguistics (Coling 2008)},
    editor = {Scott, Donia  and
               Uszkoreit, Hans},
    month = {8},
    pages = {1137--1144},
    publisher = {Coling 2008 Organizing Committee},
    title = {Active Learning with Sampling by Uncertainty and Density for Word Sense Disambiguation and Text Classification},
    url = {https://aclanthology.org/C08-1143},
    year = {2008},
}

