@inproceedings{langley00,
 author    = {P. Langley},
 title     = {Crafting Papers on Machine Learning},
 year      = {2000},
 pages     = {1207--1216},
 editor    = {Pat Langley},
 booktitle     = {Proceedings of the 17th International Conference
              on Machine Learning (ICML 2000)},
 address   = {Stanford, CA},
 publisher = {Morgan Kaufmann}
}

@book{hahn1983international,
  title={International tables for crystallography},
  author={Hahn, Theo and Shmueli, Uri and Arthur, JC Wilson},
  volume={1},
  year={1983},
  publisher={Reidel Dordrecht}
}

@book{nye1985physical,
  title={Physical properties of crystals: their representation by tensors and matrices},
  author={Nye, John Frederick},
  year={1985},
  publisher={Oxford university press}
}

@article{
miret2023the,
title={The Open MatSci {ML} Toolkit: A Flexible Framework for Machine Learning in Materials Science},
author={Santiago Miret and Kin Long Kelvin Lee and Carmelo Gonzales and Marcel Nassar and Matthew Spellings},
journal={Transactions on Machine Learning Research},
issn={2835-8856},
year={2023},
url={https://openreview.net/forum?id=QBMyDZsPMd},
note={}
}

@article{miret2024perspective,
  title={Perspective on AI for accelerated materials design at the AI4Mat-2023 workshop at NeurIPS 2023},
  author={Miret, Santiago and Krishnan, NM Anoop and Sanchez-Lengeling, Benjamin and Skreta, Marta and Venugopal, Vineeth and Wei, Jennifer N},
  journal={Digital Discovery},
  year={2024},
  publisher={Royal Society of Chemistry}
}

@article{kaba2022equivariant,
  title={Equivariant networks for crystal structures},
  author={Kaba, Oumar and Ravanbakhsh, Siamak},
  journal={Advances in Neural Information Processing Systems},
  volume={35},
  pages={4150--4164},
  year={2022}
}

@article{flam2023language,
  title={Language models can generate molecules, materials, and protein binding sites directly in three dimensions as xyz, cif, and pdb files},
  author={Flam-Shepherd, Daniel and Aspuru-Guzik, Al{\'a}n},
  journal={arXiv preprint arXiv:2305.05708},
  year={2023}
}

@article{cao2024space,
  title={Space Group Informed Transformer for Crystalline Materials Generation},
  author={Cao, Zhendong and Luo, Xiaoshan and Lv, Jian and Wang, Lei},
  journal={arXiv preprint arXiv:2403.15734},
  year={2024}
}

@article{ai4science2023crystal,
  title={Crystal-gfn: sampling crystals with desirable properties and constraints},
  author={AI4Science, Mila and Hernandez-Garcia, Alex and Duval, Alexandre and Volokhova, Alexandra and Bengio, Yoshua and Sharma, Divya and Carrier, Pierre Luc and Koziarski, Micha{\l} and Schmidt, Victor},
  journal={arXiv preprint arXiv:2310.04925},
  year={2023}
}

@article{kaba2023symmetry,
	author = {Kaba, S{\'e}kou-Oumar and Ravanbakhsh, Siamak},
	journal = {arXiv preprint arXiv:2312.09016},
	title = {Symmetry Breaking and Equivariant Neural Networks},
	year = {2023}}


@inproceedings{gruverfine,
  title={Fine-Tuned Language Models Generate Stable Inorganic Materials as Text},
  author={Gruver, Nate and Sriram, Anuroop and Madotto, Andrea and Wilson, Andrew Gordon and Zitnick, C Lawrence and Ulissi, Zachary Ward},
  year={2024},
  booktitle={The Twelfth International Conference on Learning Representations}
}

@inproceedings{alampara2024mattext,
  title={MatText: Do Language Models Need More than Text \& Scale for Materials Modeling?},
  author={Alampara, Nawaf and Miret, Santiago and Jablonka, Kevin Maik},
  year={2024},
  booktitle={AI for Accelerated Materials Design-Vienna 2024}
}

@inproceedings{millerflowmm,
  title={FlowMM: Generating Materials with Riemannian Flow Matching},
  author={Miller, Benjamin Kurt and Chen, Ricky TQ and Sriram, Anuroop and Wood, Brandon M},
  year={2024},
  booktitle={Forty-first International Conference on Machine Learning}
}

@article{togo2018spglib,
  title={Spglib: a software library for crystal symmetry search},
  author={Togo, Atsushi and Tanaka, Isao},
  journal={arXiv preprint arXiv:1808.01590},
  volume={5},
  year={2018},
  publisher={e-print}
}

@book{aroyo2013,
	author = {Mois Ilia Aroyo},
	date-added = {2024-01-30 12:58:41 -0500},
	date-modified = {2024-01-30 12:59:37 -0500},
	publisher = {John Wiley and Sons Limited},
	title = {International Tables for Crystallography},
	year = {2013}}

@article{jain2013commentary,
  title={Commentary: The Materials Project: A materials genome approach to accelerating materials innovation},
  author={Jain, Anubhav and Ong, Shyue Ping and Hautier, Geoffroy and Chen, Wei and Richards, William Davidson and Dacek, Stephen and Cholia, Shreyas and Gunter, Dan and Skinner, David and Ceder, Gerbrand and others},
  journal={APL materials},
  volume={1},
  number={1},
  pages={011002},
  year={2013},
  publisher={American Institute of PhysicsAIP}
}

@article{pyxtal,
title = "PyXtal: A Python library for crystal structure generation and symmetry analysis",
journal = "Computer Physics Communications",
volume = "261",
pages = "107810",
year = "2021",
issn = "0010-4655",
doi = "https://doi.org/10.1016/j.cpc.2020.107810",
url = "http://www.sciencedirect.com/science/article/pii/S0010465520304057",
author = "Scott Fredericks and Kevin Parrish and Dean Sayre and Qiang Zhu",
}

@article{gasteiger2020fast,
  title={Fast and uncertainty-aware directional message passing for non-equilibrium molecules},
  author={Gasteiger, Johannes and Giri, Shankari and Margraf, Johannes T and G{\"u}nnemann, Stephan},
  journal={arXiv preprint arXiv:2011.14115},
  year={2020}
}

@article{gasteiger2020directional,
  title={Directional message passing for molecular graphs},
  author={Gasteiger, Johannes and Gro{\ss}, Janek and G{\"u}nnemann, Stephan},
  journal={arXiv preprint arXiv:2003.03123},
  year={2020}
}

@inproceedings{
luo2023towards,
title={Towards Symmetry-Aware Generation of Periodic Materials},
author={Youzhi Luo and Chengkai Liu and Shuiwang Ji},
booktitle={Thirty-seventh Conference on Neural Information Processing Systems},
year={2023},
url={https://openreview.net/forum?id=Jkc74vn1aZ}
}

@inproceedings{
jiao2023crystal,
title={Crystal Structure Prediction by Joint Equivariant Diffusion},
author={Rui Jiao and Wenbing Huang and Peijia Lin and Jiaqi Han and Pin Chen and Yutong Lu and Yang Liu},
booktitle={Thirty-seventh Conference on Neural Information Processing Systems},
year={2023},
url={https://openreview.net/forum?id=DNdN26m2Jk}
}

@inproceedings{
xie2022crystal,
title={Crystal Diffusion Variational Autoencoder for Periodic Material Generation},
author={Tian Xie and Xiang Fu and Octavian-Eugen Ganea and Regina Barzilay and Tommi S. Jaakkola},
booktitle={International Conference on Learning Representations},
year={2022},
url={https://openreview.net/forum?id=03RLpj-tc_}
}

@inproceedings{
govindarajan2023learning,
title={Learning Conditional Policies for Crystal Design Using Offline Reinforcement Learning},
author={Prashant Govindarajan and Santiago Miret and Jarrid Rector-Brooks and Mariano Phielipp and Janarthanan Rajendran and Sarath Chandar},
booktitle={AI for Accelerated Materials Design - NeurIPS 2023 Workshop},
year={2023},
url={https://openreview.net/forum?id=VbjD8w2ctG}
}

@article{zeni2023mattergen,
  title={MatterGen: a generative model for inorganic materials design},
  author={Zeni, Claudio and Pinsler, Robert and Z{\"u}gner, Daniel and Fowler, Andrew and Horton, Matthew and Fu, Xiang and Shysheya, Sasha and Crabb{\'e}, Jonathan and Sun, Lixin and Smith, Jake and others},
  journal={arXiv preprint arXiv:2312.03687},
  year={2023}
}

@article{merchant2023scaling,
  title={Scaling deep learning for materials discovery},
  author={Merchant, Amil and Batzner, Simon and Schoenholz, Samuel S and Aykol, Muratahan and Cheon, Gowoon and Cubuk, Ekin Dogus},
  journal={Nature},
  pages={1--6},
  year={2023},
  publisher={Nature Publishing Group UK London}
}

@article{yang2023scalable,
  title={Scalable diffusion for materials generation},
  author={Yang, Mengjiao and Cho, KwangHwan and Merchant, Amil and Abbeel, Pieter and Schuurmans, Dale and Mordatch, Igor and Cubuk, Ekin Dogus},
  journal={arXiv preprint arXiv:2311.09235},
  year={2023}
}

@article{lee2023matsciml,
  title={Matsciml: A broad, multi-task benchmark for solid-state materials modeling},
  author={Lee, Kin Long Kelvin and Gonzales, Carmelo and Nassar, Marcel and Spellings, Matthew and Galkin, Mikhail and Miret, Santiago},
  journal={arXiv preprint arXiv:2309.05934},
  year={2023}
}

@article{miret2022open,
  title={The open MatSci ML toolkit: A flexible framework for machine learning in materials science},
  author={Miret, Santiago and Lee, Kin Long Kelvin and Gonzales, Carmelo and Nassar, Marcel and Spellings, Matthew},
  journal={arXiv preprint arXiv:2210.17484},
  year={2022}
}

@article{bihani2023egraffbench,
  title={Egraffbench: Evaluation of equivariant graph neural network force fields for atomistic simulations},
  author={Bihani, Vaibhav and Pratiush, Utkarsh and Mannan, Sajid and Du, Tao and Chen, Zhimin and Miret, Santiago and Micoulaut, Matthieu and Smedskjaer, Morten M and Ranu, Sayan and Krishnan, NM},
  journal={arXiv preprint arXiv:2310.02428},
  year={2023}
}

@article{duval2023hitchhiker,
  title={A Hitchhiker's Guide to Geometric GNNs for 3D Atomic Systems},
  author={Duval, Alexandre and Mathis, Simon V and Joshi, Chaitanya K and Schmidt, Victor and Miret, Santiago and Malliaros, Fragkiskos D and Cohen, Taco and Li{\`o}, Pietro and Bengio, Yoshua and Bronstein, Michael},
  journal={arXiv preprint arXiv:2312.07511},
  year={2023}
}

@article{chanussot2021open,
  title={Open catalyst 2020 (OC20) dataset and community challenges},
  author={Chanussot, Lowik and Das, Abhishek and Goyal, Siddharth and Lavril, Thibaut and Shuaibi, Muhammed and Riviere, Morgane and Tran, Kevin and Heras-Domingo, Javier and Ho, Caleb and Hu, Weihua and others},
  journal={Acs Catalysis},
  volume={11},
  number={10},
  pages={6059--6072},
  year={2021},
  publisher={ACS Publications}
}

@inproceedings{kaba2023equivariance,
  title={Equivariance with learned canonicalization functions},
  author={Kaba, S{\'e}kou-Oumar and Mondal, Arnab Kumar and Zhang, Yan and Bengio, Yoshua and Ravanbakhsh, Siamak},
  booktitle={International Conference on Machine Learning},
  pages={15546--15566},
  year={2023},
  organization={PMLR}
}


@inproceedings{hoogeboom2022equivariant,
  title={Equivariant diffusion for molecule generation in 3d},
  author={Hoogeboom, Emiel and Satorras, V{\i}ctor Garcia and Vignac, Cl{\'e}ment and Welling, Max},
  booktitle={International conference on machine learning},
  pages={8867--8887},
  year={2022},
  organization={PMLR}
}



@TechReport{mitchell80,
  author = 	 "T. M. Mitchell",
  title = 	 "The Need for Biases in Learning Generalizations",
  institution =  "Computer Science Department, Rutgers University",
  year = 	 "1980",
  address =	 "New Brunswick, MA",
}

@phdthesis{kearns89,
  author = {M. J. Kearns},
  title =  {Computational Complexity of Machine Learning},
  school = {Department of Computer Science, Harvard University},
  year =   {1989}
}

Sands, Donald E. [1993]. "Crystal Systems and Geometry", Introduction to Crystallography (in English). Mineola, New York: Dover Publications, Inc., 165.  

@Book{sands1993intro,
  author = 	 "Donald E. Sands",
  title =  "Chapter 'Crystal Systems and Geometry', Introduction to Crystallography (in English)",
  publisher = 	 "Dover Publications, Inc.",
  year = 	 "1993",
  address =	 "Mineola, New York",
  isbn = "0-486-67839-3."
}

@inproceedings{nichol2021improved,
  title={Improved denoising diffusion probabilistic models},
  author={Nichol, Alexander Quinn and Dhariwal, Prafulla},
  booktitle={International Conference on Machine Learning},
  pages={8162--8171},
  year={2021},
  organization={PMLR}
}

@inproceedings{
morris2024orbitequivariant,
title={Orbit-Equivariant Graph Neural Networks},
author={Matthew Morris and Bernardo Cuenca Grau and Ian Horrocks},
booktitle={The Twelfth International Conference on Learning Representations},
year={2024},
url={https://openreview.net/forum?id=GkJOCga62u}
}

@inproceedings{vignac2023midi,
  title={Midi: Mixed graph and 3d denoising diffusion for molecule generation},
  author={Vignac, Clement and Osman, Nagham and Toni, Laura and Frossard, Pascal},
  booktitle={Joint European Conference on Machine Learning and Knowledge Discovery in Databases},
  pages={560--576},
  year={2023},
  organization={Springer}
}

@article{ho2020denoising,
  title={Denoising diffusion probabilistic models},
  author={Ho, Jonathan and Jain, Ajay and Abbeel, Pieter},
  journal={Advances in neural information processing systems},
  volume={33},
  pages={6840--6851},
  year={2020}
}

@inproceedings{
  song2021scorebased,
  title={Score-Based Generative Modeling through Stochastic Differential Equations},
  author={Yang Song and Jascha Sohl-Dickstein and Diederik P Kingma and Abhishek Kumar and Stefano Ermon and Ben Poole},
  booktitle={International Conference on Learning Representations},
  year={2021},
  url={https://openreview.net/forum?id=PxTIG12RRHS}
}

@inproceedings{sohl2015deep,
  title={Deep unsupervised learning using nonequilibrium thermodynamics},
  author={Sohl-Dickstein, Jascha and Weiss, Eric and Maheswaranathan, Niru and Ganguli, Surya},
  booktitle={International conference on machine learning},
  pages={2256--2265},
  year={2015},
  organization={PMLR}
}

@book{dummit2004abstract,
  title={Abstract algebra},
  author={Dummit, David Steven and Foote, Richard M},
  volume={3},
  year={2004},
  publisher={Wiley Hoboken}
}

@article{noh2019inverse,
  title={Inverse design of solid-state materials via a continuous representation},
  author={Noh, Juhwan and Kim, Jaehoon and Stein, Helge S and Sanchez-Lengeling, Benjamin and Gregoire, John M and Aspuru-Guzik, Alan and Jung, Yousung},
  journal={Matter},
  volume={1},
  number={5},
  pages={1370--1384},
  year={2019},
  publisher={Elsevier}
}

@article{nouira2018crystalgan,
  title={Crystalgan: learning to discover crystallographic structures with generative adversarial networks},
  author={Nouira, Asma and Sokolovska, Nataliya and Crivello, Jean-Claude},
  journal={arXiv preprint arXiv:1810.11203},
  year={2018}
}

@article{kim2020generative,
  title={Generative adversarial networks for crystal structure prediction},
  author={Kim, Sungwon and Noh, Juhwan and Gu, Geun Ho and Aspuru-Guzik, Alan and Jung, Yousung},
  journal={ACS central science},
  volume={6},
  number={8},
  pages={1412--1420},
  year={2020},
  publisher={ACS Publications}
}

@inproceedings{klipfel2024vector,
  title={Vector Field Oriented Diffusion Model for Crystal Material Generation},
  author={Klipfel, Astrid and Fregier, Ya{\"e}l and Sayede, Adlane and Bouraoui, Zied},
  booktitle={Proceedings of the AAAI Conference on Artificial Intelligence},
  volume={38},
  number={20},
  pages={22193--22201},
  year={2024}
}

@article{goodall2022,
	author = {Rhys E. A. Goodall and Abhijith S. Parackal and Felix A. Faber and Rickard Armiento and Alpha A. Lee},
	journal = {Science Advances},
	number = {30},
	pages = {eabn4117},
	title = {Rapid discovery of stable materials by coordinate-free coarse graining},
	volume = {8},
	year = {2022}}


@misc{spglibv1,
  Author = {Atsushi Togo and Isao Tanaka},
  Title = {$\texttt{Spglib}$: a software library for crystal symmetry search},
  Eprint = {arXiv:1808.01590},
  howpublished = {\url{https://github.com/spglib/spglib}},
  year = {2018}
}

@article{choudhary2024jarvis,
  title={JARVIS-Leaderboard: a large scale benchmark of materials design methods},
  author={Choudhary, Kamal and Wines, Daniel and Li, Kangming and Garrity, Kevin F and Gupta, Vishu and Romero, Aldo H and Krogel, Jaron T and Saritas, Kayahan and Fuhr, Addis and Ganesh, Panchapakesan and others},
  journal={npj Computational Materials},
  volume={10},
  number={1},
  pages={93},
  year={2024},
  publisher={Nature Publishing Group UK London}
}

@article{saal2013materials,
  title={Materials design and discovery with high-throughput density functional theory: the open quantum materials database (OQMD)},
  author={Saal, James E and Kirklin, Scott and Aykol, Muratahan and Meredig, Bryce and Wolverton, Christopher},
  journal={Jom},
  volume={65},
  pages={1501--1509},
  year={2013},
  publisher={Springer}
}

@article{jiao2024space,
  title={Space group constrained crystal generation},
  author={Jiao, Rui and Huang, Wenbing and Liu, Yu and Zhao, Deli and Liu, Yang},
  journal={arXiv preprint arXiv:2402.03992},
  year={2024}
}

@article{xie2018crystal,
  title={Crystal graph convolutional neural networks for an accurate and interpretable prediction of material properties},
  author={Xie, Tian and Grossman, Jeffrey C},
  journal={Physical review letters},
  volume={120},
  number={14},
  pages={145301},
  year={2018},
  publisher={APS}
}

@article{yan2022periodic,
  title={Periodic graph transformers for crystal material property prediction},
  author={Yan, Keqiang and Liu, Yi and Lin, Yuchao and Ji, Shuiwang},
  journal={Advances in Neural Information Processing Systems},
  volume={35},
  pages={15066--15080},
  year={2022}
}

@article{yan2024space,
  title={A Space Group Symmetry Informed Network for O (3) Equivariant Crystal Tensor Prediction},
  author={Yan, Keqiang and Saxton, Alexandra and Qian, Xiaofeng and Qian, Xiaoning and Ji, Shuiwang},
  journal={arXiv preprint arXiv:2406.12888},
  year={2024}
}

@misc{pymatgen,
author = {Ong, Shyue Ping and Richards, William Davidson and Jain, Anubhav and Hautier, Geoffroy and Kocher, Michael and Cholia, Shreyas and Gunter, Dan and Chevrier, Vincent L. and Persson, Kristin A. and Ceder, Gerbrand},
doi = {10.1016/j.commatsci.2012.10.028},
month = jun,
title = {{Python Materials Genomics (pymatgen): A robust, open-source python library for materials analysis}},
url = {https://github.com/materialsproject/pymatgen},
version = {2022.1.24},
year = {2013}
}

@Book{DudaHart2nd,
  author =       "R. O. Duda and P. E. Hart and D. G. Stork",
  title =        "Pattern Classification",
  publisher =    "John Wiley and Sons",
  edition =      "2nd",
  year =         "2000"
}

@misc{anonymous,
  title= {Suppressed for Anonymity},
  author= {Author, N. N.},
  year= {2021}
}

@InCollection{Newell81,
  author =       "A. Newell and P. S. Rosenbloom",
  title =        "Mechanisms of Skill Acquisition and the Law of
                  Practice", 
  booktitle =    "Cognitive Skills and Their Acquisition",
  pages =        "1--51",
  publisher =    "Lawrence Erlbaum Associates, Inc.",
  year =         "1981",
  editor =       "J. R. Anderson",
  chapter =      "1",
  address =      "Hillsdale, NJ"
}


@Article{Samuel59,
  author = 	 "A. L. Samuel",
  title = 	 "Some Studies in Machine Learning Using the Game of
		  Checkers",
  journal =	 "IBM Journal of Research and Development",
  year =	 "1959",
  volume =	 "3",
  number =	 "3",
  pages =	 "211--229"
}

@article{austin2021structured,
  title={Structured denoising diffusion models in discrete state-spaces},
  author={Austin, Jacob and Johnson, Daniel D and Ho, Jonathan and Tarlow, Daniel and Van Den Berg, Rianne},
  journal={Advances in Neural Information Processing Systems},
  volume={34},
  pages={17981--17993},
  year={2021}
}

@inproceedings{vignac2023digress,
  title={DiGress: Discrete Denoising diffusion for graph generation},
  author={Vignac, Cl{\'e}ment and Krawczuk, Igor and Siraudin, Antoine and Wang, Bohan and Cevher, Volkan and Frossard, Pascal},
  booktitle={Proceedings of the 11th International Conference on Learning Representations},
  year={2023}
}

@article{zimmermann2020local,
  title={Local structure order parameters and site fingerprints for quantification of coordination environment and crystal structure similarity},
  author={Zimmermann, Nils ER and Jain, Anubhav},
  journal={RSC advances},
  volume={10},
  number={10},
  pages={6063--6081},
  year={2020},
  publisher={Royal Society of Chemistry}
}

@article{ward2016general,
  title={A general-purpose machine learning framework for predicting properties of inorganic materials},
  author={Ward, Logan and Agrawal, Ankit and Choudhary, Alok and Wolverton, Christopher},
  journal={npj Computational Materials},
  volume={2},
  number={1},
  pages={1--7},
  year={2016},
  publisher={Nature Publishing Group}
}

@article{donnay1974tables,
  title={Tables of oriented site symmetries in space groups},
  author={Donnay, JDH and Turrell, G},
  journal={Chemical Physics},
  volume={6},
  number={1},
  pages={1--18},
  year={1974},
  publisher={Elsevier}
}

@article{cheetham2024artificial,
  title={Artificial intelligence driving materials discovery? perspective on the article: Scaling deep learning for materials discovery},
  author={Cheetham, Anthony K and Seshadri, Ram},
  journal={Chemistry of Materials},
  volume={36},
  number={8},
  pages={3490--3495},
  year={2024},
  publisher={ACS Publications}
}

@article{hellenbrandt2004inorganic,
  title={The inorganic crystal structure database (ICSD)—present and future},
  author={Hellenbrandt, Mariette},
  journal={Crystallography Reviews},
  volume={10},
  number={1},
  pages={17--22},
  year={2004},
  publisher={Taylor \& Francis}
}

@inproceedings{satorras2021n,
  title={E (n) equivariant graph neural networks},
  author={Satorras, V{\i}ctor Garcia and Hoogeboom, Emiel and Welling, Max},
  booktitle={International conference on machine learning},
  pages={9323--9332},
  year={2021},
  organization={PMLR}
}

@article{davies2019smact,
  title={Smact: Semiconducting materials by analogy and chemical theory},
  author={Davies, Daniel W and Butler, Keith T and Jackson, Adam J and Skelton, Jonathan M and Morita, Kazuki and Walsh, Aron},
  journal={Journal of Open Source Software},
  volume={4},
  number={38},
  pages={1361},
  year={2019}
}

@article{Riebesell2023,
author = "Janosh Riebesell",
title = "{Matbench Discovery v1.0.0}",
year = "2023",
month = "4",
url = "https://figshare.com/articles/dataset/Matbench_Discovery_v1_0_0/22715158",
doi = "10.6084/m9.figshare.22715158.v19"
}

@misc{riebesell2024matbenchdiscoveryframework,
      title={Matbench Discovery -- A framework to evaluate machine learning crystal stability predictions}, 
      author={Janosh Riebesell and Rhys E. A. Goodall and Philipp Benner and Yuan Chiang and Bowen Deng and Alpha A. Lee and Anubhav Jain and Kristin A. Persson},
      year={2024},
      eprint={2308.14920},
      archivePrefix={arXiv},
      primaryClass={cond-mat.mtrl-sci},
      url={https://arxiv.org/abs/2308.14920}, 
}

@article{deng2023chgnet,
  title={CHGNet as a pretrained universal neural network potential for charge-informed atomistic modelling},
  author={Deng, Bowen and Zhong, Peichen and Jun, KyuJung and Riebesell, Janosh and Han, Kevin and Bartel, Christopher J and Ceder, Gerbrand},
  journal={Nature Machine Intelligence},
  volume={5},
  number={9},
  pages={1031--1041},
  year={2023},
  publisher={Nature Publishing Group UK London}
}

@article{hornfeck2022combinatorics,
  title={On the combinatorics of crystal structures: number of Wyckoff sequences of given length},
  author={Hornfeck, Wolfgang},
  journal={Acta Crystallographica Section A: Foundations and Advances},
  volume={78},
  number={2},
  pages={149--154},
  year={2022},
  publisher={Wiley Online Library}
}

@article{zhu2023wycryst,
  title={WyCryst: Wyckoff inorganic crystal generator framework},
  author={Zhu, Ruiming and Nong, Wei and Yamazaki, Shuya and Hippalgaonkar, Kedar},
  journal={Available at SSRN 4658842},
  year={2023}
}



@article{garcia2021n,
  title={E (n) equivariant normalizing flows},
  author={Garcia Satorras, Victor and Hoogeboom, Emiel and Fuchs, Fabian and Posner, Ingmar and Welling, Max},
  journal={Advances in Neural Information Processing Systems},
  volume={34},
  pages={4181--4192},
  year={2021}
}

@article{xu2022geodiff,
  title={Geodiff: A geometric diffusion model for molecular conformation generation},
  author={Xu, Minkai and Yu, Lantao and Song, Yang and Shi, Chence and Ermon, Stefano and Tang, Jian},
  journal={arXiv preprint arXiv:2203.02923},
  year={2022}
}



@article{zhu2024wycryst,
  title={WyCryst: Wyckoff inorganic crystal generator framework},
  author={Zhu, Ruiming and Nong, Wei and Yamazaki, Shuya and Hippalgaonkar, Kedar},
  journal={Matter},
  volume={7},
  number={10},
  pages={3469--3488},
  year={2024},
  publisher={Elsevier}
}

@article{perdewGeneralizedGradientApproximation1996,
  title = {Generalized {{Gradient Approximation Made Simple}}},
  author = {Perdew, John P. and Burke, Kieron and Ernzerhof, Matthias},
  year = {1996},
  month = oct,
  journal = {Physical Review Letters},
  volume = {77},
  number = {18},
  pages = {3865--3868},
  publisher = {American Physical Society},
  doi = {10.1103/PhysRevLett.77.3865},
  urldate = {2024-09-26},
  abstract = {Generalized gradient approximations (GGA's) for the exchange-correlation energy improve upon the local spin density (LSD) description of atoms, molecules, and solids. We present a simple derivation of a simple GGA, in which all parameters (other than those in LSD) are fundamental constants. Only general features of the detailed construction underlying the Perdew-Wang 1991 (PW91) GGA are invoked. Improvements over PW91 include an accurate description of the linear response of the uniform electron gas, correct behavior under uniform scaling, and a smoother potential.},
  file = {/home/kinlongk/Documents/Zotero/storage/5KTSSXMZ/Perdew et al. - 1996 - Generalized Gradient Approximation Made Simple.pdf;/home/kinlongk/Documents/Zotero/storage/8XFCZ4AR/PhysRevLett.77.html}
}

@article{kuhneCP2KElectronicStructure2020,
  title = {{{CP2K}}: {{An}} Electronic Structure and Molecular Dynamics Software Package - {{Quickstep}}: {{Efficient}} and Accurate Electronic Structure Calculations},
  shorttitle = {{{CP2K}}},
  author = {K{\"u}hne, Thomas D. and Iannuzzi, Marcella and Del Ben, Mauro and Rybkin, Vladimir V. and Seewald, Patrick and Stein, Frederick and Laino, Teodoro and Khaliullin, Rustam Z. and Sch{\"u}tt, Ole and Schiffmann, Florian and Golze, Dorothea and Wilhelm, Jan and Chulkov, Sergey and {Bani-Hashemian}, Mohammad Hossein and Weber, Val{\'e}ry and Bor{\v s}tnik, Urban and Taillefumier, Mathieu and Jakobovits, Alice Shoshana and Lazzaro, Alfio and Pabst, Hans and M{\"u}ller, Tiziano and Schade, Robert and Guidon, Manuel and Andermatt, Samuel and Holmberg, Nico and Schenter, Gregory K. and Hehn, Anna and Bussy, Augustin and Belleflamme, Fabian and Tabacchi, Gloria and Gl{\"o}{\ss}, Andreas and Lass, Michael and Bethune, Iain and Mundy, Christopher J. and Plessl, Christian and Watkins, Matt and VandeVondele, Joost and Krack, Matthias and Hutter, J{\"u}rg},
  year = {2020},
  month = may,
  journal = {The Journal of Chemical Physics},
  volume = {152},
  number = {19},
  pages = {194103},
  issn = {0021-9606, 1089-7690},
  doi = {10.1063/5.0007045},
  urldate = {2024-09-26},
  abstract = {CP2K is an open source electronic structure and molecular dynamics software package to perform atomistic simulations of solid-state, liquid, molecular, and biological systems. It is especially aimed at massively parallel and linear-scaling electronic structure methods and state-of-the-art ab initio molecular dynamics simulations. Excellent performance for electronic structure calculations is achieved using novel algorithms implemented for modern high-performance computing systems. This review revisits the main capabilities of CP2K to perform efficient and accurate electronic structure simulations. The emphasis is put on density functional theory and multiple post--Hartree--Fock methods using the Gaussian and plane wave approach and its augmented all-electron extension.},
  langid = {english},
  file = {/home/kinlongk/Documents/Zotero/storage/Y8PC5ZAQ/Kühne et al. - 2020 - CP2K An electronic structure and molecular dynamics software package - Quickstep Efficient and acc.pdf}
}

@misc{miretEnergyForceRegression2025,
  title = {Energy \& {{Force Regression}} on {{DFT Trajectories}} Is {{Not Enough}} for {{Universal Machine Learning Interatomic Potentials}}},
  author = {Miret, Santiago and Lee, Kin Long Kelvin and Gonzales, Carmelo and Mannan, Sajid and Krishnan, N. M. Anoop},
  year = {2025},
  month = feb,
  number = {arXiv:2502.03660},
  eprint = {2502.03660},
  primaryclass = {cond-mat},
  publisher = {arXiv},
  doi = {10.48550/arXiv.2502.03660},
  urldate = {2025-02-21},
  abstract = {Universal Machine Learning Interactomic Potentials (MLIPs) enable accelerated simulations for materials discovery. However, current research efforts fail to impactfully utilize MLIPs due to: 1. Overreliance on Density Functional Theory (DFT) for MLIP training data creation; 2. MLIPs' inability to reliably and accurately perform large-scale molecular dynamics (MD) simulations for diverse materials; 3. Limited understanding of MLIPs' underlying capabilities. To address these shortcomings, we aargue that MLIP research efforts should prioritize: 1. Employing more accurate simulation methods for large-scale MLIP training data creation (e.g. Coupled Cluster Theory) that cover a wide range of materials design spaces; 2. Creating MLIP metrology tools that leverage large-scale benchmarking, visualization, and interpretability analyses to provide a deeper understanding of MLIPs' inner workings; 3. Developing computationally efficient MLIPs to execute MD simulations that accurately model a broad set of materials properties. Together, these interdisciplinary research directions can help further the real-world application of MLIPs to accurately model complex materials at device scale.},
  archiveprefix = {arXiv},
  keywords = {Computer Science - Artificial Intelligence,Computer Science - Machine Learning,Condensed Matter - Materials Science},
  file = {/home/kinlongk/Documents/Zotero/storage/AFWH3C7E/Miret et al. - 2025 - Energy & Force Regression on DFT Trajectories is Not Enough for Universal Machine Learning Interatom.pdf;/home/kinlongk/Documents/Zotero/storage/2VF4MZSR/2502.html}
}


@article{baird2024matbench,
  title={matbench-genmetrics: A Python library for benchmarking crystal structure generative models using time-based splits of Materials Project structures},
  author={Baird, Sterling G and Sayeed, Hasan M and Montoya, Joseph and Sparks, Taylor D},
  journal={Journal of Open Source Software},
  volume={9},
  number={97},
  pages={5618},
  year={2024}
}