@article{ai4science2023crystal,
  title={Crystal-gfn: sampling crystals with desirable properties and constraints},
  author={AI4Science, Mila and Hernandez-Garcia, Alex and Duval, Alexandre and Volokhova, Alexandra and Bengio, Yoshua and Sharma, Divya and Carrier, Pierre Luc and Koziarski, Micha{\l} and Schmidt, Victor},
  journal={arXiv preprint arXiv:2310.04925},
  year={2023}
}

@inproceedings{alampara2024mattext,
  title={MatText: Do Language Models Need More than Text \& Scale for Materials Modeling?},
  author={Alampara, Nawaf and Miret, Santiago and Jablonka, Kevin Maik},
  year={2024},
  booktitle={AI for Accelerated Materials Design-Vienna 2024}
}

@article{cao2024space,
  title={Space Group Informed Transformer for Crystalline Materials Generation},
  author={Cao, Zhendong and Luo, Xiaoshan and Lv, Jian and Wang, Lei},
  journal={arXiv preprint arXiv:2403.15734},
  year={2024}
}

@article{chanussot2021open,
  title={Open catalyst 2020 (OC20) dataset and community challenges},
  author={Chanussot, Lowik and Das, Abhishek and Goyal, Siddharth and Lavril, Thibaut and Shuaibi, Muhammed and Riviere, Morgane and Tran, Kevin and Heras-Domingo, Javier and Ho, Caleb and Hu, Weihua and others},
  journal={Acs Catalysis},
  volume={11},
  number={10},
  pages={6059--6072},
  year={2021},
  publisher={ACS Publications}
}

@article{choudhary2024jarvis,
  title={JARVIS-Leaderboard: a large scale benchmark of materials design methods},
  author={Choudhary, Kamal and Wines, Daniel and Li, Kangming and Garrity, Kevin F and Gupta, Vishu and Romero, Aldo H and Krogel, Jaron T and Saritas, Kayahan and Fuhr, Addis and Ganesh, Panchapakesan and others},
  journal={npj Computational Materials},
  volume={10},
  number={1},
  pages={93},
  year={2024},
  publisher={Nature Publishing Group UK London}
}

@article{duval2023hitchhiker,
  title={A Hitchhiker's Guide to Geometric GNNs for 3D Atomic Systems},
  author={Duval, Alexandre and Mathis, Simon V and Joshi, Chaitanya K and Schmidt, Victor and Miret, Santiago and Malliaros, Fragkiskos D and Cohen, Taco and Li{\`o}, Pietro and Bengio, Yoshua and Bronstein, Michael},
  journal={arXiv preprint arXiv:2312.07511},
  year={2023}
}

@article{flam2023language,
  title={Language models can generate molecules, materials, and protein binding sites directly in three dimensions as xyz, cif, and pdb files},
  author={Flam-Shepherd, Daniel and Aspuru-Guzik, Al{\'a}n},
  journal={arXiv preprint arXiv:2305.05708},
  year={2023}
}

@article{garcia2021n,
  title={E (n) equivariant normalizing flows},
  author={Garcia Satorras, Victor and Hoogeboom, Emiel and Fuchs, Fabian and Posner, Ingmar and Welling, Max},
  journal={Advances in Neural Information Processing Systems},
  volume={34},
  pages={4181--4192},
  year={2021}
}

@article{goodall2022,
	author = {Rhys E. A. Goodall and Abhijith S. Parackal and Felix A. Faber and Rickard Armiento and Alpha A. Lee},
	journal = {Science Advances},
	number = {30},
	pages = {eabn4117},
	title = {Rapid discovery of stable materials by coordinate-free coarse graining},
	volume = {8},
	year = {2022}}

@inproceedings{gruverfine,
  title={Fine-Tuned Language Models Generate Stable Inorganic Materials as Text},
  author={Gruver, Nate and Sriram, Anuroop and Madotto, Andrea and Wilson, Andrew Gordon and Zitnick, C Lawrence and Ulissi, Zachary Ward},
  year={2024},
  booktitle={The Twelfth International Conference on Learning Representations}
}

@inproceedings{hoogeboom2022equivariant,
  title={Equivariant diffusion for molecule generation in 3d},
  author={Hoogeboom, Emiel and Satorras, V{\i}ctor Garcia and Vignac, Cl{\'e}ment and Welling, Max},
  booktitle={International conference on machine learning},
  pages={8867--8887},
  year={2022},
  organization={PMLR}
}

@article{jain2013commentary,
  title={Commentary: The Materials Project: A materials genome approach to accelerating materials innovation},
  author={Jain, Anubhav and Ong, Shyue Ping and Hautier, Geoffroy and Chen, Wei and Richards, William Davidson and Dacek, Stephen and Cholia, Shreyas and Gunter, Dan and Skinner, David and Ceder, Gerbrand and others},
  journal={APL materials},
  volume={1},
  number={1},
  pages={011002},
  year={2013},
  publisher={American Institute of PhysicsAIP}
}

@article{jiao2024space,
  title={Space group constrained crystal generation},
  author={Jiao, Rui and Huang, Wenbing and Liu, Yu and Zhao, Deli and Liu, Yang},
  journal={arXiv preprint arXiv:2402.03992},
  year={2024}
}

@article{kaba2022equivariant,
  title={Equivariant networks for crystal structures},
  author={Kaba, Oumar and Ravanbakhsh, Siamak},
  journal={Advances in Neural Information Processing Systems},
  volume={35},
  pages={4150--4164},
  year={2022}
}

@article{kim2020generative,
  title={Generative adversarial networks for crystal structure prediction},
  author={Kim, Sungwon and Noh, Juhwan and Gu, Geun Ho and Aspuru-Guzik, Alan and Jung, Yousung},
  journal={ACS central science},
  volume={6},
  number={8},
  pages={1412--1420},
  year={2020},
  publisher={ACS Publications}
}

@inproceedings{klipfel2024vector,
  title={Vector Field Oriented Diffusion Model for Crystal Material Generation},
  author={Klipfel, Astrid and Fregier, Ya{\"e}l and Sayede, Adlane and Bouraoui, Zied},
  booktitle={Proceedings of the AAAI Conference on Artificial Intelligence},
  volume={38},
  number={20},
  pages={22193--22201},
  year={2024}
}

@article{lee2023matsciml,
  title={Matsciml: A broad, multi-task benchmark for solid-state materials modeling},
  author={Lee, Kin Long Kelvin and Gonzales, Carmelo and Nassar, Marcel and Spellings, Matthew and Galkin, Mikhail and Miret, Santiago},
  journal={arXiv preprint arXiv:2309.05934},
  year={2023}
}

@article{merchant2023scaling,
  title={Scaling deep learning for materials discovery},
  author={Merchant, Amil and Batzner, Simon and Schoenholz, Samuel S and Aykol, Muratahan and Cheon, Gowoon and Cubuk, Ekin Dogus},
  journal={Nature},
  pages={1--6},
  year={2023},
  publisher={Nature Publishing Group UK London}
}

@inproceedings{millerflowmm,
  title={FlowMM: Generating Materials with Riemannian Flow Matching},
  author={Miller, Benjamin Kurt and Chen, Ricky TQ and Sriram, Anuroop and Wood, Brandon M},
  year={2024},
  booktitle={Forty-first International Conference on Machine Learning}
}

@article{noh2019inverse,
  title={Inverse design of solid-state materials via a continuous representation},
  author={Noh, Juhwan and Kim, Jaehoon and Stein, Helge S and Sanchez-Lengeling, Benjamin and Gregoire, John M and Aspuru-Guzik, Alan and Jung, Yousung},
  journal={Matter},
  volume={1},
  number={5},
  pages={1370--1384},
  year={2019},
  publisher={Elsevier}
}

@article{nouira2018crystalgan,
  title={Crystalgan: learning to discover crystallographic structures with generative adversarial networks},
  author={Nouira, Asma and Sokolovska, Nataliya and Crivello, Jean-Claude},
  journal={arXiv preprint arXiv:1810.11203},
  year={2018}
}

@article{saal2013materials,
  title={Materials design and discovery with high-throughput density functional theory: the open quantum materials database (OQMD)},
  author={Saal, James E and Kirklin, Scott and Aykol, Muratahan and Meredig, Bryce and Wolverton, Christopher},
  journal={Jom},
  volume={65},
  pages={1501--1509},
  year={2013},
  publisher={Springer}
}

@article{xie2018crystal,
  title={Crystal graph convolutional neural networks for an accurate and interpretable prediction of material properties},
  author={Xie, Tian and Grossman, Jeffrey C},
  journal={Physical review letters},
  volume={120},
  number={14},
  pages={145301},
  year={2018},
  publisher={APS}
}

@article{xu2022geodiff,
  title={Geodiff: A geometric diffusion model for molecular conformation generation},
  author={Xu, Minkai and Yu, Lantao and Song, Yang and Shi, Chence and Ermon, Stefano and Tang, Jian},
  journal={arXiv preprint arXiv:2203.02923},
  year={2022}
}

@article{yan2022periodic,
  title={Periodic graph transformers for crystal material property prediction},
  author={Yan, Keqiang and Liu, Yi and Lin, Yuchao and Ji, Shuiwang},
  journal={Advances in Neural Information Processing Systems},
  volume={35},
  pages={15066--15080},
  year={2022}
}

@article{yan2024space,
  title={A Space Group Symmetry Informed Network for O (3) Equivariant Crystal Tensor Prediction},
  author={Yan, Keqiang and Saxton, Alexandra and Qian, Xiaofeng and Qian, Xiaoning and Ji, Shuiwang},
  journal={arXiv preprint arXiv:2406.12888},
  year={2024}
}

@article{yang2023scalable,
  title={Scalable diffusion for materials generation},
  author={Yang, Mengjiao and Cho, KwangHwan and Merchant, Amil and Abbeel, Pieter and Schuurmans, Dale and Mordatch, Igor and Cubuk, Ekin Dogus},
  journal={arXiv preprint arXiv:2311.09235},
  year={2023}
}

@article{zeni2023mattergen,
  title={MatterGen: a generative model for inorganic materials design},
  author={Zeni, Claudio and Pinsler, Robert and Z{\"u}gner, Daniel and Fowler, Andrew and Horton, Matthew and Fu, Xiang and Shysheya, Sasha and Crabb{\'e}, Jonathan and Sun, Lixin and Smith, Jake and others},
  journal={arXiv preprint arXiv:2312.03687},
  year={2023}
}

@article{zhu2024wycryst,
  title={WyCryst: Wyckoff inorganic crystal generator framework},
  author={Zhu, Ruiming and Nong, Wei and Yamazaki, Shuya and Hippalgaonkar, Kedar},
  journal={Matter},
  volume={7},
  number={10},
  pages={3469--3488},
  year={2024},
  publisher={Elsevier}
}

