@inproceedings{gruin2021speculative,
  title={Speculative Execution and Timing Predictability in an Open Source RISC-V Core},
  author={Gruin, Alexander and Carle, Thomas and Rochange, Christine and Cass{\'e}, Hugues},
  booktitle={IEEE Real-Time Systems Symposium (RTSS)},
  year={2021}
}
@inproceedings{dorflinger2021comparative,
  title={A Comparative Survey of Open-Source Application-Class RISC-V Processor Implementations},
  author={D{\"o}rflinger, Andreas and Albers, Michael and Kleinbeck, Benjamin and Guan, Yifan and Michalik, Holger and Klink, Robert and Blochwitz, Christian and Nechi, Andrea and Berekovic, Mladen},
  booktitle={Proceedings of the 18th ACM International Conference on Computing Frontiers},
  year={2021}
}
@inproceedings{giorgi2019webriscv,
  title={WebRISC-V: A Web-Based Education-Oriented RISC-V Pipeline Simulation Environment},
  author={Giorgi, Roberto and Mariotti, Giovanni},
  booktitle={ACM Workshop on Computer Architecture Education (WCAE-19)},
  year={2019}
}
