@article{ademamix,
      title={The AdEMAMix Optimizer: Better, Faster, Older}, 
      author={Matteo Pagliardini and Pierre Ablin and David Grangier},
      year={2024},
      eprint={2409.03137},
      archivePrefix={arXiv},
      primaryClass={cs.LG},
      url={https://arxiv.org/abs/2409.03137}, 
}

@misc{agnes,
      title={Achieving acceleration despite very noisy gradients}, 
      author={Kanan Gupta and Jonathan Siegel and Stephan Wojtowytsch},
      year={2023},
      eprint={2302.05515},
      archivePrefix={arXiv},
      primaryClass={stat.ML},
      url={https://arxiv.org/abs/2302.05515}, 
}

@InProceedings{jain18accelerate,
  title = 	 {Accelerating Stochastic Gradient Descent for Least Squares Regression},
  author =       {Jain, Prateek and Kakade, Sham M. and Kidambi, Rahul and Netrapalli, Praneeth and Sidford, Aaron},
  booktitle = 	 {Proceedings of the 31st  Conference On Learning Theory},
  pages = 	 {545--604},
  year = 	 {2018},
  editor = 	 {Bubeck, SÃ©bastien and Perchet, Vianney and Rigollet, Philippe},
  volume = 	 {75},
  series = 	 {Proceedings of Machine Learning Research},
  month = 	 {06--09 Jul},
  publisher =    {PMLR},
  pdf = 	 {http://proceedings.mlr.press/v75/jain18a/jain18a.pdf},
  url = 	 {https://proceedings.mlr.press/v75/jain18a.html},
}

@inproceedings{lion,
  author       = {Xiangning Chen and
                  Chen Liang and
                  Da Huang and
                  Esteban Real and
                  Kaiyuan Wang and
                  Hieu Pham and
                  Xuanyi Dong and
                  Thang Luong and
                  Cho{-}Jui Hsieh and
                  Yifeng Lu and
                  Quoc V. Le},
  editor       = {Alice Oh and
                  Tristan Naumann and
                  Amir Globerson and
                  Kate Saenko and
                  Moritz Hardt and
                  Sergey Levine},
  title        = {Symbolic Discovery of Optimization Algorithms},
  booktitle    = {Advances in Neural Information Processing Systems 36: Annual Conference
                  on Neural Information Processing Systems 2023, NeurIPS 2023, New Orleans,
                  LA, USA, December 10 - 16, 2023},
  year         = {2023},
  url          = {http://papers.nips.cc/paper\_files/paper/2023/hash/9a39b4925e35cf447ccba8757137d84f-Abstract-Conference.html},
  timestamp    = {Fri, 01 Mar 2024 16:26:20 +0100},
  biburl       = {https://dblp.org/rec/conf/nips/ChenLHRW0DLHLL23.bib},
  bibsource    = {dblp computer science bibliography, https://dblp.org}
}

@InProceedings{vaswaniconvergence,
  title = 	 {Fast and Faster Convergence of SGD for Over-Parameterized Models and an Accelerated Perceptron},
  author =       {Vaswani, Sharan and Bach, Francis and Schmidt, Mark},
  booktitle = 	 {Proceedings of the Twenty-Second International Conference on Artificial Intelligence and Statistics},
  pages = 	 {1195--1204},
  year = 	 {2019},
  editor = 	 {Chaudhuri, Kamalika and Sugiyama, Masashi},
  volume = 	 {89},
  series = 	 {Proceedings of Machine Learning Research},
  month = 	 {16--18 Apr},
  publisher =    {PMLR},
  pdf = 	 {http://proceedings.mlr.press/v89/vaswani19a/vaswani19a.pdf},
  url = 	 {https://proceedings.mlr.press/v89/vaswani19a.html},
}

