@article{anil2020scalable,
  title={Scalable second order optimization for deep learning},
  author={Anil, Rohan and Gupta, Vineet and Koren, Tomer and Regan, Kevin and Singer, Yoram},
  journal={arXiv preprint arXiv:2002.09018},
  year={2020}
}

@article{whyshampoo,
  author       = {Depen Morwani and
                  Itai Shapira and
                  Nikhil Vyas and
                  Eran Malach and
                  Sham M. Kakade and
                  Lucas Janson},
  title        = {A New Perspective on Shampoo's Preconditioner},
  journal      = {CoRR},
  volume       = {abs/2406.17748},
  year         = {2024},
  url          = {https://doi.org/10.48550/arXiv.2406.17748},
  doi          = {10.48550/ARXIV.2406.17748},
  eprinttype    = {arXiv},
  eprint       = {2406.17748},
  timestamp    = {Tue, 23 Jul 2024 11:52:17 +0200},
  biburl       = {https://dblp.org/rec/journals/corr/abs-2406-17748.bib},
  bibsource    = {dblp computer science bibliography, https://dblp.org}
}

@misc{laprop2021,
      title={LaProp: Separating Momentum and Adaptivity in Adam}, 
      author={Liu Ziyin and Zhikang T. Wang and Masahito Ueda},
      year={2021},
      eprint={2002.04839},
      archivePrefix={arXiv},
      primaryClass={cs.LG},
      url={https://arxiv.org/abs/2002.04839}, 
}

@article{ademamix,
      title={The AdEMAMix Optimizer: Better, Faster, Older}, 
      author={Matteo Pagliardini and Pierre Ablin and David Grangier},
      year={2024},
      eprint={2409.03137},
      archivePrefix={arXiv},
      primaryClass={cs.LG},
      url={https://arxiv.org/abs/2409.03137}, 
}


@article{4bitshampoo,
  author       = {Sike Wang and
                  Jia Li and
                  Pan Zhou and
                  Hua Huang},
  title        = {4-bit Shampoo for Memory-Efficient Network Training},
  journal      = {CoRR},
  volume       = {abs/2405.18144},
  year         = {2024},
  url          = {https://doi.org/10.48550/arXiv.2405.18144},
  doi          = {10.48550/ARXIV.2405.18144},
  eprinttype    = {arXiv},
  eprint       = {2405.18144},
  timestamp    = {Fri, 21 Jun 2024 22:39:09 +0200},
  biburl       = {https://dblp.org/rec/journals/corr/abs-2405-18144.bib},
  bibsource    = {dblp computer science bibliography, https://dblp.org}
}

@article{galore,
  author       = {Jiawei Zhao and
                  Zhenyu Zhang and
                  Beidi Chen and
                  Zhangyang Wang and
                  Anima Anandkumar and
                  Yuandong Tian},
  title        = {GaLore: Memory-Efficient {LLM} Training by Gradient Low-Rank Projection},
  journal      = {CoRR},
  volume       = {abs/2403.03507},
  year         = {2024},
  url          = {https://doi.org/10.48550/arXiv.2403.03507},
  doi          = {10.48550/ARXIV.2403.03507},
  eprinttype    = {arXiv},
  eprint       = {2403.03507},
  timestamp    = {Wed, 03 Apr 2024 15:23:01 +0200},
  biburl       = {https://dblp.org/rec/journals/corr/abs-2403-03507.bib},
  bibsource    = {dblp computer science bibliography, https://dblp.org}
}

@inproceedings{shampoo,
  author       = {Vineet Gupta and
                  Tomer Koren and
                  Yoram Singer},
  editor       = {Jennifer G. Dy and
                  Andreas Krause},
  title        = {Shampoo: Preconditioned Stochastic Tensor Optimization},
  booktitle    = {Proceedings of the 35th International Conference on Machine Learning,
                  {ICML} 2018, Stockholmsm{\"{a}}ssan, Stockholm, Sweden, July
                  10-15, 2018},
  series       = {Proceedings of Machine Learning Research},
  volume       = {80},
  pages        = {1837--1845},
  publisher    = {{PMLR}},
  year         = {2018},
  url          = {http://proceedings.mlr.press/v80/gupta18a.html},
  timestamp    = {Wed, 03 Apr 2019 18:17:30 +0200},
  biburl       = {https://dblp.org/rec/conf/icml/0001KS18.bib},
  bibsource    = {dblp computer science bibliography, https://dblp.org}
}


@inproceedings{adam,
  author       = {Diederik P. Kingma and
                  Jimmy Ba},
  editor       = {Yoshua Bengio and
                  Yann LeCun},
  title        = {Adam: {A} Method for Stochastic Optimization},
  booktitle    = {3rd International Conference on Learning Representations, {ICLR} 2015,
                  San Diego, CA, USA, May 7-9, 2015, Conference Track Proceedings},
  year         = {2015},
  url          = {http://arxiv.org/abs/1412.6980},
  timestamp    = {Thu, 25 Jul 2019 14:25:37 +0200},
  biburl       = {https://dblp.org/rec/journals/corr/KingmaB14.bib},
  bibsource    = {dblp computer science bibliography, https://dblp.org}
}


@inproceedings{adamw,
  author       = {Ilya Loshchilov and
                  Frank Hutter},
  title        = {Decoupled Weight Decay Regularization},
  booktitle    = {7th International Conference on Learning Representations, {ICLR} 2019,
                  New Orleans, LA, USA, May 6-9, 2019},
  publisher    = {OpenReview.net},
  year         = {2019},
  url          = {https://openreview.net/forum?id=Bkg6RiCqY7},
  timestamp    = {Thu, 25 Jul 2019 14:26:04 +0200},
  biburl       = {https://dblp.org/rec/conf/iclr/LoshchilovH19.bib},
  bibsource    = {dblp computer science bibliography, https://dblp.org}
}

@inproceedings{
adamem,
title={AdaMeM: Memory Efficient Momentum for Adafactor},
author={Nikhil Vyas and Depen Morwani and Sham M. Kakade},
booktitle={2nd Workshop on Advancing Neural Network Training: Computational Efficiency, Scalability, and Resource Optimization (WANT@ICML 2024)},
year={2024},
url={https://openreview.net/forum?id=fZqMVTz7K5}
}


@inproceedings{zhai,
  author       = {Xiaohua Zhai and
                  Alexander Kolesnikov and
                  Neil Houlsby and
                  Lucas Beyer},
  title        = {Scaling Vision Transformers},
  booktitle    = {{IEEE/CVF} Conference on Computer Vision and Pattern Recognition,
                  {CVPR} 2022, New Orleans, LA, USA, June 18-24, 2022},
  pages        = {1204--1213},
  publisher    = {{IEEE}},
  year         = {2022},
  url          = {https://doi.org/10.1109/CVPR52688.2022.01179},
  doi          = {10.1109/CVPR52688.2022.01179},
  timestamp    = {Tue, 04 Oct 2022 17:56:08 +0200},
  biburl       = {https://dblp.org/rec/conf/cvpr/Zhai0HB22.bib},
  bibsource    = {dblp computer science bibliography, https://dblp.org}
}


@inproceedings{nqm,
  author       = {Guodong Zhang and
                  Lala Li and
                  Zachary Nado and
                  James Martens and
                  Sushant Sachdeva and
                  George E. Dahl and
                  Christopher J. Shallue and
                  Roger B. Grosse},
  editor       = {Hanna M. Wallach and
                  Hugo Larochelle and
                  Alina Beygelzimer and
                  Florence d'Alch{\'{e}}{-}Buc and
                  Emily B. Fox and
                  Roman Garnett},
  title        = {Which Algorithmic Choices Matter at Which Batch Sizes? Insights From
                  a Noisy Quadratic Model},
  booktitle    = {Advances in Neural Information Processing Systems 32: Annual Conference
                  on Neural Information Processing Systems 2019, NeurIPS 2019, December
                  8-14, 2019, Vancouver, BC, Canada},
  pages        = {8194--8205},
  year         = {2019},
  url          = {https://proceedings.neurips.cc/paper/2019/hash/e0eacd983971634327ae1819ea8b6214-Abstract.html},
  timestamp    = {Mon, 16 May 2022 15:41:51 +0200},
  biburl       = {https://dblp.org/rec/conf/nips/ZhangLNMSDSG19.bib},
  bibsource    = {dblp computer science bibliography, https://dblp.org}
}


@inproceedings{yi21,
 author = {Ren, Yi and Goldfarb, Donald},
 booktitle = {Advances in Neural Information Processing Systems},
 editor = {M. Ranzato and A. Beygelzimer and Y. Dauphin and P.S. Liang and J. Wortman Vaughan},
 pages = {26040--26052},
 publisher = {Curran Associates, Inc.},
 title = {Tensor Normal Training for Deep Learning Models},
 url = {https://proceedings.neurips.cc/paper_files/paper/2021/file/dae3312c4c6c7000a37ecfb7b0aeb0e4-Paper.pdf},
 volume = {34},
 year = {2021}
}


@misc{eigh-vs-qr,
  author = {Documentation},
  title = {torch.linalg.eigh documentation},
  year = {2024},
  howpublished = {\url{https://web.archive.org/web/20240519213242/https://pytorch.org/docs/stable/generated/torch.linalg.eigh.html}},
}

@misc{galoregithub,
  author = {Jiawei Zhao and
                  Zhenyu Zhang and
                  Beidi Chen and
                  Zhangyang Wang and
                  Anima Anandkumar and
                  Yuandong Tian},
  title = {(Code) GaLore: Memory-Efficient {LLM} Training by Gradient Low-Rank Projection},
  year = {2024},
  publisher = {GitHub},
  journal = {GitHub repository},
  howpublished = {\url{https://github.com/jiaweizzhao/GaLore}},
  commit = {63138dbe5bfaa5172dbd5a11363896b971ca260f}
}

@inproceedings{dehghani2023scaling,
	title={Scaling vision transformers to 22 billion parameters},
	author={Dehghani, Mostafa and Djolonga, Josip and Mustafa, Basil and Padlewski, Piotr and Heek, Jonathan and Gilmer, Justin and Steiner, Andreas Peter and Caron, Mathilde and Geirhos, Robert and Alabdulmohsin, Ibrahim and others},
	booktitle={International Conference on Machine Learning},
	pages={7480--7512},
	year={2023},
	organization={PMLR}
}


@article{distributedshampoo,
  author       = {Hao{-}Jun Michael Shi and
                  Tsung{-}Hsien Lee and
                  Shintaro Iwasaki and
                  Jose Gallego{-}Posada and
                  Zhijing Li and
                  Kaushik Rangadurai and
                  Dheevatsa Mudigere and
                  Michael Rabbat},
  title        = {A Distributed Data-Parallel PyTorch Implementation of the Distributed
                  Shampoo Optimizer for Training Neural Networks At-Scale},
  journal      = {CoRR},
  volume       = {abs/2309.06497},
  year         = {2023},
  url          = {https://doi.org/10.48550/arXiv.2309.06497},
  doi          = {10.48550/ARXIV.2309.06497},
  eprinttype    = {arXiv},
  eprint       = {2309.06497},
  timestamp    = {Thu, 21 Sep 2023 16:35:46 +0200},
  biburl       = {https://dblp.org/rec/journals/corr/abs-2309-06497.bib},
  bibsource    = {dblp computer science bibliography, https://dblp.org}
}

@inproceedings{ekfac,
  author       = {Thomas George and
                  C{\'{e}}sar Laurent and
                  Xavier Bouthillier and
                  Nicolas Ballas and
                  Pascal Vincent},
  editor       = {Samy Bengio and
                  Hanna M. Wallach and
                  Hugo Larochelle and
                  Kristen Grauman and
                  Nicol{\`{o}} Cesa{-}Bianchi and
                  Roman Garnett},
  title        = {Fast Approximate Natural Gradient Descent in a Kronecker Factored
                  Eigenbasis},
  booktitle    = {Advances in Neural Information Processing Systems 31: Annual Conference
                  on Neural Information Processing Systems 2018, NeurIPS 2018, December
                  3-8, 2018, Montr{\'{e}}al, Canada},
  pages        = {9573--9583},
  year         = {2018},
  url          = {https://proceedings.neurips.cc/paper/2018/hash/48000647b315f6f00f913caa757a70b3-Abstract.html},
  timestamp    = {Mon, 16 May 2022 15:41:51 +0200},
  biburl       = {https://dblp.org/rec/conf/nips/GeorgeLBBV18.bib},
  bibsource    = {dblp computer science bibliography, https://dblp.org}
}

@article{groeneveld2024olmo,
	title={Olmo: Accelerating the science of language models},
	author={Groeneveld, Dirk and Beltagy, Iz and Walsh, Pete and Bhagia, Akshita and Kinney, Rodney and Tafjord, Oyvind and Jha, Ananya Harsh and Ivison, Hamish and Magnusson, Ian and Wang, Yizhong and others},
	journal={arXiv preprint arXiv:2402.00838},
	year={2024}
}

@article{raffel2020exploring,
	title={Exploring the limits of transfer learning with a unified text-to-text transformer},
	author={Raffel, Colin and Shazeer, Noam and Roberts, Adam and Lee, Katherine and Narang, Sharan and Matena, Michael and Zhou, Yanqi and Li, Wei and Liu, Peter J},
	journal={Journal of machine learning research},
	volume={21},
	number={140},
	pages={1--67},
	year={2020}
}

@article{zhaoscience,
  author       = {Rosie Zhao and
                  Depen Morwani and
                  David Brandfonbrener and
                  Nikhil Vyas and
                  Sham M. Kakade},
  title        = {Deconstructing What Makes a Good Optimizer for Language Models},
  journal      = {CoRR},
  volume       = {abs/2407.07972},
  year         = {2024},
  url          = {https://doi.org/10.48550/arXiv.2407.07972},
  doi          = {10.48550/ARXIV.2407.07972},
  eprinttype    = {arXiv},
  eprint       = {2407.07972},
  timestamp    = {Fri, 16 Aug 2024 14:50:26 +0200},
  biburl       = {https://dblp.org/rec/journals/corr/abs-2407-07972.bib},
  bibsource    = {dblp computer science bibliography, https://dblp.org}
}

@article{hendrycks2016gaussian,
	title={Gaussian error linear units (gelus)},
	author={Hendrycks, Dan and Gimpel, Kevin},
	journal={arXiv preprint arXiv:1606.08415},
	year={2016}
}

@article{su2024roformer,
	title={Roformer: Enhanced transformer with rotary position embedding},
	author={Su, Jianlin and Ahmed, Murtadha and Lu, Yu and Pan, Shengfeng and Bo, Wen and Liu, Yunfeng},
	journal={Neurocomputing},
	volume={568},
	pages={127063},
	year={2024},
	publisher={Elsevier}
}

@inproceedings{
	wortsman2024smallscale,
	title={Small-scale proxies for large-scale Transformer training instabilities},
	author={Mitchell Wortsman and Peter J Liu and Lechao Xiao and Katie E Everett and Alexander A Alemi and Ben Adlam and John D Co-Reyes and Izzeddin Gur and Abhishek Kumar and Roman Novak and Jeffrey Pennington and Jascha Sohl-Dickstein and Kelvin Xu and Jaehoon Lee and Justin Gilmer and Simon Kornblith},
	booktitle={The Twelfth International Conference on Learning Representations},
	year={2024},
	url={https://openreview.net/forum?id=d8w0pmvXbZ}
}

@article{paszke2019pytorch,
	title={Pytorch: An imperative style, high-performance deep learning library},
	author={Paszke, Adam and Gross, Sam and Massa, Francisco and Lerer, Adam and Bradbury, James and Chanan, Gregory and Killeen, Trevor and Lin, Zeming and Gimelshein, Natalia and Antiga, Luca and others},
	journal={Advances in neural information processing systems},
	volume={32},
	year={2019}
}


@inproceedings{
liu2024sophia,
title={Sophia: A Scalable Stochastic Second-order Optimizer for Language Model Pre-training},
author={Hong Liu and Zhiyuan Li and David Leo Wright Hall and Percy Liang and Tengyu Ma},
booktitle={The Twelfth International Conference on Learning Representations},
year={2024},
url={https://openreview.net/forum?id=3xHDeA8Noi}
}

@article{porian,
  author       = {Tomer Porian and
                  Mitchell Wortsman and
                  Jenia Jitsev and
                  Ludwig Schmidt and
                  Yair Carmon},
  title        = {Resolving Discrepancies in Compute-Optimal Scaling of Language Models},
  journal      = {CoRR},
  volume       = {abs/2406.19146},
  year         = {2024},
  url          = {https://doi.org/10.48550/arXiv.2406.19146},
  doi          = {10.48550/ARXIV.2406.19146},
  eprinttype    = {arXiv},
  eprint       = {2406.19146},
  timestamp    = {Wed, 24 Jul 2024 22:01:08 +0200},
  biburl       = {https://dblp.org/rec/journals/corr/abs-2406-19146.bib},
  bibsource    = {dblp computer science bibliography, https://dblp.org}
}


@inproceedings{lion,
  author       = {Xiangning Chen and
                  Chen Liang and
                  Da Huang and
                  Esteban Real and
                  Kaiyuan Wang and
                  Hieu Pham and
                  Xuanyi Dong and
                  Thang Luong and
                  Cho{-}Jui Hsieh and
                  Yifeng Lu and
                  Quoc V. Le},
  editor       = {Alice Oh and
                  Tristan Naumann and
                  Amir Globerson and
                  Kate Saenko and
                  Moritz Hardt and
                  Sergey Levine},
  title        = {Symbolic Discovery of Optimization Algorithms},
  booktitle    = {Advances in Neural Information Processing Systems 36: Annual Conference
                  on Neural Information Processing Systems 2023, NeurIPS 2023, New Orleans,
                  LA, USA, December 10 - 16, 2023},
  year         = {2023},
  url          = {http://papers.nips.cc/paper\_files/paper/2023/hash/9a39b4925e35cf447ccba8757137d84f-Abstract-Conference.html},
  timestamp    = {Fri, 01 Mar 2024 16:26:20 +0100},
  biburl       = {https://dblp.org/rec/conf/nips/ChenLHRW0DLHLL23.bib},
  bibsource    = {dblp computer science bibliography, https://dblp.org}
}

@article{schedulefree,
  author       = {Aaron Defazio and
                  Xingyu Yang and
                  Harsh Mehta and
                  Konstantin Mishchenko and
                  Ahmed Khaled and
                  Ashok Cutkosky},
  title        = {The Road Less Scheduled},
  journal      = {CoRR},
  volume       = {abs/2405.15682},
  year         = {2024},
  url          = {https://doi.org/10.48550/arXiv.2405.15682},
  doi          = {10.48550/ARXIV.2405.15682},
  eprinttype    = {arXiv},
  eprint       = {2405.15682},
  timestamp    = {Wed, 19 Jun 2024 08:52:57 +0200},
  biburl       = {https://dblp.org/rec/journals/corr/abs-2405-15682.bib},
  bibsource    = {dblp computer science bibliography, https://dblp.org}
}

@inproceedings{gupta2018shampoo,
  title={Shampoo: Preconditioned stochastic tensor optimization},
  author={Gupta, Vineet and Koren, Tomer and Singer, Yoram},
  booktitle={International Conference on Machine Learning},
  pages={1842--1850},
  year={2018},
  organization={PMLR}
}

@misc{gemini15,
  author = {Gemini Team, Google},
  title = {{Gemini 1.5: Unlocking multimodal
understanding across millions of tokens of
context}},
  howpublished = "\url{https://storage.googleapis.com/deepmind-media/gemini/gemini_v1_5_report.pdf}",
  year = {2024}, 
  note = "[Online; accessed 19-May-2024]"
}

@inproceedings{adalomo,
  author       = {Kai Lv and
                  Hang Yan and
                  Qipeng Guo and
                  Haijun Lv and
                  Xipeng Qiu},
  editor       = {Lun{-}Wei Ku and
                  Andre Martins and
                  Vivek Srikumar},
  title        = {AdaLomo: Low-memory Optimization with Adaptive Learning Rate},
  booktitle    = {Findings of the Association for Computational Linguistics, {ACL} 2024,
                  Bangkok, Thailand and virtual meeting, August 11-16, 2024},
  pages        = {12486--12502},
  publisher    = {Association for Computational Linguistics},
  year         = {2024},
  url          = {https://aclanthology.org/2024.findings-acl.742},
  timestamp    = {Tue, 27 Aug 2024 17:38:11 +0200},
  biburl       = {https://dblp.org/rec/conf/acl/Lv0GLQ24.bib},
  bibsource    = {dblp computer science bibliography, https://dblp.org}
}

@inproceedings{lomo,
  author       = {Kai Lv and
                  Yuqing Yang and
                  Tengxiao Liu and
                  Qipeng Guo and
                  Xipeng Qiu},
  editor       = {Lun{-}Wei Ku and
                  Andre Martins and
                  Vivek Srikumar},
  title        = {Full Parameter Fine-tuning for Large Language Models with Limited
                  Resources},
  booktitle    = {Proceedings of the 62nd Annual Meeting of the Association for Computational
                  Linguistics (Volume 1: Long Papers), {ACL} 2024, Bangkok, Thailand,
                  August 11-16, 2024},
  pages        = {8187--8198},
  publisher    = {Association for Computational Linguistics},
  year         = {2024},
  url          = {https://aclanthology.org/2024.acl-long.445},
  timestamp    = {Mon, 26 Aug 2024 16:40:52 +0200},
  biburl       = {https://dblp.org/rec/conf/acl/Lv0LGQ24.bib},
  bibsource    = {dblp computer science bibliography, https://dblp.org}
}

@inproceedings{KaddourKNMK23,
  author       = {Jean Kaddour and
                  Oscar Key and
                  Piotr Nawrot and
                  Pasquale Minervini and
                  Matt J. Kusner},
  editor       = {Alice Oh and
                  Tristan Naumann and
                  Amir Globerson and
                  Kate Saenko and
                  Moritz Hardt and
                  Sergey Levine},
  title        = {No Train No Gain: Revisiting Efficient Training Algorithms For Transformer-based
                  Language Models},
  booktitle    = {Advances in Neural Information Processing Systems 36: Annual Conference
                  on Neural Information Processing Systems 2023, NeurIPS 2023, New Orleans,
                  LA, USA, December 10 - 16, 2023},
  year         = {2023},
  url          = {http://papers.nips.cc/paper\_files/paper/2023/hash/51f3d6252706100325ddc435ba0ade0e-Abstract-Conference.html},
  timestamp    = {Fri, 01 Mar 2024 16:26:20 +0100},
  biburl       = {https://dblp.org/rec/conf/nips/KaddourKNMK23.bib},
  bibsource    = {dblp computer science bibliography, https://dblp.org}
}

@inproceedings{8bitadam,
  author       = {Tim Dettmers and
                  Mike Lewis and
                  Sam Shleifer and
                  Luke Zettlemoyer},
  title        = {8-bit Optimizers via Block-wise Quantization},
  booktitle    = {The Tenth International Conference on Learning Representations, {ICLR}
                  2022, Virtual Event, April 25-29, 2022},
  publisher    = {OpenReview.net},
  year         = {2022},
  url          = {https://openreview.net/forum?id=shpkpVXzo3h},
  timestamp    = {Sat, 20 Aug 2022 01:15:42 +0200},
  biburl       = {https://dblp.org/rec/conf/iclr/DettmersLSZ22.bib},
  bibsource    = {dblp computer science bibliography, https://dblp.org}
}

@article{adagrad,
  author       = {John C. Duchi and
                  Elad Hazan and
                  Yoram Singer},
  title        = {Adaptive Subgradient Methods for Online Learning and Stochastic Optimization},
  journal      = {J. Mach. Learn. Res.},
  volume       = {12},
  pages        = {2121--2159},
  year         = {2011},
  url          = {https://dl.acm.org/doi/10.5555/1953048.2021068},
  doi          = {10.5555/1953048.2021068},
  timestamp    = {Thu, 02 Jun 2022 13:58:57 +0200},
  biburl       = {https://dblp.org/rec/journals/jmlr/DuchiHS11.bib},
  bibsource    = {dblp computer science bibliography, https://dblp.org}
}

@misc{dahl2023benchmarking,
      title={Benchmarking Neural Network Training Algorithms}, 
      author={George E. Dahl and Frank Schneider and Zachary Nado and Naman Agarwal and Chandramouli Shama Sastry and Philipp Hennig and Sourabh Medapati and Runa Eschenhagen and Priya Kasimbeg and Daniel Suo and Juhan Bae and Justin Gilmer and Abel L. Peirson and Bilal Khan and Rohan Anil and Mike Rabbat and Shankar Krishnan and Daniel Snider and Ehsan Amid and Kongtao Chen and Chris J. Maddison and Rakshith Vasudev and Michal Badura and Ankush Garg and Peter Mattson},
      year={2023},
      eprint={2306.07179},
      archivePrefix={arXiv},
      primaryClass={cs.LG}
}

@inproceedings{adafactor,
  author       = {Noam Shazeer and
                  Mitchell Stern},
  editor       = {Jennifer G. Dy and
                  Andreas Krause},
  title        = {Adafactor: Adaptive Learning Rates with Sublinear Memory Cost},
  booktitle    = {Proceedings of the 35th International Conference on Machine Learning,
                  {ICML} 2018, Stockholmsm{\"{a}}ssan, Stockholm, Sweden, July
                  10-15, 2018},
  series       = {Proceedings of Machine Learning Research},
  volume       = {80},
  pages        = {4603--4611},
  publisher    = {{PMLR}},
  year         = {2018},
  url          = {http://proceedings.mlr.press/v80/shazeer18a.html},
  timestamp    = {Wed, 03 Apr 2019 18:17:30 +0200},
  biburl       = {https://dblp.org/rec/conf/icml/ShazeerS18.bib},
  bibsource    = {dblp computer science bibliography, https://dblp.org}
}

@InProceedings{martens15,
  title = 	 {Optimizing Neural Networks with Kronecker-factored Approximate Curvature},
  author = 	 {Martens, James and Grosse, Roger},
  booktitle = 	 {Proceedings of the 32nd International Conference on Machine Learning},
  pages = 	 {2408--2417},
  year = 	 {2015},
  editor = 	 {Bach, Francis and Blei, David},
  volume = 	 {37},
  series = 	 {Proceedings of Machine Learning Research},
  address = 	 {Lille, France},
  month = 	 {07--09 Jul},
  publisher =    {PMLR},
  pdf = 	 {http://proceedings.mlr.press/v37/martens15.pdf},
  url = 	 {https://proceedings.mlr.press/v37/martens15.html},
}

@inproceedings{
ishikawa2024when,
title={When Does Second-Order Optimization Speed Up Training?},
author={Satoki Ishikawa and Rio Yokota},
booktitle={The Second Tiny Papers Track at ICLR 2024},
year={2024},
url={https://openreview.net/forum?id=NLrfEsSZNb}
}

@ARTICLE{li18psgd,
  author={Li, Xi-Lin},
  journal={IEEE Transactions on Neural Networks and Learning Systems}, 
  title={Preconditioned Stochastic Gradient Descent}, 
  year={2018},
  volume={29},
  number={5},
  pages={1454-1466},
  doi={10.1109/TNNLS.2017.2672978}}

@misc{li2024stochastichessianfittingslie,
      title={Stochastic Hessian Fittings with Lie Groups}, 
      author={Li, Xi-Lin},
      year={2024},
      eprint={2402.11858},
      archivePrefix={arXiv},
      primaryClass={stat.ML},
      url={https://arxiv.org/abs/2402.11858}, 
}

@inproceedings{martens10, 
author = {Martens, James}, 
title = {Deep learning via Hessian-free optimization}, 
year = {2010}, 
isbn = {9781605589077}, 
publisher = {Omnipress}, 
address = {Madison, WI, USA}, 
booktitle = {Proceedings of the 27th International Conference on International Conference on Machine Learning}, 
pages = {735–742}, 
numpages = {8}, 
location = {Haifa, Israel}, 
series = {ICML'10} }

@inproceedings{
martens2018kroneckerrecurrent,
title={Kronecker-factored Curvature Approximations for Recurrent Neural Networks},
author={James Martens and Jimmy Ba and Matt Johnson},
booktitle={International Conference on Learning Representations},
year={2018},
url={https://openreview.net/forum?id=HyMTkQZAb},
}

@INPROCEEDINGS{kazuki19,
  author={Osawa, Kazuki and Tsuji, Yohei and Ueno, Yuichiro and Naruse, Akira and Yokota, Rio and Matsuoka, Satoshi},
  booktitle={2019 IEEE/CVF Conference on Computer Vision and Pattern Recognition (CVPR)}, 
  title={Large-Scale Distributed Second-Order Optimization Using Kronecker-Factored Approximate Curvature for Deep Convolutional Neural Networks}, 
  year={2019},
  volume={},
  number={},
  pages={12351-12359},
  keywords={Optimization Methods;Big Data;Large Scale Methods ; Deep Learning},
  doi={10.1109/CVPR.2019.01264}}

@article{Gao_Liu_Huang_Wang_Wang_Xu_Yu_2021, title={A Trace-restricted Kronecker-Factored Approximation to Natural Gradient}, volume={35}, url={https://ojs.aaai.org/index.php/AAAI/article/view/16921}, DOI={10.1609/aaai.v35i9.16921}, number={9}, journal={Proceedings of the AAAI Conference on Artificial Intelligence}, author={Gao, Kaixin and Liu, Xiaolei and Huang, Zhenghai and Wang, Min and Wang, Zidong and Xu, Dachuan and Yu, Fan}, year={2021}, month={May}, pages={7519-7527} }

@InProceedings{Puiu22,
author="Puiu, Constantin Octavian",
editor="Yin, Hujun
and Camacho, David
and Tino, Peter",
title="Randomized K-FACs: Speeding Up K-FAC with Randomized Numerical Linear Algebra",
booktitle="Intelligent Data Engineering and Automated Learning -- IDEAL 2022",
year="2022",
publisher="Springer International Publishing",
address="Cham",
pages="411--422",
isbn="978-3-031-21753-1"
}

@misc{puiu2023brandnewkfacsspeeding,
      title={Brand New K-FACs: Speeding up K-FAC with Online Decomposition Updates}, 
      author={Constantin Octavian Puiu},
      year={2023},
      eprint={2210.08494},
      archivePrefix={arXiv},
      primaryClass={cs.LG},
      url={https://arxiv.org/abs/2210.08494}, 
}

@inproceedings{
eschenhagen2023kroneckerfactored,
title={Kronecker-Factored Approximate Curvature for Modern Neural Network Architectures},
author={Runa Eschenhagen and Alexander Immer and Richard E Turner and Frank Schneider and Philipp Hennig},
booktitle={Thirty-seventh Conference on Neural Information Processing Systems},
year={2023},
url={https://openreview.net/forum?id=Ex3oJEKS53}
}

@inproceedings{
ba2017distributed,
title={Distributed Second-Order Optimization using Kronecker-Factored Approximations},
author={Jimmy Ba and Roger Grosse and James Martens},
booktitle={International Conference on Learning Representations},
year={2017},
url={https://openreview.net/forum?id=SkkTMpjex}
}

@misc{
pooladzandi2024curvatureinformed,
title={Curvature-Informed {SGD} via General Purpose Lie-Group Preconditioners},
author={Omead Pooladzandi and Xi-Lin Li},
year={2024},
url={https://openreview.net/forum?id=sawjxRnVpF}
}

@article{JMLR:v12:duchi11a,
  author  = {John Duchi and Elad Hazan and Yoram Singer},
  title   = {Adaptive Subgradient Methods for Online Learning and Stochastic Optimization},
  journal = {Journal of Machine Learning Research},
  year    = {2011},
  volume  = {12},
  number  = {61},
  pages   = {2121--2159},
  url     = {http://jmlr.org/papers/v12/duchi11a.html}
}

@inproceedings{
peirson2022fishy,
title={Fishy: Layerwise Fisher Approximation for Higher-order Neural Network Optimization},
author={Abel Peirson and Ehsan Amid and Yatong Chen and Vladimir Feinberg and Manfred K Warmuth and Rohan Anil},
booktitle={Has it Trained Yet? NeurIPS 2022 Workshop},
year={2022},
url={https://openreview.net/forum?id=cScb-RrBQC}
}


@InProceedings{wulin2024,
  title = 	 {Can We Remove the Square-Root in Adaptive Gradient Methods? {A} Second-Order Perspective},
  author =       {Lin, Wu and Dangel, Felix and Eschenhagen, Runa and Bae, Juhan and Turner, Richard E. and Makhzani, Alireza},
  booktitle = 	 {Proceedings of the 41st International Conference on Machine Learning},
  pages = 	 {29949--29973},
  year = 	 {2024},
  editor = 	 {Salakhutdinov, Ruslan and Kolter, Zico and Heller, Katherine and Weller, Adrian and Oliver, Nuria and Scarlett, Jonathan and Berkenkamp, Felix},
  volume = 	 {235},
  series = 	 {Proceedings of Machine Learning Research},
  month = 	 {21--27 Jul},
  publisher =    {PMLR},
  pdf = 	 {https://raw.githubusercontent.com/mlresearch/v235/main/assets/lin24e/lin24e.pdf},
  url = 	 {https://proceedings.mlr.press/v235/lin24e.html},
}



@misc{deepseekai2024deepseekllmscalingopensource,
      title={DeepSeek LLM: Scaling Open-Source Language Models with Longtermism}, 
      author={DeepSeek-AI and : and Xiao Bi and Deli Chen and Guanting Chen and Shanhuang Chen and Damai Dai and Chengqi Deng and Honghui Ding and Kai Dong and Qiushi Du and Zhe Fu and Huazuo Gao and Kaige Gao and Wenjun Gao and Ruiqi Ge and Kang Guan and Daya Guo and Jianzhong Guo and Guangbo Hao and Zhewen Hao and Ying He and Wenjie Hu and Panpan Huang and Erhang Li and Guowei Li and Jiashi Li and Yao Li and Y. K. Li and Wenfeng Liang and Fangyun Lin and A. X. Liu and Bo Liu and Wen Liu and Xiaodong Liu and Xin Liu and Yiyuan Liu and Haoyu Lu and Shanghao Lu and Fuli Luo and Shirong Ma and Xiaotao Nie and Tian Pei and Yishi Piao and Junjie Qiu and Hui Qu and Tongzheng Ren and Zehui Ren and Chong Ruan and Zhangli Sha and Zhihong Shao and Junxiao Song and Xuecheng Su and Jingxiang Sun and Yaofeng Sun and Minghui Tang and Bingxuan Wang and Peiyi Wang and Shiyu Wang and Yaohui Wang and Yongji Wang and Tong Wu and Y. Wu and Xin Xie and Zhenda Xie and Ziwei Xie and Yiliang Xiong and Hanwei Xu and R. X. Xu and Yanhong Xu and Dejian Yang and Yuxiang You and Shuiping Yu and Xingkai Yu and B. Zhang and Haowei Zhang and Lecong Zhang and Liyue Zhang and Mingchuan Zhang and Minghua Zhang and Wentao Zhang and Yichao Zhang and Chenggang Zhao and Yao Zhao and Shangyan Zhou and Shunfeng Zhou and Qihao Zhu and Yuheng Zou},
      year={2024},
      eprint={2401.02954},
      archivePrefix={arXiv},
      primaryClass={cs.CL},
      url={https://arxiv.org/abs/2401.02954}, 
}

@inproceedings{
caspr,
title={Combining Axes Preconditioners through Kronecker Approximation for Deep Learning},
author={Sai Surya Duvvuri and Fnu Devvrit and Rohan Anil and Cho-Jui Hsieh and Inderjit S Dhillon},
booktitle={The Twelfth International Conference on Learning Representations},
year={2024},
url={https://openreview.net/forum?id=8j9hz8DVi8}
}

@inproceedings{
lucas2018aggregated,
title={Aggregated Momentum: Stability Through Passive Damping},
author={James Lucas and Shengyang Sun and Richard Zemel and Roger  Grosse},
booktitle={International Conference on Learning Representations},
year={2019},
url={https://openreview.net/forum?id=Syxt5oC5YQ},
}

@misc{agnes,
      title={Achieving acceleration despite very noisy gradients}, 
      author={Kanan Gupta and Jonathan Siegel and Stephan Wojtowytsch},
      year={2023},
      eprint={2302.05515},
      archivePrefix={arXiv},
      primaryClass={stat.ML},
      url={https://arxiv.org/abs/2302.05515}, 
}

@inproceedings{
Liu2020Accelerating,
title={Accelerating SGD with momentum for over-parameterized learning},
author={Chaoyue Liu and Mikhail Belkin},
booktitle={International Conference on Learning Representations},
year={2020},
url={https://openreview.net/forum?id=r1gixp4FPH}
}


@InProceedings{vaswaniconvergence,
  title = 	 {Fast and Faster Convergence of SGD for Over-Parameterized Models and an Accelerated Perceptron},
  author =       {Vaswani, Sharan and Bach, Francis and Schmidt, Mark},
  booktitle = 	 {Proceedings of the Twenty-Second International Conference on Artificial Intelligence and Statistics},
  pages = 	 {1195--1204},
  year = 	 {2019},
  editor = 	 {Chaudhuri, Kamalika and Sugiyama, Masashi},
  volume = 	 {89},
  series = 	 {Proceedings of Machine Learning Research},
  month = 	 {16--18 Apr},
  publisher =    {PMLR},
  pdf = 	 {http://proceedings.mlr.press/v89/vaswani19a/vaswani19a.pdf},
  url = 	 {https://proceedings.mlr.press/v89/vaswani19a.html},
}


@InProceedings{jain18accelerate,
  title = 	 {Accelerating Stochastic Gradient Descent for Least Squares Regression},
  author =       {Jain, Prateek and Kakade, Sham M. and Kidambi, Rahul and Netrapalli, Praneeth and Sidford, Aaron},
  booktitle = 	 {Proceedings of the 31st  Conference On Learning Theory},
  pages = 	 {545--604},
  year = 	 {2018},
  editor = 	 {Bubeck, Sébastien and Perchet, Vianney and Rigollet, Philippe},
  volume = 	 {75},
  series = 	 {Proceedings of Machine Learning Research},
  month = 	 {06--09 Jul},
  publisher =    {PMLR},
  pdf = 	 {http://proceedings.mlr.press/v75/jain18a/jain18a.pdf},
  url = 	 {https://proceedings.mlr.press/v75/jain18a.html},
}

@inproceedings{
ma2018quasihyperbolic,
title={Quasi-hyperbolic momentum and Adam for deep learning},
author={Jerry Ma and Denis Yarats},
booktitle={International Conference on Learning Representations},
year={2019},
url={https://openreview.net/forum?id=S1fUpoR5FQ},
}

@inproceedings{
kidambi2018on,
title={On the insufficiency of existing momentum schemes for Stochastic Optimization},
author={Rahul Kidambi and Praneeth Netrapalli and Prateek Jain and Sham M. Kakade},
booktitle={International Conference on Learning Representations},
year={2018},
url={https://openreview.net/forum?id=rJTutzbA-},
}

@misc{defazio2021momentumprimalaveragingtheoretical,
      title={Momentum via Primal Averaging: Theoretical Insights and Learning Rate Schedules for Non-Convex Optimization}, 
      author={Aaron Defazio},
      year={2021},
      eprint={2010.00406},
      archivePrefix={arXiv},
      primaryClass={cs.LG},
      url={https://arxiv.org/abs/2010.00406}, 
}

@misc{mars2024,
      title={MARS: Unleashing the Power of Variance Reduction for Training Large Models}, 
      author={Huizhuo Yuan and Yifeng Liu and Shuang Wu and Xun Zhou and Quanquan Gu},
      year={2024},
      eprint={2411.10438},
      archivePrefix={arXiv},
      primaryClass={cs.LG},
      url={https://arxiv.org/abs/2411.10438}, 
}


