@article{lin2022swintrack,
  title={Swintrack: A simple and strong baseline for transformer tracking},
  author={Lin, Liting and Fan, Heng and Zhang, Zhipeng and Xu, Yong and Ling, Haibin},
  journal={Advances in Neural Information Processing Systems},
  volume={35},
  pages={16743--16754},
  year={2022}
}

@article{cui2024mixformerv2,
  title={Mixformerv2: Efficient fully transformer tracking},
  author={Cui, Yutao and Song, Tianhui and Wu, Gangshan and Wang, Limin},
  journal={Advances in Neural Information Processing Systems},
  volume={36},
  year={2024}
}

@inproceedings{cai2024hiptrack,
  title={HIPTrack: Visual Tracking with Historical Prompts},
  author={Cai, Wenrui and Liu, Qingjie and Wang, Yunhong},
  booktitle={Proceedings of the IEEE/CVF Conference on Computer Vision and Pattern Recognition},
  pages={19258--19267},
  year={2024}
}

@inproceedings{arnab2021vivit,
  title={Vivit: A video vision transformer},
  author={Arnab, Anurag and Dehghani, Mostafa and Heigold, Georg and Sun, Chen and Lu{\v{c}}i{\'c}, Mario and Schmid, Cordelia},
  booktitle={Proceedings of the IEEE/CVF international conference on computer vision},
  pages={6836--6846},
  year={2021}
}

@ARTICLE{TBR-Net,
  author={Wang, Hanzheng and Li, Wei and Xia, Xiang-Gen and Du, Qian and Tian, Jing and Shen, Qing},
  journal={IEEE Transactions on Geoscience and Remote Sensing}, 
  title={Transformer-Based Band Regrouping With Feature Refinement for Hyperspectral Object Tracking}, 
  year={2024},
  volume={62},
  number={},
  pages={1-14},
  keywords={Transformers;Feature extraction;Object tracking;Hyperspectral imaging;Visualization;Image color analysis;Correlation;Band selection;deep learning;hyperspectral object tracking;visual transformer},
  doi={10.1109/TGRS.2024.3419928}}

@ARTICLE{MMF-Net,
  author={Li, Zhuanfeng and Xiong, Fengchao and Zhou, Jun and Lu, Jianfeng and Zhao, Zhuang and Qian, Yuntao},
  journal={IEEE Transactions on Geoscience and Remote Sensing}, 
  title={Material-Guided Multiview Fusion Network for Hyperspectral Object Tracking}, 
  year={2024},
  volume={62},
  number={},
  pages={1-15},
  keywords={Feature extraction;Hyperspectral imaging;Target tracking;Videos;Object tracking;Visualization;Spatial resolution;Hyperspectral object tracking;hyperspectral unmixing;multihead attention;multiview fusion},
  doi={10.1109/TGRS.2024.3366536}}

@ARTICLE{SiamBAG,
  author={Li, Wei and Hou, Zengfu and Zhou, Jun and Tao, Ran},
  journal={IEEE Transactions on Geoscience and Remote Sensing}, 
  title={SiamBAG: Band Attention Grouping-Based Siamese Object Tracking Network for Hyperspectral Videos}, 
  year={2023},
  volume={61},
  number={},
  pages={1-12},
  keywords={Hyperspectral imaging;Object tracking;Videos;Feature extraction;Data models;Training;Image color analysis;Correlation filter;hyperspectral video;object tracking;scale adaptive;tensor},
  doi={10.1109/TGRS.2023.3285802}}

@INPROCEEDINGS{BAE-Net,
  author={Li, Zhuanfeng and Xiong, Fengchao and Zhou, Jun and Wang, Jing and Lu, Jianfeng and Qian, Yuntao},
  booktitle={2020 IEEE International Conference on Image Processing (ICIP)}, 
  title={BAE-Net: A Band Attention Aware Ensemble Network for Hyperspectral Object Tracking}, 
  year={2020},
  volume={},
  number={},
  pages={2106-2110},
  keywords={Videos;Hyperspectral imaging;Target tracking;Image color analysis;Object tracking;Machine learning;Color;deep learning;hyperspectral tracking;band selection;ensemble learning},
  doi={10.1109/ICIP40778.2020.9191105}}

@INPROCEEDINGS{SST-Net,
  author={Li, Zhuanfeng and Ye, Xinhai and Xiong, Fengchao and Lu, Jianfeng and Zhou, Jun and Qian, Yuntao},
  booktitle={2021 11th Workshop on Hyperspectral Imaging and Signal Processing: Evolution in Remote Sensing (WHISPERS)}, 
  title={Spectral-Spatial-Temporal Attention Network for Hyperspectral Tracking}, 
  year={2021},
  volume={},
  number={},
  pages={1-5},
  keywords={Training;Deconvolution;Image color analysis;Convolution;Neural networks;Signal processing algorithms;Feature extraction;deep learning;hyperspectral tracking;spectral-spatial-temporal attention},
  doi={10.1109/WHISPERS52202.2021.9484032}}

@inproceedings{TransT,
  title={Transformer tracking},
  author={Chen, Xin and Yan, Bin and Zhu, Jiawen and Wang, Dong and Yang, Xiaoyun and Lu, Huchuan},
  booktitle={Proceedings of the IEEE/CVF conference on computer vision and pattern recognition},
  pages={8126--8135},
  year={2021}
}

@inproceedings{SiamGAT,
  title={Graph attention tracking},
  author={Guo, Dongyan and Shao, Yanyan and Cui, Ying and Wang, Zhenhua and Zhang, Liyan and Shen, Chunhua},
  booktitle={Proceedings of the IEEE/CVF conference on computer vision and pattern recognition},
  pages={9543--9552},
  year={2021}
}

@inproceedings{SimTrack,
  title={Backbone is all your need: A simplified architecture for visual object tracking},
  author={Chen, Boyu and Li, Peixia and Bai, Lei and Qiao, Lei and Shen, Qiuhong and Li, Bo and Gan, Weihao and Wu, Wei and Ouyang, Wanli},
  booktitle={European Conference on Computer Vision},
  pages={375--392},
  year={2022},
  organization={Springer}
}

@inproceedings{OSTrack,
  title={Joint feature learning and relation modeling for tracking: A one-stream framework},
  author={Ye, Botao and Chang, Hong and Ma, Bingpeng and Shan, Shiguang and Chen, Xilin},
  booktitle={European Conference on Computer Vision},
  pages={341--357},
  year={2022},
  organization={Springer}
}

@ARTICLE{TransDAT,
  author={Wu, Yinan and Jiao, Licheng and Liu, Xu and Liu, Fang and Yang, Shuyuan and Li, Lingling},
  journal={IEEE Transactions on Circuits and Systems for Video Technology}, 
  title={Domain Adaptation-aware Transformer for Hyperspectral Object Tracking}, 
  year={2024},
  volume={},
  number={},
  pages={1-1},
  keywords={Hyperspectral imaging;Target tracking;Feature extraction;Transformers;Object tracking;Image color analysis;Visualization;Domain adaptation;Transformer;attention-based learning;feature representation;hyperspectral object tracking},
  doi={10.1109/TCSVT.2024.3385273}}

@ARTICLE{SPIRIT,
  author={Chen, Yuzeng and Yuan, Qiangqiang and Tang, Yuqi and Xiao, Yi and He, Jiang and Zhang, Liangpei},
  journal={IEEE Transactions on Geoscience and Remote Sensing}, 
  title={SPIRIT: Spectral Awareness Interaction Network With Dynamic Template for Hyperspectral Object Tracking}, 
  year={2024},
  volume={62},
  number={},
  pages={1-16},
  keywords={Feature extraction;Object tracking;Correlation;Photonic band gap;Hyperspectral imaging;Visualization;Clutter;Dynamic template;hyperspectral (HS) object tracking;information interaction;spectral awareness},
  doi={10.1109/TGRS.2023.3347950}}

@ARTICLE{SEE-Net,
  author={Li, Zhuanfeng and Xiong, Fengchao and Zhou, Jun and Lu, Jianfeng and Qian, Yuntao},
  journal={IEEE Transactions on Image Processing}, 
  title={Learning a Deep Ensemble Network With Band Importance for Hyperspectral Object Tracking}, 
  year={2023},
  volume={32},
  number={},
  pages={2901-2914},
  keywords={Hyperspectral imaging;Target tracking;Object tracking;Visualization;Feature extraction;Task analysis;Videos;Object tracking;hyperspectral videos;learning to optimize;ensemble learning},
  doi={10.1109/TIP.2023.3263109}}