@article{HJ,
  author       = {Pavel Hrubes and
                  Pushkar S. Joglekar},
  title        = {On read-\emph{k} projections of the determinant},
  journal      = {Electron. Colloquium Comput. Complex.},
  volume       = {{TR24-125}},
  year         = {2024},
  url          = {https://eccc.weizmann.ac.il/report/2024/125},
  eprinttype    = {ECCC},
  eprint       = {TR24-125},
  timestamp    = {Thu, 08 Aug 2024 13:04:10 +0200},
  biburl       = {https://dblp.org/rec/journals/eccc/HrubesJ24.bib},
  bibsource    = {dblp computer science bibliography, https://dblp.org}
}

@inproceedings{LR,
  author       = {Joseph M. Landsberg and
                  Nicolas Ressayre},
  editor       = {Madhu Sudan},
  title        = {Permanent v. Determinant: An Exponential Lower Bound Assuming Symmetry},
  booktitle    = {Proceedings of the 2016 {ACM} Conference on Innovations in Theoretical
                  Computer Science, Cambridge, MA, USA, January 14-16, 2016},
  pages        = {29--35},
  publisher    = {{ACM}},
  year         = {2016},
  url          = {https://doi.org/10.1145/2840728.2840735},
  doi          = {10.1145/2840728.2840735},
  timestamp    = {Tue, 14 Jun 2022 13:12:41 +0200},
  biburl       = {https://dblp.org/rec/conf/innovations/LandsbergR16.bib},
  bibsource    = {dblp computer science bibliography, https://dblp.org}
}

@inproceedings{gathen,
  author       = {Joachim von zur Gathen},
  title        = {Permanent and Determinant},
  booktitle    = {27th Annual Symposium on Foundations of Computer Science, Toronto,
                  Canada, 27-29 October 1986},
  pages        = {398--401},
  publisher    = {{IEEE} Computer Society},
  year         = {1986},
  url          = {https://doi.org/10.1109/SFCS.1986.42},
  doi          = {10.1109/SFCS.1986.42},
  timestamp    = {Thu, 23 Mar 2023 23:57:52 +0100},
  biburl       = {https://dblp.org/rec/conf/focs/Gathen86.bib},
  bibsource    = {dblp computer science bibliography, https://dblp.org}
}

@article{chen2011partial,
	author = {Chen, Xi and Kayal, Neeraj and Wigderson, Avi },
	date-added = {2024-09-05 09:39:35 +0200},
	date-modified = {2024-09-05 11:27:49 +0200},
	journal = {Foundations and Trends in Theoretical Computer Science},
	number = {1--2},
	pages = {1--138},
	publisher = {Now Publishers, Inc.},
	title = {Partial derivatives in arithmetic complexity and beyond},
	volume = {6},
	year = {2011}}


@article{cai2010quadratic,
	author = {Cai, Jin-Yi and Chen, Xi and Li, Dong},
	date-added = {2024-09-04 21:53:01 +0200},
	date-modified = {2024-09-04 21:53:01 +0200},
	journal = {computational complexity},
	number = {1},
	pages = {37--56},
	publisher = {Springer},
	title = {Quadratic lower bound for permanent vs. determinant in any characteristic},
	volume = {19},
	year = {2010}}


@article{mignon2004quadratic,
	author = {Mignon, Thierry and Ressayre, Nicolas},
	date-added = {2024-09-04 21:52:39 +0200},
	date-modified = {2024-09-05 10:23:28 +0200},
	journal = {International Mathematics Research Notices},
	number = {79},
	pages = {4241--4253},
	publisher = {Hindawi Publishing Corporation},
	title = {A quadratic bound for the determinant and permanent problem},
	year = {2004}}


@article{malod2008characterizing,
	author = {Malod, Guillaume and Portier, Natacha},
	date-added = {2024-09-04 21:06:43 +0200},
	date-modified = {2024-09-05 11:29:49 +0200},
	journal = {Journal of complexity},
	number = {1},
	pages = {16--38},
	publisher = {Elsevier},
	title = {Characterizing {V}aliant's algebraic complexity classes},
	volume = {24},
	year = {2008}}


@article{mulmuley2011p,
	author = {Mulmuley, Ketan D},
	date-added = {2024-09-04 21:04:46 +0200},
	date-modified = {2024-09-05 08:57:21 +0200},
	journal = {Journal of the ACM},
	number = {2},
	pages = {1--26},
	publisher = {ACM New York, NY, USA},
	title = {On {P} vs. {NP} and geometric complexity theory},
	volume = {58},
	year = {2011}}


@article{toda1991pp,
	author = {Toda, Seinosuke},
	date-added = {2024-09-04 16:24:37 +0200},
	date-modified = {2024-09-05 08:56:38 +0200},
	journal = {SIAM Journal on Computing},
	number = {5},
	pages = {865--877},
	publisher = {SIAM},
	title = {{PP} is as hard as the polynomial-time hierarchy},
	volume = {20},
	year = {1991}}


@article{aaronson2011linear,
	author = {Aaronson, Scott},
	date-added = {2024-09-04 16:23:09 +0200},
	date-modified = {2024-09-05 08:58:17 +0200},
	journal = {Proceedings of the Royal Society A: Mathematical, Physical and Engineering Sciences},
	number = {2136},
	pages = {3393--3405},
	publisher = {The Royal Society Publishing},
	title = {A linear-optical proof that the permanent is \#{P}-hard},
	volume = {467},
	year = {2011}}


@article{valiant1979complexity,
	author = {Valiant, Leslie G.},
	date-added = {2024-09-04 16:22:11 +0200},
	date-modified = {2024-09-05 11:28:36 +0200},
	journal = {Theoretical computer science},
	number = {2},
	pages = {189--201},
	publisher = {Elsevier},
	title = {The complexity of computing the permanent},
	volume = {8},
	year = {1979}}


@inproceedings{valiant1979completeness,
	author = {Valiant, Leslie G.},
	booktitle = {STOC},
	date-added = {2024-09-04 16:20:09 +0200},
	date-modified = {2024-09-05 11:29:09 +0200},
	pages = {249--261},
	title = {Completeness classes in algebra},
	year = {1979}}


@article{karp1975computational,
	author = {Karp, Richard M.},
	date-added = {2024-09-04 11:53:53 +0200},
	date-modified = {2024-09-05 11:27:24 +0200},
	journal = {Networks},
	number = {1},
	pages = {45--68},
	publisher = {Wiley Online Library},
	title = {On the computational complexity of combinatorial problems},
	volume = {5},
	year = {1975}}


@inproceedings{wigderson2006p,
	author = {Wigderson, Avi},
	booktitle = {Proceedings of the ICM},
	date-added = {2024-09-04 11:50:33 +0200},
	date-modified = {2024-09-05 10:24:50 +0200},
	pages = {665--712},
	title = {{P, NP} and mathematics---a computational complexity perspective},
	volume = {6},
	year = {2006}}


@article{shpilka2010arithmetic,
	author = {Shpilka, Amir and Yehudayoff, Amir },
	date-added = {2024-09-04 11:49:36 +0200},
	date-modified = {2024-09-05 11:28:13 +0200},
	journal = {Foundations and Trends in Theoretical Computer Science},
	number = {3--4},
	pages = {207--388},
	publisher = {Now Publishers, Inc.},
	title = {Arithmetic circuits: A survey of recent results and open questions},
	volume = {5},
	year = {2010}}


@book{burgisser2013algebraic,
	author = {B{\"u}rgisser, Peter and Clausen, Michael and Shokrollahi, Mohammad A},
	date-added = {2024-09-04 11:48:38 +0200},
	date-modified = {2024-09-04 11:48:38 +0200},
	publisher = {Springer Science \& Business Media},
	title = {Algebraic complexity theory},
	volume = {315},
	year = {2013}}

@book{burgisser2013completeness,
  title={Completeness and reduction in algebraic complexity theory},
  author={B{\"u}rgisser, Peter},
  volume={7},
  year={2000},
  publisher={Springer Science \& Business Media}
}

@article{mahajan1999determinant,
  title={Determinant: Old algorithms, new insights},
  author={Mahajan, Meena and Vinay, V},
  journal={SIAM journal on Discrete Mathematics},
  volume={12},
  number={4},
  pages={474--490},
  year={1999},
  publisher={SIAM}
}