@article{HJ,
  author       = {Pavel Hrubes and
                  Pushkar S. Joglekar},
  title        = {On read-\emph{k} projections of the determinant},
  journal      = {Electron. Colloquium Comput. Complex.},
  volume       = {{TR24-125}},
  year         = {2024},
  url          = {https://eccc.weizmann.ac.il/report/2024/125},
  eprinttype    = {ECCC},
  eprint       = {TR24-125},
  timestamp    = {Thu, 08 Aug 2024 13:04:10 +0200},
  biburl       = {https://dblp.org/rec/journals/eccc/HrubesJ24.bib},
  bibsource    = {dblp computer science bibliography, https://dblp.org}
}

@inproceedings{LR,
  author       = {Joseph M. Landsberg and
                  Nicolas Ressayre},
  editor       = {Madhu Sudan},
  title        = {Permanent v. Determinant: An Exponential Lower Bound Assuming Symmetry},
  booktitle    = {Proceedings of the 2016 {ACM} Conference on Innovations in Theoretical
                  Computer Science, Cambridge, MA, USA, January 14-16, 2016},
  pages        = {29--35},
  publisher    = {{ACM}},
  year         = {2016},
  url          = {https://doi.org/10.1145/2840728.2840735},
  doi          = {10.1145/2840728.2840735},
  timestamp    = {Tue, 14 Jun 2022 13:12:41 +0200},
  biburl       = {https://dblp.org/rec/conf/innovations/LandsbergR16.bib},
  bibsource    = {dblp computer science bibliography, https://dblp.org}
}

@article{cai2010quadratic,
	author = {Cai, Jin-Yi and Chen, Xi and Li, Dong},
	date-added = {2024-09-04 21:53:01 +0200},
	date-modified = {2024-09-04 21:53:01 +0200},
	journal = {computational complexity},
	number = {1},
	pages = {37--56},
	publisher = {Springer},
	title = {Quadratic lower bound for permanent vs. determinant in any characteristic},
	volume = {19},
	year = {2010}}

@inproceedings{gathen,
  author       = {Joachim von zur Gathen},
  title        = {Permanent and Determinant},
  booktitle    = {27th Annual Symposium on Foundations of Computer Science, Toronto,
                  Canada, 27-29 October 1986},
  pages        = {398--401},
  publisher    = {{IEEE} Computer Society},
  year         = {1986},
  url          = {https://doi.org/10.1109/SFCS.1986.42},
  doi          = {10.1109/SFCS.1986.42},
  timestamp    = {Thu, 23 Mar 2023 23:57:52 +0100},
  biburl       = {https://dblp.org/rec/conf/focs/Gathen86.bib},
  bibsource    = {dblp computer science bibliography, https://dblp.org}
}

@article{mignon2004quadratic,
	author = {Mignon, Thierry and Ressayre, Nicolas},
	date-added = {2024-09-04 21:52:39 +0200},
	date-modified = {2024-09-05 10:23:28 +0200},
	journal = {International Mathematics Research Notices},
	number = {79},
	pages = {4241--4253},
	publisher = {Hindawi Publishing Corporation},
	title = {A quadratic bound for the determinant and permanent problem},
	year = {2004}}

