@inproceedings{DBLP:conf/nips/VaswaniSPUJGKP17,
  author       = {Ashish Vaswani and
                  Noam Shazeer and
                  Niki Parmar and
                  Jakob Uszkoreit and
                  Llion Jones and
                  Aidan N. Gomez and
                  Lukasz Kaiser and
                  Illia Polosukhin},
  editor       = {Isabelle Guyon and
                  Ulrike von Luxburg and
                  Samy Bengio and
                  Hanna M. Wallach and
                  Rob Fergus and
                  S. V. N. Vishwanathan and
                  Roman Garnett},
  title        = {Attention is All you Need},
  booktitle    = {Advances in Neural Information Processing Systems 30: Annual Conference
                  on Neural Information Processing Systems 2017, December 4-9, 2017,
                  Long Beach, CA, {USA}},
  pages        = {5998--6008},
  year         = {2017},
  url          = {https://proceedings.neurips.cc/paper/2017/hash/3f5ee243547dee91fbd053c1c4a845aa-Abstract.html},
  timestamp    = {Thu, 21 Jan 2021 15:15:21 +0100},
  biburl       = {https://dblp.org/rec/conf/nips/VaswaniSPUJGKP17.bib},
  bibsource    = {dblp computer science bibliography, https://dblp.org}
}
@inproceedings{DBLP:conf/sigir/RobertsonW94,
  author       = {Stephen E. Robertson and
                  Steve Walker},
  editor       = {W. Bruce Croft and
                  C. J. van Rijsbergen},
  title        = {Some Simple Effective Approximations to the 2-Poisson Model for Probabilistic
                  Weighted Retrieval},
  booktitle    = {Proceedings of the 17th Annual International {ACM-SIGIR} Conference
                  on Research and Development in Information Retrieval. Dublin, Ireland,
                  3-6 July 1994 (Special Issue of the {SIGIR} Forum)},
  pages        = {232--241},
  publisher    = {ACM/Springer},
  year         = {1994},
  url          = {https://doi.org/10.1007/978-1-4471-2099-5\_24},
  doi          = {10.1007/978-1-4471-2099-5\_24},
  timestamp    = {Thu, 14 Oct 2021 10:27:21 +0200},
  biburl       = {https://dblp.org/rec/conf/sigir/RobertsonW94.bib},
  bibsource    = {dblp computer science bibliography, https://dblp.org}
}

@inproceedings{DBLP:conf/ictir/HashemiZKPMC23,
  author       = {Helia Hashemi and
                  Yong Zhuang and
                  Sachith Sri Ram Kothur and
                  Srivas Prasad and
                  Edgar Meij and
                  W. Bruce Croft},
  editor       = {Masaharu Yoshioka and
                  Julia Kiseleva and
                  Mohammad Aliannejadi},
  title        = {Dense Retrieval Adaptation using Target Domain Description},
  booktitle    = {Proceedings of the 2023 {ACM} {SIGIR} International Conference on
                  Theory of Information Retrieval, {ICTIR} 2023, Taipei, Taiwan, 23
                  July 2023},
  pages        = {95--104},
  publisher    = {{ACM}},
  year         = {2023},
  url          = {https://doi.org/10.1145/3578337.3605127},
  doi          = {10.1145/3578337.3605127},
  timestamp    = {Sun, 06 Oct 2024 21:06:56 +0200},
  biburl       = {https://dblp.org/rec/conf/ictir/HashemiZKPMC23.bib},
  bibsource    = {dblp computer science bibliography, https://dblp.org}
}

@inproceedings{DBLP:conf/sigir/LiD0L24,
  author       = {Xiaoxi Li and
                  Zhicheng Dou and
                  Yujia Zhou and
                  Fangchao Liu},
  editor       = {Grace Hui Yang and
                  Hongning Wang and
                  Sam Han and
                  Claudia Hauff and
                  Guido Zuccon and
                  Yi Zhang},
  title        = {CorpusLM: Towards a Unified Language Model on Corpus for Knowledge-Intensive
                  Tasks},
  booktitle    = {Proceedings of the 47th International {ACM} {SIGIR} Conference on
                  Research and Development in Information Retrieval, {SIGIR} 2024, Washington
                  DC, USA, July 14-18, 2024},
  pages        = {26--37},
  publisher    = {{ACM}},
  year         = {2024},
  url          = {https://doi.org/10.1145/3626772.3657778},
  doi          = {10.1145/3626772.3657778},
  timestamp    = {Sun, 06 Oct 2024 21:14:16 +0200},
  biburl       = {https://dblp.org/rec/conf/sigir/LiD0L24.bib},
  bibsource    = {dblp computer science bibliography, https://dblp.org}
}

@misc{tang2024selfretrievalendtoendinformationretrieval,
      title={Self-Retrieval: End-to-End Information Retrieval with One Large Language Model}, 
      author={Qiaoyu Tang and Jiawei Chen and Zhuoqun Li and Bowen Yu and Yaojie Lu and Cheng Fu and Haiyang Yu and Hongyu Lin and Fei Huang and Ben He and Xianpei Han and Le Sun and Yongbin Li},
      year={2024},
      eprint={2403.00801},
      archivePrefix={arXiv},
      primaryClass={cs.IR},
      url={https://arxiv.org/abs/2403.00801}, 
}


@inproceedings{DBLP:conf/www/Zeng0JSWZ24,
  author       = {Hansi Zeng and
                  Chen Luo and
                  Bowen Jin and
                  Sheikh Muhammad Sarwar and
                  Tianxin Wei and
                  Hamed Zamani},
  editor       = {Tat{-}Seng Chua and
                  Chong{-}Wah Ngo and
                  Ravi Kumar and
                  Hady W. Lauw and
                  Roy Ka{-}Wei Lee},
  title        = {Scalable and Effective Generative Information Retrieval},
  booktitle    = {Proceedings of the {ACM} on Web Conference 2024, {WWW} 2024, Singapore,
                  May 13-17, 2024},
  pages        = {1441--1452},
  publisher    = {{ACM}},
  year         = {2024},
  url          = {https://doi.org/10.1145/3589334.3645477},
  doi          = {10.1145/3589334.3645477},
  timestamp    = {Fri, 17 May 2024 21:42:53 +0200},
  biburl       = {https://dblp.org/rec/conf/www/Zeng0JSWZ24.bib},
  bibsource    = {dblp computer science bibliography, https://dblp.org}
}
@inproceedings{DBLP:conf/nips/ZhangWCCZMHDMWP23,
  author       = {Hailin Zhang and
                  Yujing Wang and
                  Qi Chen and
                  Ruiheng Chang and
                  Ting Zhang and
                  Ziming Miao and
                  Yingyan Hou and
                  Yang Ding and
                  Xupeng Miao and
                  Haonan Wang and
                  Bochen Pang and
                  Yuefeng Zhan and
                  Hao Sun and
                  Weiwei Deng and
                  Qi Zhang and
                  Fan Yang and
                  Xing Xie and
                  Mao Yang and
                  Bin Cui},
  editor       = {Alice Oh and
                  Tristan Naumann and
                  Amir Globerson and
                  Kate Saenko and
                  Moritz Hardt and
                  Sergey Levine},
  title        = {Model-enhanced Vector Index},
  booktitle    = {Advances in Neural Information Processing Systems 36: Annual Conference
                  on Neural Information Processing Systems 2023, NeurIPS 2023, New Orleans,
                  LA, USA, December 10 - 16, 2023},
  year         = {2023},
  url          = {http://papers.nips.cc/paper\_files/paper/2023/hash/ac112e8ffc4e5b9ece32070440a8ca43-Abstract-Conference.html},
  timestamp    = {Mon, 21 Oct 2024 07:58:41 +0200},
  biburl       = {https://dblp.org/rec/conf/nips/ZhangWCCZMHDMWP23.bib},
  bibsource    = {dblp computer science bibliography, https://dblp.org}
}
@inproceedings{DBLP:conf/kdd/Tang0GCZWYC23,
  author       = {Yubao Tang and
                  Ruqing Zhang and
                  Jiafeng Guo and
                  Jiangui Chen and
                  Zuowei Zhu and
                  Shuaiqiang Wang and
                  Dawei Yin and
                  Xueqi Cheng},
  editor       = {Ambuj K. Singh and
                  Yizhou Sun and
                  Leman Akoglu and
                  Dimitrios Gunopulos and
                  Xifeng Yan and
                  Ravi Kumar and
                  Fatma Ozcan and
                  Jieping Ye},
  title        = {Semantic-Enhanced Differentiable Search Index Inspired by Learning
                  Strategies},
  booktitle    = {Proceedings of the 29th {ACM} {SIGKDD} Conference on Knowledge Discovery
                  and Data Mining, {KDD} 2023, Long Beach, CA, USA, August 6-10, 2023},
  pages        = {4904--4913},
  publisher    = {{ACM}},
  year         = {2023},
  url          = {https://doi.org/10.1145/3580305.3599903},
  doi          = {10.1145/3580305.3599903},
  timestamp    = {Mon, 25 Sep 2023 08:29:22 +0200},
  biburl       = {https://dblp.org/rec/conf/kdd/Tang0GCZWYC23.bib},
  bibsource    = {dblp computer science bibliography, https://dblp.org}
}
@inproceedings{DBLP:conf/cikm/ChenZG0FC22,
  author       = {Jiangui Chen and
                  Ruqing Zhang and
                  Jiafeng Guo and
                  Yiqun Liu and
                  Yixing Fan and
                  Xueqi Cheng},
  editor       = {Mohammad Al Hasan and
                  Li Xiong},
  title        = {CorpusBrain: Pre-train a Generative Retrieval Model for Knowledge-Intensive
                  Language Tasks},
  booktitle    = {Proceedings of the 31st {ACM} International Conference on Information
                  {\&} Knowledge Management, Atlanta, GA, USA, October 17-21, 2022},
  pages        = {191--200},
  publisher    = {{ACM}},
  year         = {2022},
  url          = {https://doi.org/10.1145/3511808.3557271},
  doi          = {10.1145/3511808.3557271},
  timestamp    = {Mon, 26 Jun 2023 20:40:13 +0200},
  biburl       = {https://dblp.org/rec/conf/cikm/ChenZG0FC22.bib},
  bibsource    = {dblp computer science bibliography, https://dblp.org}
}
@article{DBLP:journals/ipm/LiYWWL23,
  author       = {Yongqi Li and
                  Nan Yang and
                  Liang Wang and
                  Furu Wei and
                  Wenjie Li},
  title        = {Generative retrieval for conversational question answering},
  journal      = {Inf. Process. Manag.},
  volume       = {60},
  number       = {5},
  pages        = {103475},
  year         = {2023},
  url          = {https://doi.org/10.1016/j.ipm.2023.103475},
  doi          = {10.1016/J.IPM.2023.103475},
  timestamp    = {Tue, 23 Jul 2024 08:24:21 +0200},
  biburl       = {https://dblp.org/rec/journals/ipm/LiYWWL23.bib},
  bibsource    = {dblp computer science bibliography, https://dblp.org}
}
@inproceedings{DBLP:conf/sigir/Chen0GR0FC23,
  author       = {Jiangui Chen and
                  Ruqing Zhang and
                  Jiafeng Guo and
                  Maarten de Rijke and
                  Yiqun Liu and
                  Yixing Fan and
                  Xueqi Cheng},
  editor       = {Hsin{-}Hsi Chen and
                  Wei{-}Jou (Edward) Duh and
                  Hen{-}Hsen Huang and
                  Makoto P. Kato and
                  Josiane Mothe and
                  Barbara Poblete},
  title        = {A Unified Generative Retriever for Knowledge-Intensive Language Tasks
                  via Prompt Learning},
  booktitle    = {Proceedings of the 46th International {ACM} {SIGIR} Conference on
                  Research and Development in Information Retrieval, {SIGIR} 2023, Taipei,
                  Taiwan, July 23-27, 2023},
  pages        = {1448--1457},
  publisher    = {{ACM}},
  year         = {2023},
  url          = {https://doi.org/10.1145/3539618.3591631},
  doi          = {10.1145/3539618.3591631},
  timestamp    = {Fri, 21 Jul 2023 22:25:21 +0200},
  biburl       = {https://dblp.org/rec/conf/sigir/Chen0GR0FC23.bib},
  bibsource    = {dblp computer science bibliography, https://dblp.org}
}
@article{DBLP:journals/corr/abs-2206-10128,
  author       = {Shengyao Zhuang and
                  Houxing Ren and
                  Linjun Shou and
                  Jian Pei and
                  Ming Gong and
                  Guido Zuccon and
                  Daxin Jiang},
  title        = {Bridging the Gap Between Indexing and Retrieval for Differentiable
                  Search Index with Query Generation},
  journal      = {CoRR},
  volume       = {abs/2206.10128},
  year         = {2022},
  url          = {https://doi.org/10.48550/arXiv.2206.10128},
  doi          = {10.48550/ARXIV.2206.10128},
  eprinttype    = {arXiv},
  eprint       = {2206.10128},
  timestamp    = {Mon, 01 May 2023 13:01:50 +0200},
  biburl       = {https://dblp.org/rec/journals/corr/abs-2206-10128.bib},
  bibsource    = {dblp computer science bibliography, https://dblp.org}
}
@article{nogueiradoc2query,
  title={From doc2query to docTTTTTquery},
  author={Nogueira, Rodrigo and Lin, Jimmy and Epistemic, AI},
  year={2019}
}
@inproceedings{DBLP:conf/nips/Ouyang0JAWMZASR22,
  author       = {Long Ouyang and
                  Jeffrey Wu and
                  Xu Jiang and
                  Diogo Almeida and
                  Carroll L. Wainwright and
                  Pamela Mishkin and
                  Chong Zhang and
                  Sandhini Agarwal and
                  Katarina Slama and
                  Alex Ray and
                  John Schulman and
                  Jacob Hilton and
                  Fraser Kelton and
                  Luke Miller and
                  Maddie Simens and
                  Amanda Askell and
                  Peter Welinder and
                  Paul F. Christiano and
                  Jan Leike and
                  Ryan Lowe},
  editor       = {Sanmi Koyejo and
                  S. Mohamed and
                  A. Agarwal and
                  Danielle Belgrave and
                  K. Cho and
                  A. Oh},
  title        = {Training language models to follow instructions with human feedback},
  booktitle    = {Advances in Neural Information Processing Systems 35: Annual Conference
                  on Neural Information Processing Systems 2022, NeurIPS 2022, New Orleans,
                  LA, USA, November 28 - December 9, 2022},
  year         = {2022},
  url          = {http://papers.nips.cc/paper\_files/paper/2022/hash/b1efde53be364a73914f58805a001731-Abstract-Conference.html},
  timestamp    = {Mon, 08 Jan 2024 16:31:36 +0100},
  biburl       = {https://dblp.org/rec/conf/nips/Ouyang0JAWMZASR22.bib},
  bibsource    = {dblp computer science bibliography, https://dblp.org}
}
@article{DBLP:journals/corr/abs-2405-16436,
  author       = {Zhihan Liu and
                  Miao Lu and
                  Shenao Zhang and
                  Boyi Liu and
                  Hongyi Guo and
                  Yingxiang Yang and
                  Jose H. Blanchet and
                  Zhaoran Wang},
  title        = {Provably Mitigating Overoptimization in {RLHF:} Your {SFT} Loss is
                  Implicitly an Adversarial Regularizer},
  journal      = {CoRR},
  volume       = {abs/2405.16436},
  year         = {2024},
  url          = {https://doi.org/10.48550/arXiv.2405.16436},
  doi          = {10.48550/ARXIV.2405.16436},
  eprinttype    = {arXiv},
  eprint       = {2405.16436},
  timestamp    = {Tue, 18 Jun 2024 16:10:22 +0200},
  biburl       = {https://dblp.org/rec/journals/corr/abs-2405-16436.bib},
  bibsource    = {dblp computer science bibliography, https://dblp.org}
}
@article{DBLP:journals/corr/abs-2404-19733,
  author       = {Richard Yuanzhe Pang and
                  Weizhe Yuan and
                  Kyunghyun Cho and
                  He He and
                  Sainbayar Sukhbaatar and
                  Jason Weston},
  title        = {Iterative Reasoning Preference Optimization},
  journal      = {CoRR},
  volume       = {abs/2404.19733},
  year         = {2024},
  url          = {https://doi.org/10.48550/arXiv.2404.19733},
  doi          = {10.48550/ARXIV.2404.19733},
  eprinttype    = {arXiv},
  eprint       = {2404.19733},
  timestamp    = {Wed, 29 May 2024 21:52:32 +0200},
  biburl       = {https://dblp.org/rec/journals/corr/abs-2404-19733.bib},
  bibsource    = {dblp computer science bibliography, https://dblp.org}
}
@inproceedings{DBLP:conf/nips/RafailovSMMEF23,
  author       = {Rafael Rafailov and
                  Archit Sharma and
                  Eric Mitchell and
                  Christopher D. Manning and
                  Stefano Ermon and
                  Chelsea Finn},
  editor       = {Alice Oh and
                  Tristan Naumann and
                  Amir Globerson and
                  Kate Saenko and
                  Moritz Hardt and
                  Sergey Levine},
  title        = {Direct Preference Optimization: Your Language Model is Secretly a
                  Reward Model},
  booktitle    = {Advances in Neural Information Processing Systems 36: Annual Conference
                  on Neural Information Processing Systems 2023, NeurIPS 2023, New Orleans,
                  LA, USA, December 10 - 16, 2023},
  year         = {2023},
  url          = {http://papers.nips.cc/paper\_files/paper/2023/hash/a85b405ed65c6477a4fe8302b5e06ce7-Abstract-Conference.html},
  timestamp    = {Fri, 01 Mar 2024 16:26:20 +0100},
  biburl       = {https://dblp.org/rec/conf/nips/RafailovSMMEF23.bib},
  bibsource    = {dblp computer science bibliography, https://dblp.org}
}
@inproceedings{DBLP:conf/sigir/ZhangL0DLC24,
  author       = {Peitian Zhang and
                  Zheng Liu and
                  Yujia Zhou and
                  Zhicheng Dou and
                  Fangchao Liu and
                  Zhao Cao},
  editor       = {Grace Hui Yang and
                  Hongning Wang and
                  Sam Han and
                  Claudia Hauff and
                  Guido Zuccon and
                  Yi Zhang},
  title        = {Generative Retrieval via Term Set Generation},
  booktitle    = {Proceedings of the 47th International {ACM} {SIGIR} Conference on
                  Research and Development in Information Retrieval, {SIGIR} 2024, Washington
                  DC, USA, July 14-18, 2024},
  pages        = {458--468},
  publisher    = {{ACM}},
  year         = {2024},
  url          = {https://doi.org/10.1145/3626772.3657797},
  doi          = {10.1145/3626772.3657797},
  timestamp    = {Sun, 06 Oct 2024 21:14:16 +0200},
  biburl       = {https://dblp.org/rec/conf/sigir/ZhangL0DLC24.bib},
  bibsource    = {dblp computer science bibliography, https://dblp.org}
}
@article{DBLP:journals/corr/abs-2010-00904,
  author       = {Nicola De Cao and
                  Gautier Izacard and
                  Sebastian Riedel and
                  Fabio Petroni},
  title        = {Autoregressive Entity Retrieval},
  journal      = {CoRR},
  volume       = {abs/2010.00904},
  year         = {2020},
  url          = {https://arxiv.org/abs/2010.00904},
  eprinttype    = {arXiv},
  eprint       = {2010.00904},
  timestamp    = {Mon, 12 Oct 2020 17:53:10 +0200},
  biburl       = {https://dblp.org/rec/journals/corr/abs-2010-00904.bib},
  bibsource    = {dblp computer science bibliography, https://dblp.org}
}
@article{DBLP:journals/tois/TangZGRCC24,
  author       = {Yubao Tang and
                  Ruqing Zhang and
                  Jiafeng Guo and
                  Maarten de Rijke and
                  Wei Chen and
                  Xueqi Cheng},
  title        = {Listwise Generative Retrieval Models via a Sequential Learning Process},
  journal      = {{ACM} Trans. Inf. Syst.},
  volume       = {42},
  number       = {5},
  pages        = {133:1--133:31},
  year         = {2024},
  url          = {https://doi.org/10.1145/3653712},
  doi          = {10.1145/3653712},
  timestamp    = {Thu, 04 Jul 2024 22:03:10 +0200},
  biburl       = {https://dblp.org/rec/journals/tois/TangZGRCC24.bib},
  bibsource    = {dblp computer science bibliography, https://dblp.org}
}
@inproceedings{DBLP:conf/aaai/00010WWL24,
  author       = {Yongqi Li and
                  Nan Yang and
                  Liang Wang and
                  Furu Wei and
                  Wenjie Li},
  editor       = {Michael J. Wooldridge and
                  Jennifer G. Dy and
                  Sriraam Natarajan},
  title        = {Learning to Rank in Generative Retrieval},
  booktitle    = {Thirty-Eighth {AAAI} Conference on Artificial Intelligence, {AAAI}
                  2024, Thirty-Sixth Conference on Innovative Applications of Artificial
                  Intelligence, {IAAI} 2024, Fourteenth Symposium on Educational Advances
                  in Artificial Intelligence, {EAAI} 2014, February 20-27, 2024, Vancouver,
                  Canada},
  pages        = {8716--8723},
  publisher    = {{AAAI} Press},
  year         = {2024},
  url          = {https://doi.org/10.1609/aaai.v38i8.28717},
  doi          = {10.1609/AAAI.V38I8.28717},
  timestamp    = {Mon, 29 Jul 2024 16:50:05 +0200},
  biburl       = {https://dblp.org/rec/conf/aaai/00010WWL24.bib},
  bibsource    = {dblp computer science bibliography, https://dblp.org}
}
@inproceedings{DBLP:conf/nips/BevilacquaOLY0P22,
  author       = {Michele Bevilacqua and
                  Giuseppe Ottaviano and
                  Patrick S. H. Lewis and
                  Scott Yih and
                  Sebastian Riedel and
                  Fabio Petroni},
  editor       = {Sanmi Koyejo and
                  S. Mohamed and
                  A. Agarwal and
                  Danielle Belgrave and
                  K. Cho and
                  A. Oh},
  title        = {Autoregressive Search Engines: Generating Substrings as Document Identifiers},
  booktitle    = {Advances in Neural Information Processing Systems 35: Annual Conference
                  on Neural Information Processing Systems 2022, NeurIPS 2022, New Orleans,
                  LA, USA, November 28 - December 9, 2022},
  year         = {2022},
  url          = {http://papers.nips.cc/paper\_files/paper/2022/hash/cd88d62a2063fdaf7ce6f9068fb15dcd-Abstract-Conference.html},
  timestamp    = {Mon, 08 Jan 2024 16:31:27 +0100},
  biburl       = {https://dblp.org/rec/conf/nips/BevilacquaOLY0P22.bib},
  bibsource    = {dblp computer science bibliography, https://dblp.org}
}
@inproceedings{DBLP:conf/nips/0001YCWZRCYRR23,
  author       = {Weiwei Sun and
                  Lingyong Yan and
                  Zheng Chen and
                  Shuaiqiang Wang and
                  Haichao Zhu and
                  Pengjie Ren and
                  Zhumin Chen and
                  Dawei Yin and
                  Maarten de Rijke and
                  Zhaochun Ren},
  editor       = {Alice Oh and
                  Tristan Naumann and
                  Amir Globerson and
                  Kate Saenko and
                  Moritz Hardt and
                  Sergey Levine},
  title        = {Learning to Tokenize for Generative Retrieval},
  booktitle    = {Advances in Neural Information Processing Systems 36: Annual Conference
                  on Neural Information Processing Systems 2023, NeurIPS 2023, New Orleans,
                  LA, USA, December 10 - 16, 2023},
  year         = {2023},
  url          = {http://papers.nips.cc/paper\_files/paper/2023/hash/91228b942a4528cdae031c1b68b127e8-Abstract-Conference.html},
  timestamp    = {Fri, 01 Mar 2024 16:26:20 +0100},
  biburl       = {https://dblp.org/rec/conf/nips/0001YCWZRCYRR23.bib},
  bibsource    = {dblp computer science bibliography, https://dblp.org}
}
@article{DBLP:journals/corr/abs-2208-09257,
  author       = {Yujia Zhou and
                  Jing Yao and
                  Zhicheng Dou and
                  Ledell Wu and
                  Peitian Zhang and
                  Ji{-}Rong Wen},
  title        = {Ultron: An Ultimate Retriever on Corpus with a Model-based Indexer},
  journal      = {CoRR},
  volume       = {abs/2208.09257},
  year         = {2022},
  url          = {https://doi.org/10.48550/arXiv.2208.09257},
  doi          = {10.48550/ARXIV.2208.09257},
  eprinttype    = {arXiv},
  eprint       = {2208.09257},
  timestamp    = {Tue, 21 Mar 2023 21:05:09 +0100},
  biburl       = {https://dblp.org/rec/journals/corr/abs-2208-09257.bib},
  bibsource    = {dblp computer science bibliography, https://dblp.org}
}
@inproceedings{DBLP:conf/nips/Tay00NBM000GSCM22,
  author       = {Yi Tay and
                  Vinh Tran and
                  Mostafa Dehghani and
                  Jianmo Ni and
                  Dara Bahri and
                  Harsh Mehta and
                  Zhen Qin and
                  Kai Hui and
                  Zhe Zhao and
                  Jai Prakash Gupta and
                  Tal Schuster and
                  William W. Cohen and
                  Donald Metzler},
  editor       = {Sanmi Koyejo and
                  S. Mohamed and
                  A. Agarwal and
                  Danielle Belgrave and
                  K. Cho and
                  A. Oh},
  title        = {Transformer Memory as a Differentiable Search Index},
  booktitle    = {Advances in Neural Information Processing Systems 35: Annual Conference
                  on Neural Information Processing Systems 2022, NeurIPS 2022, New Orleans,
                  LA, USA, November 28 - December 9, 2022},
  year         = {2022},
  url          = {http://papers.nips.cc/paper\_files/paper/2022/hash/892840a6123b5ec99ebaab8be1530fba-Abstract-Conference.html},
  timestamp    = {Tue, 22 Oct 2024 07:56:33 +0200},
  biburl       = {https://dblp.org/rec/conf/nips/Tay00NBM000GSCM22.bib},
  bibsource    = {dblp computer science bibliography, https://dblp.org}
}

@misc{bge_embedding,
      title={C-Pack: Packaged Resources To Advance General Chinese Embedding}, 
      author={Shitao Xiao and Zheng Liu and Peitian Zhang and Niklas Muennighoff},
      year={2023},
      eprint={2309.07597},
      archivePrefix={arXiv},
      primaryClass={cs.CL}
}
@misc{izacard2021contriever,
      title={Unsupervised Dense Information Retrieval with Contrastive Learning}, 
      author={Gautier Izacard and Mathilde Caron and Lucas Hosseini and Sebastian Riedel and Piotr Bojanowski and Armand Joulin and Edouard Grave},
      year={2021},
      url = {https://arxiv.org/abs/2112.09118},
      doi = {10.48550/ARXIV.2112.09118},
}
@article{li2023towards,
  title={Towards general text embeddings with multi-stage contrastive learning},
  author={Li, Zehan and Zhang, Xin and Zhang, Yanzhao and Long, Dingkun and Xie, Pengjun and Zhang, Meishan},
  journal={arXiv preprint arXiv:2308.03281},
  year={2023}
}



@inproceedings{DBLP:conf/iclr/Dao24,
  author       = {Tri Dao},
  title        = {FlashAttention-2: Faster Attention with Better Parallelism and Work
                  Partitioning},
  booktitle    = {The Twelfth International Conference on Learning Representations,
                  {ICLR} 2024, Vienna, Austria, May 7-11, 2024},
  publisher    = {OpenReview.net},
  year         = {2024},
  url          = {https://openreview.net/forum?id=mZn2Xyh9Ec},
  timestamp    = {Wed, 07 Aug 2024 17:11:53 +0200},
  biburl       = {https://dblp.org/rec/conf/iclr/Dao24.bib},
  bibsource    = {dblp computer science bibliography, https://dblp.org}
}
@inproceedings{DBLP:conf/kdd/RasleyRRH20,
  author       = {Jeff Rasley and
                  Samyam Rajbhandari and
                  Olatunji Ruwase and
                  Yuxiong He},
  editor       = {Rajesh Gupta and
                  Yan Liu and
                  Jiliang Tang and
                  B. Aditya Prakash},
  title        = {DeepSpeed: System Optimizations Enable Training Deep Learning Models
                  with Over 100 Billion Parameters},
  booktitle    = {{KDD} '20: The 26th {ACM} {SIGKDD} Conference on Knowledge Discovery
                  and Data Mining, Virtual Event, CA, USA, August 23-27, 2020},
  pages        = {3505--3506},
  publisher    = {{ACM}},
  year         = {2020},
  url          = {https://doi.org/10.1145/3394486.3406703},
  doi          = {10.1145/3394486.3406703},
  timestamp    = {Tue, 09 Mar 2021 09:46:47 +0100},
  biburl       = {https://dblp.org/rec/conf/kdd/RasleyRRH20.bib},
  bibsource    = {dblp computer science bibliography, https://dblp.org}
}
@Misc{accelerate,
  title =        {Accelerate: Training and inference at scale made simple, efficient and adaptable.},
  author =       {Sylvain Gugger and Lysandre Debut and Thomas Wolf and Philipp Schmid and Zachary Mueller and Sourab Mangrulkar and Marc Sun and Benjamin Bossan},
  howpublished = {\url{https://github.com/huggingface/accelerate}},
  year =         {2022}
}
@misc{vonwerra2022trl,
  author = {Leandro von Werra and Younes Belkada and Lewis Tunstall and Edward Beeching and Tristan Thrush and Nathan Lambert and Shengyi Huang and Kashif Rasul and Quentin Gallouédec},
  title = {TRL: Transformer Reinforcement Learning},
  year = {2020},
  publisher = {GitHub},
  journal = {GitHub repository},
  howpublished = {\url{https://github.com/huggingface/trl}}
}

@article{DBLP:journals/jmlr/RaffelSRLNMZLL20,
  author       = {Colin Raffel and
                  Noam Shazeer and
                  Adam Roberts and
                  Katherine Lee and
                  Sharan Narang and
                  Michael Matena and
                  Yanqi Zhou and
                  Wei Li and
                  Peter J. Liu},
  title        = {Exploring the Limits of Transfer Learning with a Unified Text-to-Text
                  Transformer},
  journal      = {J. Mach. Learn. Res.},
  volume       = {21},
  pages        = {140:1--140:67},
  year         = {2020},
  url          = {https://jmlr.org/papers/v21/20-074.html},
  timestamp    = {Wed, 11 Sep 2024 14:41:27 +0200},
  biburl       = {https://dblp.org/rec/journals/jmlr/RaffelSRLNMZLL20.bib},
  bibsource    = {dblp computer science bibliography, https://dblp.org}
}
@article{DBLP:journals/corr/abs-2401-04088,
  author       = {Albert Q. Jiang and
                  Alexandre Sablayrolles and
                  Antoine Roux and
                  Arthur Mensch and
                  Blanche Savary and
                  Chris Bamford and
                  Devendra Singh Chaplot and
                  Diego de Las Casas and
                  Emma Bou Hanna and
                  Florian Bressand and
                  Gianna Lengyel and
                  Guillaume Bour and
                  Guillaume Lample and
                  L{\'{e}}lio Renard Lavaud and
                  Lucile Saulnier and
                  Marie{-}Anne Lachaux and
                  Pierre Stock and
                  Sandeep Subramanian and
                  Sophia Yang and
                  Szymon Antoniak and
                  Teven Le Scao and
                  Th{\'{e}}ophile Gervet and
                  Thibaut Lavril and
                  Thomas Wang and
                  Timoth{\'{e}}e Lacroix and
                  William El Sayed},
  title        = {Mixtral of Experts},
  journal      = {CoRR},
  volume       = {abs/2401.04088},
  year         = {2024},
  url          = {https://doi.org/10.48550/arXiv.2401.04088},
  doi          = {10.48550/ARXIV.2401.04088},
  eprinttype    = {arXiv},
  eprint       = {2401.04088},
  timestamp    = {Wed, 24 Jan 2024 16:19:32 +0100},
  biburl       = {https://dblp.org/rec/journals/corr/abs-2401-04088.bib},
  bibsource    = {dblp computer science bibliography, https://dblp.org}
}
@article{anthropic2024claude,
  title={The claude 3 model family: Opus, sonnet, haiku},
  author={Anthropic, AI},
  journal={Claude-3 Model Card},
  volume={1},
  year={2024}
}
@article{DBLP:journals/corr/abs-2310-06825,
  author       = {Albert Q. Jiang and
                  Alexandre Sablayrolles and
                  Arthur Mensch and
                  Chris Bamford and
                  Devendra Singh Chaplot and
                  Diego de Las Casas and
                  Florian Bressand and
                  Gianna Lengyel and
                  Guillaume Lample and
                  Lucile Saulnier and
                  L{\'{e}}lio Renard Lavaud and
                  Marie{-}Anne Lachaux and
                  Pierre Stock and
                  Teven Le Scao and
                  Thibaut Lavril and
                  Thomas Wang and
                  Timoth{\'{e}}e Lacroix and
                  William El Sayed},
  title        = {Mistral 7B},
  journal      = {CoRR},
  volume       = {abs/2310.06825},
  year         = {2023},
  url          = {https://doi.org/10.48550/arXiv.2310.06825},
  doi          = {10.48550/ARXIV.2310.06825},
  eprinttype    = {arXiv},
  eprint       = {2310.06825},
  timestamp    = {Thu, 26 Oct 2023 16:46:26 +0200},
  biburl       = {https://dblp.org/rec/journals/corr/abs-2310-06825.bib},
  bibsource    = {dblp computer science bibliography, https://dblp.org}
}
@inproceedings{DBLP:conf/nips/YuZZMRKSZ23,
  author       = {Yue Yu and
                  Yuchen Zhuang and
                  Jieyu Zhang and
                  Yu Meng and
                  Alexander J. Ratner and
                  Ranjay Krishna and
                  Jiaming Shen and
                  Chao Zhang},
  editor       = {Alice Oh and
                  Tristan Naumann and
                  Amir Globerson and
                  Kate Saenko and
                  Moritz Hardt and
                  Sergey Levine},
  title        = {Large Language Model as Attributed Training Data Generator: {A} Tale
                  of Diversity and Bias},
  booktitle    = {Advances in Neural Information Processing Systems 36: Annual Conference
                  on Neural Information Processing Systems 2023, NeurIPS 2023, New Orleans,
                  LA, USA, December 10 - 16, 2023},
  year         = {2023},
  url          = {http://papers.nips.cc/paper\_files/paper/2023/hash/ae9500c4f5607caf2eff033c67daa9d7-Abstract-Datasets\_and\_Benchmarks.html},
  timestamp    = {Thu, 18 Jul 2024 15:01:34 +0200},
  biburl       = {https://dblp.org/rec/conf/nips/YuZZMRKSZ23.bib},
  bibsource    = {dblp computer science bibliography, https://dblp.org}
}
@article{DBLP:journals/corr/abs-2405-02714,
  author       = {Xinran Zhao and
                  Tong Chen and
                  Sihao Chen and
                  Hongming Zhang and
                  Tongshuang Wu},
  title        = {Beyond Relevance: Evaluate and Improve Retrievers on Perspective Awareness},
  journal      = {CoRR},
  volume       = {abs/2405.02714},
  year         = {2024},
  url          = {https://doi.org/10.48550/arXiv.2405.02714},
  doi          = {10.48550/ARXIV.2405.02714},
  eprinttype    = {arXiv},
  eprint       = {2405.02714},
  timestamp    = {Fri, 23 Aug 2024 13:54:09 +0200},
  biburl       = {https://dblp.org/rec/journals/corr/abs-2405-02714.bib},
  bibsource    = {dblp computer science bibliography, https://dblp.org}
}
@article{DBLP:journals/corr/abs-2401-15391,
  author       = {Yixuan Tang and
                  Yi Yang},
  title        = {MultiHop-RAG: Benchmarking Retrieval-Augmented Generation for Multi-Hop
                  Queries},
  journal      = {CoRR},
  volume       = {abs/2401.15391},
  year         = {2024},
  url          = {https://doi.org/10.48550/arXiv.2401.15391},
  doi          = {10.48550/ARXIV.2401.15391},
  eprinttype    = {arXiv},
  eprint       = {2401.15391},
  timestamp    = {Tue, 06 Feb 2024 14:15:49 +0100},
  biburl       = {https://dblp.org/rec/journals/corr/abs-2401-15391.bib},
  bibsource    = {dblp computer science bibliography, https://dblp.org}
}
@inproceedings{DBLP:conf/icml/KishoreWLAW23,
  author       = {Varsha Kishore and
                  Chao Wan and
                  Justin Lovelace and
                  Yoav Artzi and
                  Kilian Q. Weinberger},
  editor       = {Andreas Krause and
                  Emma Brunskill and
                  Kyunghyun Cho and
                  Barbara Engelhardt and
                  Sivan Sabato and
                  Jonathan Scarlett},
  title        = {IncDSI: Incrementally Updatable Document Retrieval},
  booktitle    = {International Conference on Machine Learning, {ICML} 2023, 23-29 July
                  2023, Honolulu, Hawaii, {USA}},
  series       = {Proceedings of Machine Learning Research},
  volume       = {202},
  pages        = {17122--17134},
  publisher    = {{PMLR}},
  year         = {2023},
  url          = {https://proceedings.mlr.press/v202/kishore23a.html},
  timestamp    = {Mon, 28 Aug 2023 17:23:08 +0200},
  biburl       = {https://dblp.org/rec/conf/icml/KishoreWLAW23.bib},
  bibsource    = {dblp computer science bibliography, https://dblp.org}
}

@inproceedings{ma2021zero,
  title={Zero-shot Neural Passage Retrieval via Domain-targeted Synthetic Question Generation},
  author={Ma, Ji and Korotkov, Ivan and Yang, Yinfei and Hall, Keith and McDonald, Ryan},
  booktitle={Proceedings of the 16th Conference of the European Chapter of the Association for Computational Linguistics: Main Volume},
  pages={1075--1088},
  year={2021}
}

@inproceedings{wang2022gpl,
  title={GPL: Generative Pseudo Labeling for Unsupervised Domain Adaptation of Dense Retrieval},
  author={Wang, Kexin and Thakur, Nandan and Reimers, Nils and Gurevych, Iryna},
  booktitle={Proceedings of the 2022 Conference of the North American Chapter of the Association for Computational Linguistics: Human Language Technologies},
  pages={2345--2360},
  year={2022}
}

@inproceedings{sachan2022improving,
  title={Improving Passage Retrieval with Zero-Shot Question Generation},
  author={Sachan, Devendra and Lewis, Mike and Joshi, Mandar and Aghajanyan, Armen and Yih, Wen-tau and Pineau, Joelle and Zettlemoyer, Luke},
  booktitle={Proceedings of the 2022 Conference on Empirical Methods in Natural Language Processing},
  pages={3781--3797},
  year={2022}
}

@article{bonifacio2022inpars,
  title={Inpars: Data augmentation for information retrieval using large language models},
  author={Bonifacio, Luiz and Abonizio, Hugo and Fadaee, Marzieh and Nogueira, Rodrigo},
  journal={arXiv preprint arXiv:2202.05144},
  year={2022}
}

@article{jeronymo2023inpars,
  title={Inpars-v2: Large language models as efficient dataset generators for information retrieval},
  author={Jeronymo, Vitor and Bonifacio, Luiz and Abonizio, Hugo and Fadaee, Marzieh and Lotufo, Roberto and Zavrel, Jakub and Nogueira, Rodrigo},
  journal={arXiv preprint arXiv:2301.01820},
  year={2023}
}

@article{lee2024gecko,
  title={Gecko: Versatile text embeddings distilled from large language models},
  author={Lee, Jinhyuk and Dai, Zhuyun and Ren, Xiaoqi and Chen, Blair and Cer, Daniel and Cole, Jeremy R and Hui, Kai and Boratko, Michael and Kapadia, Rajvi and Ding, Wen and others},
  journal={arXiv preprint arXiv:2403.20327},
  year={2024}
}

@inproceedings{saad2023udapdr,
  title={UDAPDR: Unsupervised Domain Adaptation via LLM Prompting and Distillation of Rerankers},
  author={Saad-Falcon, Jon and Khattab, Omar and Santhanam, Keshav and Florian, Radu and Franz, Martin and Roukos, Salim and Sil, Avirup and Sultan, Md and Potts, Christopher},
  booktitle={Proceedings of the 2023 Conference on Empirical Methods in Natural Language Processing},
  pages={11265--11279},
  year={2023}
}

@inproceedings{lin2023train,
  title={How to Train Your Dragon: Diverse Augmentation Towards Generalizable Dense Retrieval},
  author={Lin, Sheng-Chieh and Asai, Akari and Li, Minghan and Oguz, Barlas and Lin, Jimmy and Mehdad, Yashar and Yih, Wen-tau and Chen, Xilun},
  booktitle={Findings of the Association for Computational Linguistics: EMNLP 2023},
  pages={6385--6400},
  year={2023}
}

@article{zhuang2022bridging,
  title={Bridging the gap between indexing and retrieval for differentiable search index with query generation},
  author={Zhuang, Shengyao and Ren, Houxing and Shou, Linjun and Pei, Jian and Gong, Ming and Zuccon, Guido and Jiang, Daxin},
  journal={arXiv preprint arXiv:2206.10128},
  year={2022}
}

@article{rafailov2024direct,
  title={Direct preference optimization: Your language model is secretly a reward model},
  author={Rafailov, Rafael and Sharma, Archit and Mitchell, Eric and Manning, Christopher D and Ermon, Stefano and Finn, Chelsea},
  journal={Advances in Neural Information Processing Systems},
  volume={36},
  year={2024}
}

@inproceedings{karpukhin2020dense,
  title={Dense passage retrieval for open-domain question answering},
  author={Karpukhin, Vladimir and O{\u{g}}uz, Barlas and Min, Sewon and Lewis, Patrick and Wu, Ledell and Edunov, Sergey and Chen, Danqi and Yih, Wen Tau},
  booktitle={2020 Conference on Empirical Methods in Natural Language Processing, EMNLP 2020},
  pages={6769--6781},
  year={2020},
  organization={Association for Computational Linguistics (ACL)}
}
