@inproceedings{DBLP:conf/aaai/00010WWL24,
  author       = {Yongqi Li and
                  Nan Yang and
                  Liang Wang and
                  Furu Wei and
                  Wenjie Li},
  editor       = {Michael J. Wooldridge and
                  Jennifer G. Dy and
                  Sriraam Natarajan},
  title        = {Learning to Rank in Generative Retrieval},
  booktitle    = {Thirty-Eighth {AAAI} Conference on Artificial Intelligence, {AAAI}
                  2024, Thirty-Sixth Conference on Innovative Applications of Artificial
                  Intelligence, {IAAI} 2024, Fourteenth Symposium on Educational Advances
                  in Artificial Intelligence, {EAAI} 2014, February 20-27, 2024, Vancouver,
                  Canada},
  pages        = {8716--8723},
  publisher    = {{AAAI} Press},
  year         = {2024},
  url          = {https://doi.org/10.1609/aaai.v38i8.28717},
  doi          = {10.1609/AAAI.V38I8.28717},
  timestamp    = {Mon, 29 Jul 2024 16:50:05 +0200},
  biburl       = {https://dblp.org/rec/conf/aaai/00010WWL24.bib},
  bibsource    = {dblp computer science bibliography, https://dblp.org}
}

@inproceedings{DBLP:conf/cikm/ChenZG0FC22,
  author       = {Jiangui Chen and
                  Ruqing Zhang and
                  Jiafeng Guo and
                  Yiqun Liu and
                  Yixing Fan and
                  Xueqi Cheng},
  editor       = {Mohammad Al Hasan and
                  Li Xiong},
  title        = {CorpusBrain: Pre-train a Generative Retrieval Model for Knowledge-Intensive
                  Language Tasks},
  booktitle    = {Proceedings of the 31st {ACM} International Conference on Information
                  {\&} Knowledge Management, Atlanta, GA, USA, October 17-21, 2022},
  pages        = {191--200},
  publisher    = {{ACM}},
  year         = {2022},
  url          = {https://doi.org/10.1145/3511808.3557271},
  doi          = {10.1145/3511808.3557271},
  timestamp    = {Mon, 26 Jun 2023 20:40:13 +0200},
  biburl       = {https://dblp.org/rec/conf/cikm/ChenZG0FC22.bib},
  bibsource    = {dblp computer science bibliography, https://dblp.org}
}

@inproceedings{DBLP:conf/kdd/Tang0GCZWYC23,
  author       = {Yubao Tang and
                  Ruqing Zhang and
                  Jiafeng Guo and
                  Jiangui Chen and
                  Zuowei Zhu and
                  Shuaiqiang Wang and
                  Dawei Yin and
                  Xueqi Cheng},
  editor       = {Ambuj K. Singh and
                  Yizhou Sun and
                  Leman Akoglu and
                  Dimitrios Gunopulos and
                  Xifeng Yan and
                  Ravi Kumar and
                  Fatma Ozcan and
                  Jieping Ye},
  title        = {Semantic-Enhanced Differentiable Search Index Inspired by Learning
                  Strategies},
  booktitle    = {Proceedings of the 29th {ACM} {SIGKDD} Conference on Knowledge Discovery
                  and Data Mining, {KDD} 2023, Long Beach, CA, USA, August 6-10, 2023},
  pages        = {4904--4913},
  publisher    = {{ACM}},
  year         = {2023},
  url          = {https://doi.org/10.1145/3580305.3599903},
  doi          = {10.1145/3580305.3599903},
  timestamp    = {Mon, 25 Sep 2023 08:29:22 +0200},
  biburl       = {https://dblp.org/rec/conf/kdd/Tang0GCZWYC23.bib},
  bibsource    = {dblp computer science bibliography, https://dblp.org}
}

@inproceedings{DBLP:conf/nips/BevilacquaOLY0P22,
  author       = {Michele Bevilacqua and
                  Giuseppe Ottaviano and
                  Patrick S. H. Lewis and
                  Scott Yih and
                  Sebastian Riedel and
                  Fabio Petroni},
  editor       = {Sanmi Koyejo and
                  S. Mohamed and
                  A. Agarwal and
                  Danielle Belgrave and
                  K. Cho and
                  A. Oh},
  title        = {Autoregressive Search Engines: Generating Substrings as Document Identifiers},
  booktitle    = {Advances in Neural Information Processing Systems 35: Annual Conference
                  on Neural Information Processing Systems 2022, NeurIPS 2022, New Orleans,
                  LA, USA, November 28 - December 9, 2022},
  year         = {2022},
  url          = {http://papers.nips.cc/paper\_files/paper/2022/hash/cd88d62a2063fdaf7ce6f9068fb15dcd-Abstract-Conference.html},
  timestamp    = {Mon, 08 Jan 2024 16:31:27 +0100},
  biburl       = {https://dblp.org/rec/conf/nips/BevilacquaOLY0P22.bib},
  bibsource    = {dblp computer science bibliography, https://dblp.org}
}

@inproceedings{DBLP:conf/nips/Tay00NBM000GSCM22,
  author       = {Yi Tay and
                  Vinh Tran and
                  Mostafa Dehghani and
                  Jianmo Ni and
                  Dara Bahri and
                  Harsh Mehta and
                  Zhen Qin and
                  Kai Hui and
                  Zhe Zhao and
                  Jai Prakash Gupta and
                  Tal Schuster and
                  William W. Cohen and
                  Donald Metzler},
  editor       = {Sanmi Koyejo and
                  S. Mohamed and
                  A. Agarwal and
                  Danielle Belgrave and
                  K. Cho and
                  A. Oh},
  title        = {Transformer Memory as a Differentiable Search Index},
  booktitle    = {Advances in Neural Information Processing Systems 35: Annual Conference
                  on Neural Information Processing Systems 2022, NeurIPS 2022, New Orleans,
                  LA, USA, November 28 - December 9, 2022},
  year         = {2022},
  url          = {http://papers.nips.cc/paper\_files/paper/2022/hash/892840a6123b5ec99ebaab8be1530fba-Abstract-Conference.html},
  timestamp    = {Tue, 22 Oct 2024 07:56:33 +0200},
  biburl       = {https://dblp.org/rec/conf/nips/Tay00NBM000GSCM22.bib},
  bibsource    = {dblp computer science bibliography, https://dblp.org}
}

@inproceedings{DBLP:conf/nips/ZhangWCCZMHDMWP23,
  author       = {Hailin Zhang and
                  Yujing Wang and
                  Qi Chen and
                  Ruiheng Chang and
                  Ting Zhang and
                  Ziming Miao and
                  Yingyan Hou and
                  Yang Ding and
                  Xupeng Miao and
                  Haonan Wang and
                  Bochen Pang and
                  Yuefeng Zhan and
                  Hao Sun and
                  Weiwei Deng and
                  Qi Zhang and
                  Fan Yang and
                  Xing Xie and
                  Mao Yang and
                  Bin Cui},
  editor       = {Alice Oh and
                  Tristan Naumann and
                  Amir Globerson and
                  Kate Saenko and
                  Moritz Hardt and
                  Sergey Levine},
  title        = {Model-enhanced Vector Index},
  booktitle    = {Advances in Neural Information Processing Systems 36: Annual Conference
                  on Neural Information Processing Systems 2023, NeurIPS 2023, New Orleans,
                  LA, USA, December 10 - 16, 2023},
  year         = {2023},
  url          = {http://papers.nips.cc/paper\_files/paper/2023/hash/ac112e8ffc4e5b9ece32070440a8ca43-Abstract-Conference.html},
  timestamp    = {Mon, 21 Oct 2024 07:58:41 +0200},
  biburl       = {https://dblp.org/rec/conf/nips/ZhangWCCZMHDMWP23.bib},
  bibsource    = {dblp computer science bibliography, https://dblp.org}
}

@inproceedings{DBLP:conf/sigir/Chen0GR0FC23,
  author       = {Jiangui Chen and
                  Ruqing Zhang and
                  Jiafeng Guo and
                  Maarten de Rijke and
                  Yiqun Liu and
                  Yixing Fan and
                  Xueqi Cheng},
  editor       = {Hsin{-}Hsi Chen and
                  Wei{-}Jou (Edward) Duh and
                  Hen{-}Hsen Huang and
                  Makoto P. Kato and
                  Josiane Mothe and
                  Barbara Poblete},
  title        = {A Unified Generative Retriever for Knowledge-Intensive Language Tasks
                  via Prompt Learning},
  booktitle    = {Proceedings of the 46th International {ACM} {SIGIR} Conference on
                  Research and Development in Information Retrieval, {SIGIR} 2023, Taipei,
                  Taiwan, July 23-27, 2023},
  pages        = {1448--1457},
  publisher    = {{ACM}},
  year         = {2023},
  url          = {https://doi.org/10.1145/3539618.3591631},
  doi          = {10.1145/3539618.3591631},
  timestamp    = {Fri, 21 Jul 2023 22:25:21 +0200},
  biburl       = {https://dblp.org/rec/conf/sigir/Chen0GR0FC23.bib},
  bibsource    = {dblp computer science bibliography, https://dblp.org}
}

@inproceedings{DBLP:conf/sigir/LiD0L24,
  author       = {Xiaoxi Li and
                  Zhicheng Dou and
                  Yujia Zhou and
                  Fangchao Liu},
  editor       = {Grace Hui Yang and
                  Hongning Wang and
                  Sam Han and
                  Claudia Hauff and
                  Guido Zuccon and
                  Yi Zhang},
  title        = {CorpusLM: Towards a Unified Language Model on Corpus for Knowledge-Intensive
                  Tasks},
  booktitle    = {Proceedings of the 47th International {ACM} {SIGIR} Conference on
                  Research and Development in Information Retrieval, {SIGIR} 2024, Washington
                  DC, USA, July 14-18, 2024},
  pages        = {26--37},
  publisher    = {{ACM}},
  year         = {2024},
  url          = {https://doi.org/10.1145/3626772.3657778},
  doi          = {10.1145/3626772.3657778},
  timestamp    = {Sun, 06 Oct 2024 21:14:16 +0200},
  biburl       = {https://dblp.org/rec/conf/sigir/LiD0L24.bib},
  bibsource    = {dblp computer science bibliography, https://dblp.org}
}

@inproceedings{DBLP:conf/www/Zeng0JSWZ24,
  author       = {Hansi Zeng and
                  Chen Luo and
                  Bowen Jin and
                  Sheikh Muhammad Sarwar and
                  Tianxin Wei and
                  Hamed Zamani},
  editor       = {Tat{-}Seng Chua and
                  Chong{-}Wah Ngo and
                  Ravi Kumar and
                  Hady W. Lauw and
                  Roy Ka{-}Wei Lee},
  title        = {Scalable and Effective Generative Information Retrieval},
  booktitle    = {Proceedings of the {ACM} on Web Conference 2024, {WWW} 2024, Singapore,
                  May 13-17, 2024},
  pages        = {1441--1452},
  publisher    = {{ACM}},
  year         = {2024},
  url          = {https://doi.org/10.1145/3589334.3645477},
  doi          = {10.1145/3589334.3645477},
  timestamp    = {Fri, 17 May 2024 21:42:53 +0200},
  biburl       = {https://dblp.org/rec/conf/www/Zeng0JSWZ24.bib},
  bibsource    = {dblp computer science bibliography, https://dblp.org}
}

@article{DBLP:journals/corr/abs-2010-00904,
  author       = {Nicola De Cao and
                  Gautier Izacard and
                  Sebastian Riedel and
                  Fabio Petroni},
  title        = {Autoregressive Entity Retrieval},
  journal      = {CoRR},
  volume       = {abs/2010.00904},
  year         = {2020},
  url          = {https://arxiv.org/abs/2010.00904},
  eprinttype    = {arXiv},
  eprint       = {2010.00904},
  timestamp    = {Mon, 12 Oct 2020 17:53:10 +0200},
  biburl       = {https://dblp.org/rec/journals/corr/abs-2010-00904.bib},
  bibsource    = {dblp computer science bibliography, https://dblp.org}
}

@article{DBLP:journals/corr/abs-2206-10128,
  author       = {Shengyao Zhuang and
                  Houxing Ren and
                  Linjun Shou and
                  Jian Pei and
                  Ming Gong and
                  Guido Zuccon and
                  Daxin Jiang},
  title        = {Bridging the Gap Between Indexing and Retrieval for Differentiable
                  Search Index with Query Generation},
  journal      = {CoRR},
  volume       = {abs/2206.10128},
  year         = {2022},
  url          = {https://doi.org/10.48550/arXiv.2206.10128},
  doi          = {10.48550/ARXIV.2206.10128},
  eprinttype    = {arXiv},
  eprint       = {2206.10128},
  timestamp    = {Mon, 01 May 2023 13:01:50 +0200},
  biburl       = {https://dblp.org/rec/journals/corr/abs-2206-10128.bib},
  bibsource    = {dblp computer science bibliography, https://dblp.org}
}

@article{DBLP:journals/corr/abs-2208-09257,
  author       = {Yujia Zhou and
                  Jing Yao and
                  Zhicheng Dou and
                  Ledell Wu and
                  Peitian Zhang and
                  Ji{-}Rong Wen},
  title        = {Ultron: An Ultimate Retriever on Corpus with a Model-based Indexer},
  journal      = {CoRR},
  volume       = {abs/2208.09257},
  year         = {2022},
  url          = {https://doi.org/10.48550/arXiv.2208.09257},
  doi          = {10.48550/ARXIV.2208.09257},
  eprinttype    = {arXiv},
  eprint       = {2208.09257},
  timestamp    = {Tue, 21 Mar 2023 21:05:09 +0100},
  biburl       = {https://dblp.org/rec/journals/corr/abs-2208-09257.bib},
  bibsource    = {dblp computer science bibliography, https://dblp.org}
}

@article{DBLP:journals/ipm/LiYWWL23,
  author       = {Yongqi Li and
                  Nan Yang and
                  Liang Wang and
                  Furu Wei and
                  Wenjie Li},
  title        = {Generative retrieval for conversational question answering},
  journal      = {Inf. Process. Manag.},
  volume       = {60},
  number       = {5},
  pages        = {103475},
  year         = {2023},
  url          = {https://doi.org/10.1016/j.ipm.2023.103475},
  doi          = {10.1016/J.IPM.2023.103475},
  timestamp    = {Tue, 23 Jul 2024 08:24:21 +0200},
  biburl       = {https://dblp.org/rec/journals/ipm/LiYWWL23.bib},
  bibsource    = {dblp computer science bibliography, https://dblp.org}
}

@article{DBLP:journals/tois/TangZGRCC24,
  author       = {Yubao Tang and
                  Ruqing Zhang and
                  Jiafeng Guo and
                  Maarten de Rijke and
                  Wei Chen and
                  Xueqi Cheng},
  title        = {Listwise Generative Retrieval Models via a Sequential Learning Process},
  journal      = {{ACM} Trans. Inf. Syst.},
  volume       = {42},
  number       = {5},
  pages        = {133:1--133:31},
  year         = {2024},
  url          = {https://doi.org/10.1145/3653712},
  doi          = {10.1145/3653712},
  timestamp    = {Thu, 04 Jul 2024 22:03:10 +0200},
  biburl       = {https://dblp.org/rec/journals/tois/TangZGRCC24.bib},
  bibsource    = {dblp computer science bibliography, https://dblp.org}
}

@article{bonifacio2022inpars,
  title={Inpars: Data augmentation for information retrieval using large language models},
  author={Bonifacio, Luiz and Abonizio, Hugo and Fadaee, Marzieh and Nogueira, Rodrigo},
  journal={arXiv preprint arXiv:2202.05144},
  year={2022}
}

@article{jeronymo2023inpars,
  title={Inpars-v2: Large language models as efficient dataset generators for information retrieval},
  author={Jeronymo, Vitor and Bonifacio, Luiz and Abonizio, Hugo and Fadaee, Marzieh and Lotufo, Roberto and Zavrel, Jakub and Nogueira, Rodrigo},
  journal={arXiv preprint arXiv:2301.01820},
  year={2023}
}

@inproceedings{ma2021zero,
  title={Zero-shot Neural Passage Retrieval via Domain-targeted Synthetic Question Generation},
  author={Ma, Ji and Korotkov, Ivan and Yang, Yinfei and Hall, Keith and McDonald, Ryan},
  booktitle={Proceedings of the 16th Conference of the European Chapter of the Association for Computational Linguistics: Main Volume},
  pages={1075--1088},
  year={2021}
}

@article{nogueiradoc2query,
  title={From doc2query to docTTTTTquery},
  author={Nogueira, Rodrigo and Lin, Jimmy and Epistemic, AI},
  year={2019}
}

@misc{tang2024selfretrievalendtoendinformationretrieval,
      title={Self-Retrieval: End-to-End Information Retrieval with One Large Language Model}, 
      author={Qiaoyu Tang and Jiawei Chen and Zhuoqun Li and Bowen Yu and Yaojie Lu and Cheng Fu and Haiyang Yu and Hongyu Lin and Fei Huang and Ben He and Xianpei Han and Le Sun and Yongbin Li},
      year={2024},
      eprint={2403.00801},
      archivePrefix={arXiv},
      primaryClass={cs.IR},
      url={https://arxiv.org/abs/2403.00801}, 
}

@inproceedings{wang2022gpl,
  title={GPL: Generative Pseudo Labeling for Unsupervised Domain Adaptation of Dense Retrieval},
  author={Wang, Kexin and Thakur, Nandan and Reimers, Nils and Gurevych, Iryna},
  booktitle={Proceedings of the 2022 Conference of the North American Chapter of the Association for Computational Linguistics: Human Language Technologies},
  pages={2345--2360},
  year={2022}
}

