@article{chen2023videocrafter1,
  title={Videocrafter1: Open diffusion models for high-quality video generation},
  author={Chen, Haoxin and Xia, Menghan and He, Yingqing and Zhang, Yong and Cun, Xiaodong and Yang, Shaoshu and Xing, Jinbo and Liu, Yaofang and Chen, Qifeng and Wang, Xintao and others},
  journal={arXiv preprint arXiv:2310.19512},
  year={2023}
}

@misc{genmo2024mochi,
      title={Mochi 1},
      author={Genmo Team},
      year={2024},
      publisher = {GitHub},
      journal = {GitHub repository},
      howpublished={\url{https://github.com/genmoai/models}}
}

@article{guo2023animatediff,
  title={Animatediff: Animate your personalized text-to-image diffusion models without specific tuning},
  author={Guo, Yuwei and Yang, Ceyuan and Rao, Anyi and Liang, Zhengyang and Wang, Yaohui and Qiao, Yu and Agrawala, Maneesh and Lin, Dahua and Dai, Bo},
  journal={arXiv preprint arXiv:2307.04725},
  year={2023}
}

@article{ho2020denoising,
  title={Denoising diffusion probabilistic models},
  author={Ho, Jonathan and Jain, Ajay and Abbeel, Pieter},
  journal={Advances in neural information processing systems},
  volume={33},
  pages={6840--6851},
  year={2020}
}

@article{hu2021lora,
  title={Lora: Low-rank adaptation of large language models},
  author={Hu, Edward J and Shen, Yelong and Wallis, Phillip and Allen-Zhu, Zeyuan and Li, Yuanzhi and Wang, Shean and Wang, Lu and Chen, Weizhu},
  journal={arXiv preprint arXiv:2106.09685},
  year={2021}
}

@inproceedings{jeong2024vmc,
  title={Vmc: Video motion customization using temporal attention adaption for text-to-video diffusion models},
  author={Jeong, Hyeonho and Park, Geon Yeong and Ye, Jong Chul},
  booktitle={Proceedings of the IEEE/CVF Conference on Computer Vision and Pattern Recognition},
  pages={9212--9221},
  year={2024}
}

@misc{kuaishou2024keling,
  author = {Kuaishou},
  title = {Keling},
  year = {2024},
  url = {https://kling.kuaishou.com/z},
  note = {Accessed: 2025-01-19}
}

@misc{li2024hunyuanditpowerfulmultiresolutiondiffusion,
      title={Hunyuan-DiT: A Powerful Multi-Resolution Diffusion Transformer with Fine-Grained Chinese Understanding}, 
      author={Zhimin Li and Jianwei Zhang and Qin Lin and Jiangfeng Xiong and Yanxin Long and Xinchi Deng and Yingfang Zhang and Xingchao Liu and Minbin Huang and Zedong Xiao and Dayou Chen and Jiajun He and Jiahao Li and Wenyue Li and Chen Zhang and Rongwei Quan and Jianxiang Lu and Jiabin Huang and Xiaoyan Yuan and Xiaoxiao Zheng and Yixuan Li and Jihong Zhang and Chao Zhang and Meng Chen and Jie Liu and Zheng Fang and Weiyan Wang and Jinbao Xue and Yangyu Tao and Jianchen Zhu and Kai Liu and Sihuan Lin and Yifu Sun and Yun Li and Dongdong Wang and Mingtao Chen and Zhichao Hu and Xiao Xiao and Yan Chen and Yuhong Liu and Wei Liu and Di Wang and Yong Yang and Jie Jiang and Qinglin Lu},
      year={2024},
      eprint={2405.08748},
      archivePrefix={arXiv},
      primaryClass={cs.CV},
      url={https://arxiv.org/abs/2405.08748}, 
}

@article{ma2024latte,
  title={Latte: Latent diffusion transformer for video generation},
  author={Ma, Xin and Wang, Yaohui and Jia, Gengyun and Chen, Xinyuan and Liu, Ziwei and Li, Yuan-Fang and Chen, Cunjian and Qiao, Yu},
  journal={arXiv preprint arXiv:2401.03048},
  year={2024}
}

@article{materzynska2023customizing,
  title={Customizing motion in text-to-video diffusion models},
  author={Materzynska, Joanna and Sivic, Josef and Shechtman, Eli and Torralba, Antonio and Zhang, Richard and Russell, Bryan},
  journal={arXiv preprint arXiv:2312.04966},
  year={2023}
}

@article{nichol2021glide,
  title={Glide: Towards photorealistic image generation and editing with text-guided diffusion models},
  author={Nichol, Alex and Dhariwal, Prafulla and Ramesh, Aditya and Shyam, Pranav and Mishkin, Pamela and McGrew, Bob and Sutskever, Ilya and Chen, Mark},
  journal={arXiv preprint arXiv:2112.10741},
  year={2021}
}

@inproceedings{ouyang2024i2vedit,
  title={I2VEdit: First-Frame-Guided Video Editing via Image-to-Video Diffusion Models},
  author={Ouyang, Wenqi and Dong, Yi and Yang, Lei and Si, Jianlou and Pan, Xingang},
  booktitle={SIGGRAPH Asia 2024 Conference Papers},
  pages={1--11},
  year={2024}
}

@inproceedings{peebles2023scalable,
  title={Scalable diffusion models with transformers},
  author={Peebles, William and Xie, Saining},
  booktitle={Proceedings of the IEEE/CVF International Conference on Computer Vision},
  pages={4195--4205},
  year={2023}
}

@article{ren2024customize,
  title={Customize-a-video: One-shot motion customization of text-to-video diffusion models},
  author={Ren, Yixuan and Zhou, Yang and Yang, Jimei and Shi, Jing and Liu, Difan and Liu, Feng and Kwon, Mingi and Shrivastava, Abhinav},
  journal={arXiv preprint arXiv:2402.14780},
  year={2024}
}

@misc{rombach2022highresolutionimagesynthesislatent,
      title={High-Resolution Image Synthesis with Latent Diffusion Models}, 
      author={Robin Rombach and Andreas Blattmann and Dominik Lorenz and Patrick Esser and Bj√∂rn Ommer},
      year={2022},
      eprint={2112.10752},
      archivePrefix={arXiv},
      primaryClass={cs.CV},
      url={https://arxiv.org/abs/2112.10752}, 
}

@article{shao2024human4dit,
  title={Human4DiT: Free-view Human Video Generation with 4D Diffusion Transformer},
  author={Shao, Ruizhi and Pang, Youxin and Zheng, Zerong and Sun, Jingxiang and Liu, Yebin},
  journal={arXiv preprint arXiv:2405.17405},
  year={2024}
}

@inproceedings{sohl2015deep,
  title={Deep unsupervised learning using nonequilibrium thermodynamics},
  author={Sohl-Dickstein, Jascha and Weiss, Eric and Maheswaranathan, Niru and Ganguli, Surya},
  booktitle={International conference on machine learning},
  pages={2256--2265},
  year={2015},
  organization={PMLR}
}

@article{song2020score,
  title={Score-based generative modeling through stochastic differential equations},
  author={Song, Yang and Sohl-Dickstein, Jascha and Kingma, Diederik P and Kumar, Abhishek and Ermon, Stefano and Poole, Ben},
  journal={arXiv preprint arXiv:2011.13456},
  year={2020}
}

@article{videoworldsimulators2024,
  title={Video generation models as world simulators},
  author={Tim Brooks and Bill Peebles and Connor Holmes and Will DePue and Yufei Guo and Li Jing and David Schnurr and Joe Taylor and Troy Luhman and Eric Luhman and Clarence Ng and Ricky Wang and Aditya Ramesh},
  year={2024},
  url={https://openai.com/research/video-generation-models-as-world-simulators},
}

@article{wang2024customvideo,
  title={Customvideo: Customizing text-to-video generation with multiple subjects},
  author={Wang, Zhao and Li, Aoxue and Zhu, Lingting and Guo, Yong and Dou, Qi and Li, Zhenguo},
  journal={arXiv preprint arXiv:2401.09962},
  year={2024}
}

@inproceedings{wang2024disco,
  title={Disco: Disentangled control for realistic human dance generation},
  author={Wang, Tan and Li, Linjie and Lin, Kevin and Zhai, Yuanhao and Lin, Chung-Ching and Yang, Zhengyuan and Zhang, Hanwang and Liu, Zicheng and Wang, Lijuan},
  booktitle={Proceedings of the IEEE/CVF Conference on Computer Vision and Pattern Recognition},
  pages={9326--9336},
  year={2024}
}

@inproceedings{wang2024motionctrl,
  title={Motionctrl: A unified and flexible motion controller for video generation},
  author={Wang, Zhouxia and Yuan, Ziyang and Wang, Xintao and Li, Yaowei and Chen, Tianshui and Xia, Menghan and Luo, Ping and Shan, Ying},
  booktitle={ACM SIGGRAPH 2024 Conference Papers},
  pages={1--11},
  year={2024}
}

@inproceedings{wei2024dreamvideo,
  title={Dreamvideo: Composing your dream videos with customized subject and motion},
  author={Wei, Yujie and Zhang, Shiwei and Qing, Zhiwu and Yuan, Hangjie and Liu, Zhiheng and Liu, Yu and Zhang, Yingya and Zhou, Jingren and Shan, Hongming},
  booktitle={Proceedings of the IEEE/CVF Conference on Computer Vision and Pattern Recognition},
  pages={6537--6549},
  year={2024}
}

@article{wu2023lamp,
  title={Lamp: Learn a motion pattern for few-shot-based video generation},
  author={Wu, Ruiqi and Chen, Liangyu and Yang, Tong and Guo, Chunle and Li, Chongyi and Zhang, Xiangyu},
  journal={arXiv preprint arXiv:2310.10769},
  year={2023}
}

@inproceedings{wu2023tune,
  title={Tune-a-video: One-shot tuning of image diffusion models for text-to-video generation},
  author={Wu, Jay Zhangjie and Ge, Yixiao and Wang, Xintao and Lei, Stan Weixian and Gu, Yuchao and Shi, Yufei and Hsu, Wynne and Shan, Ying and Qie, Xiaohu and Shou, Mike Zheng},
  booktitle={Proceedings of the IEEE/CVF International Conference on Computer Vision},
  pages={7623--7633},
  year={2023}
}

@article{wu2024customcrafter,
  title={Customcrafter: Customized video generation with preserving motion and concept composition abilities},
  author={Wu, Tao and Zhang, Yong and Wang, Xintao and Zhou, Xianpan and Zheng, Guangcong and Qi, Zhongang and Shan, Ying and Li, Xi},
  journal={arXiv preprint arXiv:2408.13239},
  year={2024}
}

@article{wu2024motionbooth,
  title={Motionbooth: Motion-aware customized text-to-video generation},
  author={Wu, Jianzong and Li, Xiangtai and Zeng, Yanhong and Zhang, Jiangning and Zhou, Qianyu and Li, Yining and Tong, Yunhai and Chen, Kai},
  journal={arXiv preprint arXiv:2406.17758},
  year={2024}
}

@article{yang2024cogvideox,
  title={Cogvideox: Text-to-video diffusion models with an expert transformer},
  author={Yang, Zhuoyi and Teng, Jiayan and Zheng, Wendi and Ding, Ming and Huang, Shiyu and Xu, Jiazheng and Yang, Yuanming and Hong, Wenyi and Zhang, Xiaohan and Feng, Guanyu and others},
  journal={arXiv preprint arXiv:2408.06072},
  year={2024}
}

@inproceedings{zhang2023adding,
  title={Adding conditional control to text-to-image diffusion models},
  author={Zhang, Lvmin and Rao, Anyi and Agrawala, Maneesh},
  booktitle={Proceedings of the IEEE/CVF International Conference on Computer Vision},
  pages={3836--3847},
  year={2023}
}

@article{zhang2023motioncrafter,
  title={Motioncrafter: One-shot motion customization of diffusion models},
  author={Zhang, Yuxin and Tang, Fan and Huang, Nisha and Huang, Haibin and Ma, Chongyang and Dong, Weiming and Xu, Changsheng},
  journal={arXiv preprint arXiv:2312.05288},
  year={2023}
}

@inproceedings{zhao2025motiondirector,
  title={Motiondirector: Motion customization of text-to-video diffusion models},
  author={Zhao, Rui and Gu, Yuchao and Wu, Jay Zhangjie and Zhang, David Junhao and Liu, Jia-Wei and Wu, Weijia and Keppo, Jussi and Shou, Mike Zheng},
  booktitle={European Conference on Computer Vision},
  pages={273--290},
  year={2025},
  organization={Springer}
}

