% Please download the latest anthology.bib from
%
% http://aclweb.org/anthology/anthology.bib.gz


@article{dotamath,
  title={DotaMath: Decomposition of Thought with Code Assistance and Self-correction for Mathematical Reasoning},
  author={Li, Chengpeng and Dong, Guanting and Xue, Mingfeng and Peng, Ru and Wang, Xiang and Liu, Dayiheng},
  journal={arXiv preprint arXiv:2407.04078},
  year={2024}
}
