@article{app,
  title={Challenges and applications of large language models},
  author={Kaddour, Jean and Harris, Joshua and Mozes, Maximilian and Bradley, Herbie and Raileanu, Roberta and McHardy, Robert},
  journal={arXiv preprint arXiv:2307.10169},
  year={2023}
}

@misc{mmos,
      title={An Empirical Study of Data Ability Boundary in LLMs' Math Reasoning}, 
      author={Zui Chen and Yezeng Chen and Jiaqi Han and Zhijie Huang and Ji Qi and Yi Zhou},
      year={2024},
      eprint={2403.00799},
      archivePrefix={arXiv},
      primaryClass={cs.CL}
}
@article{gpt4,
  title={Gpt-4 technical report},
  author={Achiam, Josh and Adler, Steven and Agarwal, Sandhini and Ahmad, Lama and Akkaya, Ilge and Aleman, Florencia Leoni and Almeida, Diogo and Altenschmidt, Janko and Altman, Sam and Anadkat, Shyamal and others},
  journal={arXiv preprint arXiv:2303.08774},
  year={2023}
}
@article{claude,
  title={The claude 3 model family: Opus,
sonnet, haiku},
  author={Anthropic},
  year={2024}
}
@inproceedings{
tong2024dartmath,
title={{DART}-Math: Difficulty-Aware Rejection Tuning for Mathematical Problem-Solving},
author={Yuxuan Tong and Xiwen Zhang and Rui Wang and Ruidong Wu and Junxian He},
booktitle={The Thirty-eighth Annual Conference on Neural Information Processing Systems},
year={2024},
url={https://openreview.net/forum?id=zLU21oQjD5}
}
@article{mathstral,
  title={Mathstral},
  author={Mistral AI},
url={https://mistral.ai/news/mathstral/},
  year={2024}
}
@article{llama3,
  title={The llama 3 herd of models},
  author={Dubey, Abhimanyu and Jauhri, Abhinav and Pandey, Abhinav and Kadian, Abhishek and Al-Dahle, Ahmad and Letman, Aiesha and Mathur, Akhil and Schelten, Alan and Yang, Amy and Fan, Angela and others},
  journal={arXiv preprint arXiv:2407.21783},
  year={2024}
}
@article{gemini,
  title={Gemini: a family of highly capable multimodal models},
  author={Team, Gemini and Anil, Rohan and Borgeaud, Sebastian and Wu, Yonghui and Alayrac, Jean-Baptiste and Yu, Jiahui and Soricut, Radu and Schalkwyk, Johan and Dai, Andrew M and Hauth, Anja and others},
  journal={arXiv preprint arXiv:2312.11805},
  year={2023}
}
@article{mistral,
  title={Mixtral of experts},
  author={Jiang, Albert Q and Sablayrolles, Alexandre and Roux, Antoine and Mensch, Arthur and Savary, Blanche and Bamford, Chris and Chaplot, Devendra Singh and Casas, Diego de las and Hanna, Emma Bou and Bressand, Florian and others},
  journal={arXiv preprint arXiv:2401.04088},
  year={2024}
}
@article{yang2024qwen2,
  title={Qwen2 technical report},
  author={Yang, An and Yang, Baosong and Hui, Binyuan and Zheng, Bo and Yu, Bowen and Zhou, Chang and Li, Chengpeng and Li, Chengyuan and Liu, Dayiheng and Huang, Fei and others},
  journal={arXiv preprint arXiv:2407.10671},
  year={2024}
}
@article{cot,
  title={Chain-of-thought prompting elicits reasoning in large language models},
  author={Wei, Jason and Wang, Xuezhi and Schuurmans, Dale and Bosma, Maarten and Xia, Fei and Chi, Ed and Le, Quoc V and Zhou, Denny and others},
  journal={Advances in neural information processing systems},
  volume={35},
  pages={24824--24837},
  year={2022}
}
@article{pot,
  title={Program of thoughts prompting: Disentangling computation from reasoning for numerical reasoning tasks},
  author={Chen, Wenhu and Ma, Xueguang and Wang, Xinyi and Cohen, William W},
  journal={arXiv preprint arXiv:2211.12588},
  year={2022}
}
@inproceedings{pal,
  title={Pal: Program-aided language models},
  author={Gao, Luyu and Madaan, Aman and Zhou, Shuyan and Alon, Uri and Liu, Pengfei and Yang, Yiming and Callan, Jamie and Neubig, Graham},
  booktitle={International Conference on Machine Learning},
  pages={10764--10799},
  year={2023},
  organization={PMLR}
}
@article{dsmath,
  title={Deepseekmath: Pushing the limits of mathematical reasoning in open language models},
  author={Shao, Zhihong and Wang, Peiyi and Zhu, Qihao and Xu, Runxin and Song, Junxiao and Zhang, Mingchuan and Li, YK and Wu, Yu and Guo, Daya},
  journal={arXiv preprint arXiv:2402.03300},
  year={2024}
}
@article{mammoth,
  title={Mammoth: Building math generalist models through hybrid instruction tuning},
  author={Yue, Xiang and Qu, Xingwei and Zhang, Ge and Fu, Yao and Huang, Wenhao and Sun, Huan and Su, Yu and Chen, Wenhu},
  journal={arXiv preprint arXiv:2309.05653},
  year={2023}
}
@article{mathcoder,
  title={Mathcoder: Seamless code integration in llms for enhanced mathematical reasoning},
  author={Wang, Ke and Ren, Houxing and Zhou, Aojun and Lu, Zimu and Luo, Sichun and Shi, Weikang and Zhang, Renrui and Song, Linqi and Zhan, Mingjie and Li, Hongsheng},
  journal={arXiv preprint arXiv:2310.03731},
  year={2023}
}
@article{tora,
  title={Tora: A tool-integrated reasoning agent for mathematical problem solving},
  author={Gou, Zhibin and Shao, Zhihong and Gong, Yeyun and Yang, Yujiu and Huang, Minlie and Duan, Nan and Chen, Weizhu and others},
  journal={arXiv preprint arXiv:2309.17452},
  year={2023}
}
@article{metamath,
  title={Metamath: Bootstrap your own mathematical questions for large language models},
  author={Yu, Longhui and Jiang, Weisen and Shi, Han and Yu, Jincheng and Liu, Zhengying and Zhang, Yu and Kwok, James T and Li, Zhenguo and Weller, Adrian and Liu, Weiyang},
  journal={arXiv preprint arXiv:2309.12284},
  year={2023}
}
@article{wizardmath,
  title={Wizardmath: Empowering mathematical reasoning for large language models via reinforced evol-instruct},
  author={Luo, Haipeng and Sun, Qingfeng and Xu, Can and Zhao, Pu and Lou, Jianguang and Tao, Chongyang and Geng, Xiubo and Lin, Qingwei and Chen, Shifeng and Zhang, Dongmei},
  journal={arXiv preprint arXiv:2308.09583},
  year={2023}
}
@article{openmath,
  title={Openmathinstruct-1: A 1.8 million math instruction tuning dataset},
  author={Toshniwal, Shubham and Moshkov, Ivan and Narenthiran, Sean and Gitman, Daria and Jia, Fei and Gitman, Igor},
  journal={arXiv preprint arXiv:2402.10176},
  year={2024}
}
@article{htl,
  title={How Do Humans Write Code? Large Models Do It the Same Way Too},
  author={Li, Long},
  journal={arXiv preprint arXiv:2402.15729},
  year={2024}
}
@article{rl,
  title={Reinforcement learning: An introduction},
  author={Sutton, Richard S},
  journal={A Bradford Book},
  year={2018}
}
@article{rest,
  title={Reinforced self-training (rest) for language modeling},
  author={Gulcehre, Caglar and Paine, Tom Le and Srinivasan, Srivatsan and Konyushkova, Ksenia and Weerts, Lotte and Sharma, Abhishek and Siddhant, Aditya and Ahern, Alex and Wang, Miaosen and Gu, Chenjie and others},
  journal={arXiv preprint arXiv:2308.08998},
  year={2023}
}
@article{li2024numinamath,
  title={Numinamath: The largest public dataset in ai4maths with 860k pairs of competition math problems and solutions},
  author={Li, Jia and Beeching, Edward and Tunstall, Lewis and Lipkin, Ben and Soletskyi, Roman and Huang, Shengyi and Rasul, Kashif and Yu, Longhui and Jiang, Albert Q and Shen, Ziju and others},
  journal={Hugging Face repository},
  volume={13},
  pages={9},
  year={2024}
}
@article{math,
  title={Measuring mathematical problem solving with the math dataset},
  author={Hendrycks, Dan and Burns, Collin and Kadavath, Saurav and Arora, Akul and Basart, Steven and Tang, Eric and Song, Dawn and Steinhardt, Jacob},
  journal={arXiv preprint arXiv:2103.03874},
  year={2021}
}
@article{gsm8k,
  title={Training verifiers to solve math word problems},
  author={Cobbe, Karl and Kosaraju, Vineet and Bavarian, Mohammad and Chen, Mark and Jun, Heewoo and Kaiser, Lukasz and Plappert, Matthias and Tworek, Jerry and Hilton, Jacob and Nakano, Reiichiro and others},
  journal={arXiv preprint arXiv:2110.14168},
  year={2021}
}
@article{mario,
  title={MARIO: MAth Reasoning with code Interpreter Output--A Reproducible Pipeline},
  author={Liao, Minpeng and Luo, Wei and Li, Chengxi and Wu, Jing and Fan, Kai},
  journal={arXiv preprint arXiv:2401.08190},
  year={2024}
}
@article{asdiv,
  title={A diverse corpus for evaluating and developing English math word problem solvers},
  author={Miao, Shen-Yun and Liang, Chao-Chun and Su, Keh-Yih},
  journal={arXiv preprint arXiv:2106.15772},
  year={2021}
}
@article{olympiad,
  title={Olympiadbench: A challenging benchmark for promoting agi with olympiad-level bilingual multimodal scientific problems},
  author={He, Chaoqun and Luo, Renjie and Bai, Yuzhuo and Hu, Shengding and Thai, Zhen Leng and Shen, Junhao and Hu, Jinyi and Han, Xu and Huang, Yujie and Zhang, Yuxiang and others},
  journal={arXiv preprint arXiv:2402.14008},
  year={2024}
}
@article{ppo,
  title={Proximal policy optimization algorithms},
  author={Schulman, John and Wolski, Filip and Dhariwal, Prafulla and Radford, Alec and Klimov, Oleg},
  journal={arXiv preprint arXiv:1707.06347},
  year={2017}
}
@article{expertiter,
  title={Thinking fast and slow with deep learning and tree search},
  author={Anthony, Thomas and Tian, Zheng and Barber, David},
  journal={Advances in neural information processing systems},
  volume={30},
  year={2017}
}
@article{iml,
  title={Googleâ€™s neural machine translation system: Bridging the gap between human and machine translation},
  author={Wu, Yonghui},
  journal={arXiv preprint arXiv:1609.08144},
  year={2016}
}
@inproceedings{iml1,
  title={Learning to generalize from sparse and underspecified rewards},
  author={Agarwal, Rishabh and Liang, Chen and Schuurmans, Dale and Norouzi, Mohammad},
  booktitle={International conference on machine learning},
  pages={130--140},
  year={2019},
  organization={PMLR}
}
@article{iml2,
  title={Learning math reasoning from self-sampled correct and partially-correct solutions},
  author={Ni, Ansong and Inala, Jeevana Priya and Wang, Chenglong and Polozov, Oleksandr and Meek, Christopher and Radev, Dragomir and Gao, Jianfeng},
  journal={arXiv preprint arXiv:2205.14318},
  year={2022}
}
@article{restem,
  title={Beyond human data: Scaling self-training for problem-solving with language models},
  author={Singh, Avi and Co-Reyes, John D and Agarwal, Rishabh and Anand, Ankesh and Patil, Piyush and Liu, Peter J and Harrison, James and Lee, Jaehoon and Xu, Kelvin and Parisi, Aaron and others},
  journal={arXiv preprint arXiv:2312.06585},
  year={2023}
}
@article{varibad,
  title={Varibad: A very good method for bayes-adaptive deep rl via meta-learning},
  author={Zintgraf, Luisa and Shiarlis, Kyriacos and Igl, Maximilian and Schulze, Sebastian and Gal, Yarin and Hofmann, Katja and Whiteson, Shimon},
  journal={arXiv preprint arXiv:1910.08348},
  year={2019}
}
@inproceedings{vem,
  title={Learning Context-aware Task Reasoning for Efficient Meta Reinforcement Learning},
  author={Wang, Haozhe and Zhou, Jiale and He, Xuming},
  booktitle={Proceedings of the 19th International Conference on Autonomous Agents and MultiAgent Systems},
  pages={1440--1448},
  year={2020}
}
@inproceedings{acb,
  title={Adversarial Constrained Bidding via Minimax Regret Optimization with Causality-Aware Reinforcement Learning},
  author={Wang, Haozhe and Du, Chao and Fang, Panyan and He, Li and Wang, Liang and Zheng, Bo},
  booktitle={Proceedings of the 29th ACM SIGKDD Conference on Knowledge Discovery and Data Mining},
  pages={2314--2325},
  year={2023}
}
@article{moe,
  title={Mixture of experts: a literature survey},
  author={Masoudnia, Saeed and Ebrahimpour, Reza},
  journal={Artificial Intelligence Review},
  volume={42},
  pages={275--293},
  year={2014},
  publisher={Springer}
}
@book{prml,
  title={Pattern recognition and machine learning},
  author={Bishop, Christopher M and Nasrabadi, Nasser M},
  volume={4},
  number={4},
  year={2006},
  publisher={Springer}
}
@article{alphamath,
  title={AlphaMath Almost Zero: process Supervision without process},
  author={Chen, Guoxin and Liao, Minpeng and Li, Chengxi and Fan, Kai},
  journal={arXiv preprint arXiv:2405.03553},
  year={2024}
}
@article{numina,
  title={NuminaMath: The largest public dataset in AI4Maths with 860k pairs of competition math problems and solutions},
  author={Li, Jia and Beeching, Edward and Tunstall, Lewis and Lipkin, Ben and Soletskyi, Roman and Huang, Shengyi and Rasul, Kashif and Yu, Longhui and Jiang, Albert Q and Shen, Ziju and others},
  year={2024}
}
@article{mathgenie,
  title={Mathgenie: Generating synthetic data with question back-translation for enhancing mathematical reasoning of llms},
  author={Lu, Zimu and Zhou, Aojun and Ren, Houxing and Wang, Ke and Shi, Weikang and Pan, Junting and Zhan, Mingjie and Li, Hongsheng},
  journal={arXiv preprint arXiv:2402.16352},
  year={2024}
}
@article{collegemath,
  title={Mathscale: Scaling instruction tuning for mathematical reasoning},
  author={Tang, Zhengyang and Zhang, Xingxing and Wan, Benyou and Wei, Furu},
  journal={arXiv preprint arXiv:2403.02884},
  year={2024}
}
@article{svamp,
  title={Are NLP models really able to solve simple math word problems?},
  author={Patel, Arkil and Bhattamishra, Satwik and Goyal, Navin},
  journal={arXiv preprint arXiv:2103.07191},
  year={2021}
}
@article{tabmwp,
  title={Dynamic prompt learning via policy gradient for semi-structured mathematical reasoning},
  author={Lu, Pan and Qiu, Liang and Chang, Kai-Wei and Wu, Ying Nian and Zhu, Song-Chun and Rajpurohit, Tanmay and Clark, Peter and Kalyan, Ashwin},
  journal={arXiv preprint arXiv:2209.14610},
  year={2022}
}
@article{pass1,
  title={Evaluating large language models trained on code},
  author={Chen, Mark and Tworek, Jerry and Jun, Heewoo and Yuan, Qiming and Pinto, Henrique Ponde De Oliveira and Kaplan, Jared and Edwards, Harri and Burda, Yuri and Joseph, Nicholas and Brockman, Greg and others},
  journal={arXiv preprint arXiv:2107.03374},
  year={2021}
}
@article{dsr1,
  title={Deepseek-r1: Incentivizing reasoning capability in llms via reinforcement learning},
  author={Guo, Daya and Yang, Dejian and Zhang, Haowei and Song, Junxiao and Zhang, Ruoyu and Xu, Runxin and Zhu, Qihao and Ma, Shirong and Wang, Peiyi and Bi, Xiao and others},
  journal={arXiv preprint arXiv:2501.12948},
  year={2025}
}
@article{qwen25,
  title={Qwen2. 5 technical report},
  author={Yang, An and Yang, Baosong and Zhang, Beichen and Hui, Binyuan and Zheng, Bo and Yu, Bowen and Li, Chengyuan and Liu, Dayiheng and Huang, Fei and Wei, Haoran and others},
  journal={arXiv preprint arXiv:2412.15115},
  year={2024}
}
@article{o1,
  title={Openai o1 system card},
  author={Jaech, Aaron and Kalai, Adam and Lerer, Adam and Richardson, Adam and El-Kishky, Ahmed and Low, Aiden and Helyar, Alec and Madry, Aleksander and Beutel, Alex and Carney, Alex and others},
  journal={arXiv preprint arXiv:2412.16720},
  year={2024}
}
@article{agentr,
  title={Agent-R: Training Language Model Agents to Reflect via Iterative Self-Training},
  author={Yuan, Siyu and Chen, Zehui and Xi, Zhiheng and Ye, Junjie and Du, Zhengyin and Chen, Jiecao},
  journal={arXiv preprint arXiv:2501.11425},
  year={2025}
}