@inproceedings{acb,
  title={Adversarial Constrained Bidding via Minimax Regret Optimization with Causality-Aware Reinforcement Learning},
  author={Wang, Haozhe and Du, Chao and Fang, Panyan and He, Li and Wang, Liang and Zheng, Bo},
  booktitle={Proceedings of the 29th ACM SIGKDD Conference on Knowledge Discovery and Data Mining},
  pages={2314--2325},
  year={2023}
}

@article{dsmath,
  title={Deepseekmath: Pushing the limits of mathematical reasoning in open language models},
  author={Shao, Zhihong and Wang, Peiyi and Zhu, Qihao and Xu, Runxin and Song, Junxiao and Zhang, Mingchuan and Li, YK and Wu, Yu and Guo, Daya},
  journal={arXiv preprint arXiv:2402.03300},
  year={2024}
}

@article{expertiter,
  title={Thinking fast and slow with deep learning and tree search},
  author={Anthony, Thomas and Tian, Zheng and Barber, David},
  journal={Advances in neural information processing systems},
  volume={30},
  year={2017}
}

@article{htl,
  title={How Do Humans Write Code? Large Models Do It the Same Way Too},
  author={Li, Long},
  journal={arXiv preprint arXiv:2402.15729},
  year={2024}
}

@article{iml,
  title={Googleâ€™s neural machine translation system: Bridging the gap between human and machine translation},
  author={Wu, Yonghui},
  journal={arXiv preprint arXiv:1609.08144},
  year={2016}
}

@inproceedings{iml1,
  title={Learning to generalize from sparse and underspecified rewards},
  author={Agarwal, Rishabh and Liang, Chen and Schuurmans, Dale and Norouzi, Mohammad},
  booktitle={International conference on machine learning},
  pages={130--140},
  year={2019},
  organization={PMLR}
}

@article{iml2,
  title={Learning math reasoning from self-sampled correct and partially-correct solutions},
  author={Ni, Ansong and Inala, Jeevana Priya and Wang, Chenglong and Polozov, Oleksandr and Meek, Christopher and Radev, Dragomir and Gao, Jianfeng},
  journal={arXiv preprint arXiv:2205.14318},
  year={2022}
}

@article{mammoth,
  title={Mammoth: Building math generalist models through hybrid instruction tuning},
  author={Yue, Xiang and Qu, Xingwei and Zhang, Ge and Fu, Yao and Huang, Wenhao and Sun, Huan and Su, Yu and Chen, Wenhu},
  journal={arXiv preprint arXiv:2309.05653},
  year={2023}
}

@article{metamath,
  title={Metamath: Bootstrap your own mathematical questions for large language models},
  author={Yu, Longhui and Jiang, Weisen and Shi, Han and Yu, Jincheng and Liu, Zhengying and Zhang, Yu and Kwok, James T and Li, Zhenguo and Weller, Adrian and Liu, Weiyang},
  journal={arXiv preprint arXiv:2309.12284},
  year={2023}
}

@article{moe,
  title={Mixture of experts: a literature survey},
  author={Masoudnia, Saeed and Ebrahimpour, Reza},
  journal={Artificial Intelligence Review},
  volume={42},
  pages={275--293},
  year={2014},
  publisher={Springer}
}

@article{openmath,
  title={Openmathinstruct-1: A 1.8 million math instruction tuning dataset},
  author={Toshniwal, Shubham and Moshkov, Ivan and Narenthiran, Sean and Gitman, Daria and Jia, Fei and Gitman, Igor},
  journal={arXiv preprint arXiv:2402.10176},
  year={2024}
}

@article{qwen25,
  title={Qwen2. 5 technical report},
  author={Yang, An and Yang, Baosong and Zhang, Beichen and Hui, Binyuan and Zheng, Bo and Yu, Bowen and Li, Chengyuan and Liu, Dayiheng and Huang, Fei and Wei, Haoran and others},
  journal={arXiv preprint arXiv:2412.15115},
  year={2024}
}

@article{restem,
  title={Beyond human data: Scaling self-training for problem-solving with language models},
  author={Singh, Avi and Co-Reyes, John D and Agarwal, Rishabh and Anand, Ankesh and Patil, Piyush and Liu, Peter J and Harrison, James and Lee, Jaehoon and Xu, Kelvin and Parisi, Aaron and others},
  journal={arXiv preprint arXiv:2312.06585},
  year={2023}
}

@article{tora,
  title={Tora: A tool-integrated reasoning agent for mathematical problem solving},
  author={Gou, Zhibin and Shao, Zhihong and Gong, Yeyun and Yang, Yujiu and Huang, Minlie and Duan, Nan and Chen, Weizhu and others},
  journal={arXiv preprint arXiv:2309.17452},
  year={2023}
}

@article{varibad,
  title={Varibad: A very good method for bayes-adaptive deep rl via meta-learning},
  author={Zintgraf, Luisa and Shiarlis, Kyriacos and Igl, Maximilian and Schulze, Sebastian and Gal, Yarin and Hofmann, Katja and Whiteson, Shimon},
  journal={arXiv preprint arXiv:1910.08348},
  year={2019}
}

@inproceedings{vem,
  title={Learning Context-aware Task Reasoning for Efficient Meta Reinforcement Learning},
  author={Wang, Haozhe and Zhou, Jiale and He, Xuming},
  booktitle={Proceedings of the 19th International Conference on Autonomous Agents and MultiAgent Systems},
  pages={1440--1448},
  year={2020}
}

