@misc{BCCJTZLP20,
      title={Machine Unlearning}, 
      author={Lucas Bourtoule and Varun Chandrasekaran and Christopher A. Choquette-Choo and Hengrui Jia and Adelin Travers and Baiwu Zhang and David Lie and Nicolas Papernot},
      year={2020},
      eprint={1912.03817},
      archivePrefix={arXiv},
      primaryClass={cs.CR},
      url={https://arxiv.org/abs/1912.03817}, 
}

@misc{CIJLTZ23,
      title={Quantifying Memorization Across Neural Language Models}, 
      author={Nicholas Carlini and Daphne Ippolito and Matthew Jagielski and Katherine Lee and Florian Tramer and Chiyuan Zhang},
      year={2023},
      eprint={2202.07646},
      archivePrefix={arXiv},
      primaryClass={cs.LG},
      url={https://arxiv.org/abs/2202.07646}, 
}

@inproceedings{CZWBHZ21, series={CCS ’21},
   title={When Machine Unlearning Jeopardizes Privacy},
   url={http://dx.doi.org/10.1145/3460120.3484756},
   DOI={10.1145/3460120.3484756},
   booktitle={Proceedings of the 2021 ACM SIGSAC Conference on Computer and Communications Security},
   publisher={ACM},
   author={Chen, Min and Zhang, Zhikun and Wang, Tianhao and Backes, Michael and Humbert, Mathias and Zhang, Yang},
   year={2021},
   month=nov, pages={896–911},
   collection={CCS ’21} }

@misc{ER23,
      title={Who's Harry Potter? Approximate Unlearning in LLMs}, 
      author={Ronen Eldan and Mark Russinovich},
      year={2023},
      eprint={2310.02238},
      archivePrefix={arXiv},
      primaryClass={cs.CL},
      url={https://arxiv.org/abs/2310.02238}, 
}

@misc{GAS20,
      title={Forgetting Outside the Box: Scrubbing Deep Networks of Information Accessible from Input-Output Observations}, 
      author={Aditya Golatkar and Alessandro Achille and Stefano Soatto},
      year={2020},
      eprint={2003.02960},
      archivePrefix={arXiv},
      primaryClass={cs.LG},
      url={https://arxiv.org/abs/2003.02960}, 
}

@misc{GGHM23,
      title={Certified Data Removal from Machine Learning Models}, 
      author={Chuan Guo and Tom Goldstein and Awni Hannun and Laurens van der Maaten},
      year={2023},
      eprint={1911.03030},
      archivePrefix={arXiv},
      primaryClass={cs.LG},
      url={https://arxiv.org/abs/1911.03030}, 
}

@article{GNG21, title={Amnesiac Machine Learning}, volume={35}, url={https://ojs.aaai.org/index.php/AAAI/article/view/17371}, DOI={10.1609/aaai.v35i13.17371}, number={13}, journal={Proceedings of the AAAI Conference on Artificial Intelligence}, author={Graves, Laura and Nagisetty, Vineel and Ganesh, Vijay}, year={2021}, month={May}, pages={11516-11524} }

@misc{HWJKKSSSGBG24,
      title={Be like a Goldfish, Don't Memorize! Mitigating Memorization in Generative LLMs}, 
      author={Abhimanyu Hans and Yuxin Wen and Neel Jain and John Kirchenbauer and Hamid Kazemi and Prajwal Singhania and Siddharth Singh and Gowthami Somepalli and Jonas Geiping and Abhinav Bhatele and Tom Goldstein},
      year={2024},
      eprint={2406.10209},
      archivePrefix={arXiv},
      primaryClass={cs.CL},
      url={https://arxiv.org/abs/2406.10209}, 
}

@misc{KWR22,
      title={Deduplicating Training Data Mitigates Privacy Risks in Language Models}, 
      author={Nikhil Kandpal and Eric Wallace and Colin Raffel},
      year={2022},
      eprint={2202.06539},
      archivePrefix={arXiv},
      primaryClass={cs.CR},
      url={https://arxiv.org/abs/2202.06539}, 
}

@inproceedings{LINZECC22,
    title = "Deduplicating Training Data Makes Language Models Better",
    author = "Lee, Katherine  and
      Ippolito, Daphne  and
      Nystrom, Andrew  and
      Zhang, Chiyuan  and
      Eck, Douglas  and
      Callison-Burch, Chris  and
      Carlini, Nicholas",
    editor = "Muresan, Smaranda  and
      Nakov, Preslav  and
      Villavicencio, Aline",
    booktitle = "Proceedings of the 60th Annual Meeting of the Association for Computational Linguistics (Volume 1: Long Papers)",
    month = may,
    year = "2022",
    address = "Dublin, Ireland",
    publisher = "Association for Computational Linguistics",
    url = "https://aclanthology.org/2022.acl-long.577/",
    doi = "10.18653/v1/2022.acl-long.577",
    pages = "8424--8445",
}

@inproceedings{LWWG23,
author = {Li, Zongjie and Wang, Chaozheng and Wang, Shuai and Gao, Cuiyun},
title = {Protecting Intellectual Property of Large Language Model-Based Code Generation APIs via Watermarks},
year = {2023},
isbn = {9798400700507},
publisher = {Association for Computing Machinery},
address = {New York, NY, USA},
url = {https://doi.org/10.1145/3576915.3623120},
doi = {10.1145/3576915.3623120},
booktitle = {Proceedings of the 2023 ACM SIGSAC Conference on Computer and Communications Security},
pages = {2336–2350},
numpages = {15},
keywords = {code generation, large language model, watermark},
location = {Copenhagen, Denmark},
series = {CCS '23}
}

@misc{MPSR22,
      title={Deep Unlearning via Randomized Conditionally Independent Hessians}, 
      author={Ronak Mehta and Sourav Pal and Vikas Singh and Sathya N. Ravi},
      year={2022},
      eprint={2204.07655},
      archivePrefix={arXiv},
      primaryClass={cs.CV},
      url={https://arxiv.org/abs/2204.07655}, 
}

@misc{SDSJ20,
      title={Radioactive data: tracing through training}, 
      author={Alexandre Sablayrolles and Matthijs Douze and Cordelia Schmid and Hervé Jégou},
      year={2020},
      eprint={2002.00937},
      archivePrefix={arXiv},
      primaryClass={stat.ML},
      url={https://arxiv.org/abs/2002.00937}, 
}

@misc{SFDDF24,
      title={Watermarking Makes Language Models Radioactive}, 
      author={Tom Sander and Pierre Fernandez and Alain Durmus and Matthijs Douze and Teddy Furon},
      year={2024},
      eprint={2402.14904},
      archivePrefix={arXiv},
      primaryClass={cs.CR},
      url={https://arxiv.org/abs/2402.14904}, 
}

@inproceedings{SSSS17,
author = {Reza Shokri and Marco Stronati and Congzheng Song and Vitaly Shmatikov},
title = {{Membership Inference Attacks Against Machine Learning Models}},
booktitle = {{IEEE Symposium on Security and Privacy (S\&P)}},
pages = {3-18},
publisher = {IEEE},
year = {2017}
}

@inproceedings{SZHBFB19,
author = {Ahmed Salem and Yang Zhang and Mathias Humbert and Pascal Berrang and Mario Fritz and Michael Backes},
title = {{ML-Leaks: Model and Data Independent Membership Inference Attacks and Defenses on Machine Learning Models}},
booktitle = {{Network and Distributed System Security Symposium (NDSS)}},
publisher = {Internet Society},
year = {2019}
}

@misc{WHS22,
      title={PUMA: Performance Unchanged Model Augmentation for Training Data Removal}, 
      author={Ga Wu and Masoud Hashemi and Christopher Srinivasa},
      year={2022},
      eprint={2203.00846},
      archivePrefix={arXiv},
      primaryClass={stat.ML},
      url={https://arxiv.org/abs/2203.00846}, 
}

@misc{ZILJTC23,
      title={Counterfactual Memorization in Neural Language Models}, 
      author={Chiyuan Zhang and Daphne Ippolito and Katherine Lee and Matthew Jagielski and Florian Tramèr and Nicholas Carlini},
      year={2023},
      eprint={2112.12938},
      archivePrefix={arXiv},
      primaryClass={cs.CL},
      url={https://arxiv.org/abs/2112.12938}, 
}

