
@misc{SLBC19,
      title={WinoGrande: An Adversarial Winograd Schema Challenge at Scale}, 
      author={Keisuke Sakaguchi and Ronan Le Bras and Chandra Bhagavatula and Yejin Choi},
      year={2019},
      eprint={1907.10641},
      archivePrefix={arXiv},
      primaryClass={cs.CL}
}
@misc{LHE22,
      title={TruthfulQA: Measuring How Models Mimic Human Falsehoods}, 
      author={Stephanie Lin and Jacob Hilton and Owain Evans},
      year={2022},
      eprint={2109.07958},
      archivePrefix={arXiv},
      primaryClass={cs.CL}
}
@article{HBBZMSS21,
  title={Measuring Massive Multitask Language Understanding},
  author={Dan Hendrycks and Collin Burns and Steven Basart and Andy Zou and Mantas Mazeika and Dawn Song and Jacob Steinhardt},
  journal={Proceedings of the International Conference on Learning Representations (ICLR)},
  year={2021}
}
@inproceedings{ZHBFC19,
    title={HellaSwag: Can a Machine Really Finish Your Sentence?},
    author={Zellers, Rowan and Holtzman, Ari and Bisk, Yonatan and Farhadi, Ali and Choi, Yejin},
    booktitle ={Proceedings of the 57th Annual Meeting of the Association for Computational Linguistics},
    year={2019}
}

@article{HBBCLSS21,
  title={Aligning AI With Shared Human Values},
  author={Dan Hendrycks and Collin Burns and Steven Basart and Andrew Critch and Jerry Li and Dawn Song and Jacob Steinhardt},
  journal={Proceedings of the International Conference on Learning Representations (ICLR)},
  year={2021}
}
@misc{CIJLTZ23,
      title={Quantifying Memorization Across Neural Language Models}, 
      author={Nicholas Carlini and Daphne Ippolito and Matthew Jagielski and Katherine Lee and Florian Tramer and Chiyuan Zhang},
      year={2023},
      eprint={2202.07646},
      archivePrefix={arXiv},
      primaryClass={cs.LG},
      url={https://arxiv.org/abs/2202.07646}, 
}
@misc{MPSR22,
      title={Deep Unlearning via Randomized Conditionally Independent Hessians}, 
      author={Ronak Mehta and Sourav Pal and Vikas Singh and Sathya N. Ravi},
      year={2022},
      eprint={2204.07655},
      archivePrefix={arXiv},
      primaryClass={cs.CV},
      url={https://arxiv.org/abs/2204.07655}, 
}
@misc{Yi1.5,
      title={Yi: Open Foundation Models by 01.AI}, 
      author={01.AI and : and Alex Young and Bei Chen and Chao Li and Chengen Huang and Ge Zhang and Guanwei Zhang and Heng Li and Jiangcheng Zhu and Jianqun Chen and Jing Chang and Kaidong Yu and Peng Liu and Qiang Liu and Shawn Yue and Senbin Yang and Shiming Yang and Tao Yu and Wen Xie and Wenhao Huang and Xiaohui Hu and Xiaoyi Ren and Xinyao Niu and Pengcheng Nie and Yuchi Xu and Yudong Liu and Yue Wang and Yuxuan Cai and Zhenyu Gu and Zhiyuan Liu and Zonghong Dai},
      year={2024},
      eprint={2403.04652},
      archivePrefix={arXiv},
      primaryClass={cs.CL},
      url={https://arxiv.org/abs/2403.04652}, 
}
@misc{qwen2.5,
      title={Qwen2.5 Technical Report}, 
      author={Qwen and : and An Yang and Baosong Yang and Beichen Zhang and Binyuan Hui and Bo Zheng and Bowen Yu and Chengyuan Li and Dayiheng Liu and Fei Huang and Haoran Wei and Huan Lin and Jian Yang and Jianhong Tu and Jianwei Zhang and Jianxin Yang and Jiaxi Yang and Jingren Zhou and Junyang Lin and Kai Dang and Keming Lu and Keqin Bao and Kexin Yang and Le Yu and Mei Li and Mingfeng Xue and Pei Zhang and Qin Zhu and Rui Men and Runji Lin and Tianhao Li and Tianyi Tang and Tingyu Xia and Xingzhang Ren and Xuancheng Ren and Yang Fan and Yang Su and Yichang Zhang and Yu Wan and Yuqiong Liu and Zeyu Cui and Zhenru Zhang and Zihan Qiu},
      year={2025},
      eprint={2412.15115},
      archivePrefix={arXiv},
      primaryClass={cs.CL},
      url={https://arxiv.org/abs/2412.15115}, 
}
@misc{WHS22,
      title={PUMA: Performance Unchanged Model Augmentation for Training Data Removal}, 
      author={Ga Wu and Masoud Hashemi and Christopher Srinivasa},
      year={2022},
      eprint={2203.00846},
      archivePrefix={arXiv},
      primaryClass={stat.ML},
      url={https://arxiv.org/abs/2203.00846}, 
}
@misc{llama3,
      title={The Llama 3 Herd of Models}, 
      author={Aaron Grattafiori and Abhimanyu Dubey and Abhinav Jauhri and Abhinav Pandey and Abhishek Kadian and Ahmad Al-Dahle and Aiesha Letman and Akhil Mathur and Alan Schelten and Alex Vaughan and Amy Yang and Angela Fan and Anirudh Goyal and Anthony Hartshorn and Aobo Yang and Archi Mitra and Archie Sravankumar and Artem Korenev and Arthur Hinsvark and Arun Rao and Aston Zhang and Aurelien Rodriguez and Austen Gregerson and Ava Spataru and Baptiste Roziere and Bethany Biron and Binh Tang and Bobbie Chern and Charlotte Caucheteux and Chaya Nayak and Chloe Bi and Chris Marra and Chris McConnell and Christian Keller and Christophe Touret and Chunyang Wu and Corinne Wong and Cristian Canton Ferrer and Cyrus Nikolaidis and Damien Allonsius and Daniel Song and Danielle Pintz and Danny Livshits and Danny Wyatt and David Esiobu and Dhruv Choudhary and Dhruv Mahajan and Diego Garcia-Olano and Diego Perino and Dieuwke Hupkes and Egor Lakomkin and Ehab AlBadawy and Elina Lobanova and Emily Dinan and Eric Michael Smith and Filip Radenovic and Francisco Guzmán and Frank Zhang and Gabriel Synnaeve and Gabrielle Lee and Georgia Lewis Anderson and Govind Thattai and Graeme Nail and Gregoire Mialon and Guan Pang and Guillem Cucurell and Hailey Nguyen and Hannah Korevaar and Hu Xu and Hugo Touvron and Iliyan Zarov and Imanol Arrieta Ibarra and Isabel Kloumann and Ishan Misra and Ivan Evtimov and Jack Zhang and Jade Copet and Jaewon Lee and Jan Geffert and Jana Vranes and Jason Park and Jay Mahadeokar and Jeet Shah and Jelmer van der Linde and Jennifer Billock and Jenny Hong and Jenya Lee and Jeremy Fu and Jianfeng Chi and Jianyu Huang and Jiawen Liu and Jie Wang and Jiecao Yu and Joanna Bitton and Joe Spisak and Jongsoo Park and Joseph Rocca and Joshua Johnstun and Joshua Saxe and Junteng Jia and Kalyan Vasuden Alwala and Karthik Prasad and Kartikeya Upasani and Kate Plawiak and Ke Li and Kenneth Heafield and Kevin Stone and Khalid El-Arini and Krithika Iyer and Kshitiz Malik and Kuenley Chiu and Kunal Bhalla and Kushal Lakhotia and Lauren Rantala-Yeary and Laurens van der Maaten and Lawrence Chen and Liang Tan and Liz Jenkins and Louis Martin and Lovish Madaan and Lubo Malo and Lukas Blecher and Lukas Landzaat and Luke de Oliveira and Madeline Muzzi and Mahesh Pasupuleti and Mannat Singh and Manohar Paluri and Marcin Kardas and Maria Tsimpoukelli and Mathew Oldham and Mathieu Rita and Maya Pavlova and Melanie Kambadur and Mike Lewis and Min Si and Mitesh Kumar Singh and Mona Hassan and Naman Goyal and Narjes Torabi and Nikolay Bashlykov and Nikolay Bogoychev and Niladri Chatterji and Ning Zhang and Olivier Duchenne and Onur Çelebi and Patrick Alrassy and Pengchuan Zhang and Pengwei Li and Petar Vasic and Peter Weng and Prajjwal Bhargava and Pratik Dubal and Praveen Krishnan and Punit Singh Koura and Puxin Xu and Qing He and Qingxiao Dong and Ragavan Srinivasan and Raj Ganapathy and Ramon Calderer and Ricardo Silveira Cabral and Robert Stojnic and Roberta Raileanu and Rohan Maheswari and Rohit Girdhar and Rohit Patel and Romain Sauvestre and Ronnie Polidoro and Roshan Sumbaly and Ross Taylor and Ruan Silva and Rui Hou and Rui Wang and Saghar Hosseini and Sahana Chennabasappa and Sanjay Singh and Sean Bell and Seohyun Sonia Kim and Sergey Edunov and Shaoliang Nie and Sharan Narang and Sharath Raparthy and Sheng Shen and Shengye Wan and Shruti Bhosale and Shun Zhang and Simon Vandenhende and Soumya Batra and Spencer Whitman and Sten Sootla and Stephane Collot and Suchin Gururangan and Sydney Borodinsky and Tamar Herman and Tara Fowler and Tarek Sheasha and Thomas Georgiou and Thomas Scialom and Tobias Speckbacher and Todor Mihaylov and Tong Xiao and Ujjwal Karn and Vedanuj Goswami and Vibhor Gupta and Vignesh Ramanathan and Viktor Kerkez and Vincent Gonguet and Virginie Do and Vish Vogeti and Vítor Albiero and Vladan Petrovic and Weiwei Chu and Wenhan Xiong and Wenyin Fu and Whitney Meers and Xavier Martinet and Xiaodong Wang and Xiaofang Wang and Xiaoqing Ellen Tan and Xide Xia and Xinfeng Xie and Xuchao Jia and Xuewei Wang and Yaelle Goldschlag and Yashesh Gaur and Yasmine Babaei and Yi Wen and Yiwen Song and Yuchen Zhang and Yue Li and Yuning Mao and Zacharie Delpierre Coudert and Zheng Yan and Zhengxing Chen and Zoe Papakipos and Aaditya Singh and Aayushi Srivastava and Abha Jain and Adam Kelsey and Adam Shajnfeld and Adithya Gangidi and Adolfo Victoria and Ahuva Goldstand and Ajay Menon and Ajay Sharma and Alex Boesenberg and Alexei Baevski and Allie Feinstein and Amanda Kallet and Amit Sangani and Amos Teo and Anam Yunus and Andrei Lupu and Andres Alvarado and Andrew Caples and Andrew Gu and Andrew Ho and Andrew Poulton and Andrew Ryan and Ankit Ramchandani and Annie Dong and Annie Franco and Anuj Goyal and Aparajita Saraf and Arkabandhu Chowdhury and Ashley Gabriel and Ashwin Bharambe and Assaf Eisenman and Azadeh Yazdan and Beau James and Ben Maurer and Benjamin Leonhardi and Bernie Huang and Beth Loyd and Beto De Paola and Bhargavi Paranjape and Bing Liu and Bo Wu and Boyu Ni and Braden Hancock and Bram Wasti and Brandon Spence and Brani Stojkovic and Brian Gamido and Britt Montalvo and Carl Parker and Carly Burton and Catalina Mejia and Ce Liu and Changhan Wang and Changkyu Kim and Chao Zhou and Chester Hu and Ching-Hsiang Chu and Chris Cai and Chris Tindal and Christoph Feichtenhofer and Cynthia Gao and Damon Civin and Dana Beaty and Daniel Kreymer and Daniel Li and David Adkins and David Xu and Davide Testuggine and Delia David and Devi Parikh and Diana Liskovich and Didem Foss and Dingkang Wang and Duc Le and Dustin Holland and Edward Dowling and Eissa Jamil and Elaine Montgomery and Eleonora Presani and Emily Hahn and Emily Wood and Eric-Tuan Le and Erik Brinkman and Esteban Arcaute and Evan Dunbar and Evan Smothers and Fei Sun and Felix Kreuk and Feng Tian and Filippos Kokkinos and Firat Ozgenel and Francesco Caggioni and Frank Kanayet and Frank Seide and Gabriela Medina Florez and Gabriella Schwarz and Gada Badeer and Georgia Swee and Gil Halpern and Grant Herman and Grigory Sizov and Guangyi and Zhang and Guna Lakshminarayanan and Hakan Inan and Hamid Shojanazeri and Han Zou and Hannah Wang and Hanwen Zha and Haroun Habeeb and Harrison Rudolph and Helen Suk and Henry Aspegren and Hunter Goldman and Hongyuan Zhan and Ibrahim Damlaj and Igor Molybog and Igor Tufanov and Ilias Leontiadis and Irina-Elena Veliche and Itai Gat and Jake Weissman and James Geboski and James Kohli and Janice Lam and Japhet Asher and Jean-Baptiste Gaya and Jeff Marcus and Jeff Tang and Jennifer Chan and Jenny Zhen and Jeremy Reizenstein and Jeremy Teboul and Jessica Zhong and Jian Jin and Jingyi Yang and Joe Cummings and Jon Carvill and Jon Shepard and Jonathan McPhie and Jonathan Torres and Josh Ginsburg and Junjie Wang and Kai Wu and Kam Hou U and Karan Saxena and Kartikay Khandelwal and Katayoun Zand and Kathy Matosich and Kaushik Veeraraghavan and Kelly Michelena and Keqian Li and Kiran Jagadeesh and Kun Huang and Kunal Chawla and Kyle Huang and Lailin Chen and Lakshya Garg and Lavender A and Leandro Silva and Lee Bell and Lei Zhang and Liangpeng Guo and Licheng Yu and Liron Moshkovich and Luca Wehrstedt and Madian Khabsa and Manav Avalani and Manish Bhatt and Martynas Mankus and Matan Hasson and Matthew Lennie and Matthias Reso and Maxim Groshev and Maxim Naumov and Maya Lathi and Meghan Keneally and Miao Liu and Michael L. Seltzer and Michal Valko and Michelle Restrepo and Mihir Patel and Mik Vyatskov and Mikayel Samvelyan and Mike Clark and Mike Macey and Mike Wang and Miquel Jubert Hermoso and Mo Metanat and Mohammad Rastegari and Munish Bansal and Nandhini Santhanam and Natascha Parks and Natasha White and Navyata Bawa and Nayan Singhal and Nick Egebo and Nicolas Usunier and Nikhil Mehta and Nikolay Pavlovich Laptev and Ning Dong and Norman Cheng and Oleg Chernoguz and Olivia Hart and Omkar Salpekar and Ozlem Kalinli and Parkin Kent and Parth Parekh and Paul Saab and Pavan Balaji and Pedro Rittner and Philip Bontrager and Pierre Roux and Piotr Dollar and Polina Zvyagina and Prashant Ratanchandani and Pritish Yuvraj and Qian Liang and Rachad Alao and Rachel Rodriguez and Rafi Ayub and Raghotham Murthy and Raghu Nayani and Rahul Mitra and Rangaprabhu Parthasarathy and Raymond Li and Rebekkah Hogan and Robin Battey and Rocky Wang and Russ Howes and Ruty Rinott and Sachin Mehta and Sachin Siby and Sai Jayesh Bondu and Samyak Datta and Sara Chugh and Sara Hunt and Sargun Dhillon and Sasha Sidorov and Satadru Pan and Saurabh Mahajan and Saurabh Verma and Seiji Yamamoto and Sharadh Ramaswamy and Shaun Lindsay and Shaun Lindsay and Sheng Feng and Shenghao Lin and Shengxin Cindy Zha and Shishir Patil and Shiva Shankar and Shuqiang Zhang and Shuqiang Zhang and Sinong Wang and Sneha Agarwal and Soji Sajuyigbe and Soumith Chintala and Stephanie Max and Stephen Chen and Steve Kehoe and Steve Satterfield and Sudarshan Govindaprasad and Sumit Gupta and Summer Deng and Sungmin Cho and Sunny Virk and Suraj Subramanian and Sy Choudhury and Sydney Goldman and Tal Remez and Tamar Glaser and Tamara Best and Thilo Koehler and Thomas Robinson and Tianhe Li and Tianjun Zhang and Tim Matthews and Timothy Chou and Tzook Shaked and Varun Vontimitta and Victoria Ajayi and Victoria Montanez and Vijai Mohan and Vinay Satish Kumar and Vishal Mangla and Vlad Ionescu and Vlad Poenaru and Vlad Tiberiu Mihailescu and Vladimir Ivanov and Wei Li and Wenchen Wang and Wenwen Jiang and Wes Bouaziz and Will Constable and Xiaocheng Tang and Xiaojian Wu and Xiaolan Wang and Xilun Wu and Xinbo Gao and Yaniv Kleinman and Yanjun Chen and Ye Hu and Ye Jia and Ye Qi and Yenda Li and Yilin Zhang and Ying Zhang and Yossi Adi and Youngjin Nam and Yu and Wang and Yu Zhao and Yuchen Hao and Yundi Qian and Yunlu Li and Yuzi He and Zach Rait and Zachary DeVito and Zef Rosnbrick and Zhaoduo Wen and Zhenyu Yang and Zhiwei Zhao and Zhiyu Ma},
      year={2024},
      eprint={2407.21783},
      archivePrefix={arXiv},
      primaryClass={cs.AI},
      url={https://arxiv.org/abs/2407.21783}, 
}
@misc{KWR22,
      title={Deduplicating Training Data Mitigates Privacy Risks in Language Models}, 
      author={Nikhil Kandpal and Eric Wallace and Colin Raffel},
      year={2022},
      eprint={2202.06539},
      archivePrefix={arXiv},
      primaryClass={cs.CR},
      url={https://arxiv.org/abs/2202.06539}, 
}
@misc{GAS20,
      title={Forgetting Outside the Box: Scrubbing Deep Networks of Information Accessible from Input-Output Observations}, 
      author={Aditya Golatkar and Alessandro Achille and Stefano Soatto},
      year={2020},
      eprint={2003.02960},
      archivePrefix={arXiv},
      primaryClass={cs.LG},
      url={https://arxiv.org/abs/2003.02960}, 
}
@misc{GGHM23,
      title={Certified Data Removal from Machine Learning Models}, 
      author={Chuan Guo and Tom Goldstein and Awni Hannun and Laurens van der Maaten},
      year={2023},
      eprint={1911.03030},
      archivePrefix={arXiv},
      primaryClass={cs.LG},
      url={https://arxiv.org/abs/1911.03030}, 
}
@inproceedings{CZWBHZ21, series={CCS ’21},
   title={When Machine Unlearning Jeopardizes Privacy},
   url={http://dx.doi.org/10.1145/3460120.3484756},
   DOI={10.1145/3460120.3484756},
   booktitle={Proceedings of the 2021 ACM SIGSAC Conference on Computer and Communications Security},
   publisher={ACM},
   author={Chen, Min and Zhang, Zhikun and Wang, Tianhao and Backes, Michael and Humbert, Mathias and Zhang, Yang},
   year={2021},
   month=nov, pages={896–911},
   collection={CCS ’21} }

@misc{reuters,
author={Blake Brittain},
  howpublished = {\url{https://www.reuters.com/legal/litigation/anthropic-reaches-deal-ai-guardrails-lawsuit-over-music-lyrics-2025-01-03/}}  
}  


@misc{IngramSpark,
author={IngramSpark},
  howpublished = {\url{https://www.ingramspark.com/blog/how-to-choose-the-perfect-book-excerpt}}  
}  
@misc{janefriedman,
author={Jane Friedman},
  howpublished = {\url{https://janefriedman.com/sample-permission-letter/}}  
}  



@misc{plagiarismtoday,
    author={Jonathan Bailey},
  howpublished = {\url{https://www.plagiarismtoday.com/2009/03/03/excerpts-scraping-and-fair-use}}  
}  


@misc{ZDKT24,
      title={Membership Inference Attacks Cannot Prove that a Model Was Trained On Your Data}, 
      author={Jie Zhang and Debeshee Das and Gautam Kamath and Florian Tramèr},
      year={2024},
      eprint={2409.19798},
      archivePrefix={arXiv},
      primaryClass={cs.LG},
      url={https://arxiv.org/abs/2409.19798}, 
}
@misc{ER23,
      title={Who's Harry Potter? Approximate Unlearning in LLMs}, 
      author={Ronen Eldan and Mark Russinovich},
      year={2023},
      eprint={2310.02238},
      archivePrefix={arXiv},
      primaryClass={cs.CL},
      url={https://arxiv.org/abs/2310.02238}, 
}
@misc{BCCJTZLP20,
      title={Machine Unlearning}, 
      author={Lucas Bourtoule and Varun Chandrasekaran and Christopher A. Choquette-Choo and Hengrui Jia and Adelin Travers and Baiwu Zhang and David Lie and Nicolas Papernot},
      year={2020},
      eprint={1912.03817},
      archivePrefix={arXiv},
      primaryClass={cs.CR},
      url={https://arxiv.org/abs/1912.03817}, 
}
@article{GNG21, title={Amnesiac Machine Learning}, volume={35}, url={https://ojs.aaai.org/index.php/AAAI/article/view/17371}, DOI={10.1609/aaai.v35i13.17371}, number={13}, journal={Proceedings of the AAAI Conference on Artificial Intelligence}, author={Graves, Laura and Nagisetty, Vineel and Ganesh, Vijay}, year={2021}, month={May}, pages={11516-11524} }

@misc{ZILJTC23,
      title={Counterfactual Memorization in Neural Language Models}, 
      author={Chiyuan Zhang and Daphne Ippolito and Katherine Lee and Matthew Jagielski and Florian Tramèr and Nicholas Carlini},
      year={2023},
      eprint={2112.12938},
      archivePrefix={arXiv},
      primaryClass={cs.CL},
      url={https://arxiv.org/abs/2112.12938}, 
}
@inproceedings{LINZECC22,
    title = "Deduplicating Training Data Makes Language Models Better",
    author = "Lee, Katherine  and
      Ippolito, Daphne  and
      Nystrom, Andrew  and
      Zhang, Chiyuan  and
      Eck, Douglas  and
      Callison-Burch, Chris  and
      Carlini, Nicholas",
    editor = "Muresan, Smaranda  and
      Nakov, Preslav  and
      Villavicencio, Aline",
    booktitle = "Proceedings of the 60th Annual Meeting of the Association for Computational Linguistics (Volume 1: Long Papers)",
    month = may,
    year = "2022",
    address = "Dublin, Ireland",
    publisher = "Association for Computational Linguistics",
    url = "https://aclanthology.org/2022.acl-long.577/",
    doi = "10.18653/v1/2022.acl-long.577",
    pages = "8424--8445",
}
@misc{SFMLK24,
      title={Rethinking LLM Memorization through the Lens of Adversarial Compression}, 
      author={Avi Schwarzschild and Zhili Feng and Pratyush Maini and Zachary C. Lipton and J. Zico Kolter},
      year={2024},
      eprint={2404.15146},
      archivePrefix={arXiv},
      primaryClass={cs.LG},
      url={https://arxiv.org/abs/2404.15146}, 
}
@misc{HWJKKSSSGBG24,
      title={Be like a Goldfish, Don't Memorize! Mitigating Memorization in Generative LLMs}, 
      author={Abhimanyu Hans and Yuxin Wen and Neel Jain and John Kirchenbauer and Hamid Kazemi and Prajwal Singhania and Siddharth Singh and Gowthami Somepalli and Jonas Geiping and Abhinav Bhatele and Tom Goldstein},
      year={2024},
      eprint={2406.10209},
      archivePrefix={arXiv},
      primaryClass={cs.CL},
      url={https://arxiv.org/abs/2406.10209}, 
}
@misc{WZCE24,
      title={Goldfish: An Efficient Federated Unlearning Framework}, 
      author={Houzhe Wang and Xiaojie Zhu and Chi Chen and Paulo Esteves-Veríssimo},
      year={2024},
      eprint={2404.03180},
      archivePrefix={arXiv},
      primaryClass={cs.LG},
      url={https://arxiv.org/abs/2404.03180}, 
}
@article{XYSCLCXW23,
  title={Defending ChatGPT against jailbreak attack via self-reminders},
  author={Yueqi Xie and Jingwei Yi and Jiawei Shao and Justin Curl and Lingjuan Lyu and Qifeng Chen and Xing Xie and Fangzhao Wu},
  journal={Nature Machine Intelligence},
  year={2023},
  volume={5},
  pages={1486-1496},
  url={https://api.semanticscholar.org/CorpusID:266289038}
}
@inproceedings {KAL23,
author = {Tadayoshi Kohno and Yasemin Acar and Wulf Loh},
title = {Ethical Frameworks and Computer Security Trolley Problems: Foundations for Conversations},
booktitle = {32nd USENIX Security Symposium (USENIX Security 23)},
year = {2023},
isbn = {978-1-939133-37-3},
address = {Anaheim, CA},
pages = {5145--5162},
url = {https://www.usenix.org/conference/usenixsecurity23/presentation/kohno},
publisher = {USENIX Association},
month = aug
}

@misc{ZYKMWH24,
      title={Defending Large Language Models Against Jailbreaking Attacks Through Goal Prioritization}, 
      author={Zhexin Zhang and Junxiao Yang and Pei Ke and Fei Mi and Hongning Wang and Minlie Huang},
      year={2024},
      eprint={2311.09096},
      archivePrefix={arXiv},
      primaryClass={cs.CL},
      url={https://arxiv.org/abs/2311.09096}, 
}
@misc{ZSTCZ23,
      title={Make Them Spill the Beans! Coercive Knowledge Extraction from (Production) LLMs}, 
      author={Zhuo Zhang and Guangyu Shen and Guanhong Tao and Siyuan Cheng and Xiangyu Zhang},
      year={2023},
      eprint={2312.04782},
      archivePrefix={arXiv},
      primaryClass={cs.CR}
}
@article{CIA,
      title={Leveraging the Context through Multi-Round Interactions for Jailbreaking Attacks}, 
      author={Yixin Cheng and Markos Georgopoulos and Volkan Cevher and Grigorios G. Chrysos},
      year={2024},
      eprint={2402.09177},
      archivePrefix={arXiv},
      primaryClass={cs.LG},
      url={https://arxiv.org/abs/2402.09177}, 
}
@article{HGXLC23,
author = {Yangsibo Huang and Samyak Gupta and Mengzhou Xia and Kai Li and Danqi Chen},
title = {{Catastrophic Jailbreak of Open-source LLMs via Exploiting Generation}},
journal = {{CoRR abs/2310.06987}},
year = {2023}
}
@article{LXCX23,
author = {Xiaogeng Liu and Nan Xu and Muhao Chen and Chaowei Xiao},
title = {{AutoDAN: Generating Stealthy Jailbreak Prompts on Aligned Large Language Models}},
journal = {{CoRR abs/2310.04451}},
year = {2023}
}
@article{ZWKF23,
author = {Andy Zou and Zifan Wang and J. Zico Kolter and Matt Fredrikson},
title = {{Universal and Transferable Adversarial Attacks on Aligned Language Models}},
journal = {{CoRR abs/2307.15043}},
year = {2023}
}
@misc{LGFXHMS23,
      title={Multi-step Jailbreaking Privacy Attacks on ChatGPT}, 
      author={Haoran Li and Dadi Guo and Wei Fan and Mingshi Xu and Jie Huang and Fanpu Meng and Yangqiu Song},
      year={2023},
      eprint={2304.05197},
      archivePrefix={arXiv},
      primaryClass={cs.CL},
      url={https://arxiv.org/abs/2304.05197}, 
}
@misc{GZHKWWHM23,
      title={MART: Improving LLM Safety with Multi-round Automatic Red-Teaming}, 
      author={Suyu Ge and Chunting Zhou and Rui Hou and Madian Khabsa and Yi-Chia Wang and Qifan Wang and Jiawei Han and Yuning Mao},
      year={2023},
      eprint={2311.07689},
      archivePrefix={arXiv},
      primaryClass={cs.CL},
      url={https://arxiv.org/abs/2311.07689}, 
}
@misc{XZZX23,
      title={SC-Safety: A Multi-round Open-ended Question Adversarial Safety Benchmark for Large Language Models in Chinese}, 
      author={Liang Xu and Kangkang Zhao and Lei Zhu and Hang Xue},
      year={2023},
      eprint={2310.05818},
      archivePrefix={arXiv},
      primaryClass={cs.CL},
      url={https://arxiv.org/abs/2310.05818}, 
}
@misc{YTHH24,
      title={Chain of Attack: a Semantic-Driven Contextual Multi-Turn attacker for LLM}, 
      author={Xikang Yang and Xuehai Tang and Songlin Hu and Jizhong Han},
      year={2024},
      eprint={2405.05610},
      archivePrefix={arXiv},
      primaryClass={cs.CL},
      url={https://arxiv.org/abs/2405.05610}, 
}
@article{CRDHPW23,
author = {Patrick Chao and Alexander Robey and Edgar Dobriban and Hamed Hassani and George J. Pappas and Eric Wong},
title = {{Jailbreaking Black Box Large Language Models in Twenty Queries}},
journal = {{CoRR abs/2310.08419}},
year = {2023}
}

@article{YLYX23,
author = {Jiahao Yu and Xingwei Lin and Zheng Yu and Xinyu Xing},
title = {{{GPTFUZZER:} Red Teaming Large Language Models with Auto-Generated Jailbreak Prompts}},
journal = {{CoRR abs/2309.10253}},
year = {2023}
}



@article{DLLWZLWZL23,
author = {Gelei Deng and Yi Liu and Yuekang Li and Kailong Wang and Ying Zhang and Zefeng Li and Haoyu Wang and Tianwei Zhang and Yang Liu},
title = {{Jailbreaker: Automated Jailbreak Across Multiple Large Language Model Chatbots}},
journal = {{CoRR abs/2307.08715}},
year = {2023}
}

@article{DZPB23,
author = {Yue Deng and Wenxuan Zhang and Sinno Jialin Pan and Lidong Bing},
title = {{Multilingual Jailbreak Challenges in Large Language Models}},
journal = {{CoRR abs/2310.06474}},
year = {2023}
}
@misc{first_jailbreak_prompts,
howpublished = {\url{https://www.lesswrong.com/posts/RYcoJdvmoBbi5Nax7/jailbreaking-chatgpt-on-release-day}},
}
@article{ManyShot,
  title={Many-shot Jailbreaking},
  author={Anil, Cem and Durmus, Esin and Sharma, Mrinank and Benton, Joe and Kundu, Sandipan and Batson, Joshua and Rimsky, Nina and Tong, Meg and Mu, Jesse and Ford, Daniel and others}
}
@misc{MPYZWMSLBLFH24,
      title={HarmBench: A Standardized Evaluation Framework for Automated Red Teaming and Robust Refusal}, 
      author={Mantas Mazeika and Long Phan and Xuwang Yin and Andy Zou and Zifan Wang and Norman Mu and Elham Sakhaee and Nathaniel Li and Steven Basart and Bo Li and David Forsyth and Dan Hendrycks},
      year={2024},
      eprint={2402.04249},
      archivePrefix={arXiv},
      primaryClass={cs.LG},
      url={https://arxiv.org/abs/2402.04249}, 
}
@misc{YLYX24,
      title={GPTFUZZER: Red Teaming Large Language Models with Auto-Generated Jailbreak Prompts}, 
      author={Jiahao Yu and Xingwei Lin and Zheng Yu and Xinyu Xing},
      year={2024},
      eprint={2309.10253},
      archivePrefix={arXiv},
      primaryClass={cs.AI},
      url={https://arxiv.org/abs/2309.10253}, 
}
@misc{SPK23,
      title={Maatphor: Automated Variant Analysis for Prompt Injection Attacks}, 
      author={Ahmed Salem and Andrew Paverd and Boris Köpf},
      year={2023},
      eprint={2312.11513},
      archivePrefix={arXiv},
      primaryClass={cs.CR}
}
@misc{JailbreakChat,
howpublished = {\url{https://www.jailbreakchat.com/}},
}
@misc{chatGPTMolotov,
howpublished = {\url{https://chat.openai.com/share/31708d66-c735-46e4-94fd-41f436d4d3e9}},
}
@misc{GeminiUltraMolotov,
howpublished = {\url{https://gemini.google.com/share/35f0817c3a03}},
}
@misc{ACF,
howpublished = {\url{https://learn.microsoft.com/en-us/python/api/overview/azure/ai-contentsafety-readme?view=azure-python}},
}
@misc{PresAPI,
howpublished = {\url{https://perspectiveapi.com/}},
}
@article{LDXLZZZZL23,
author = {Yi Liu and Gelei Deng and Zhengzi Xu and Yuekang Li and Yaowen Zheng and Ying Zhang and Lida Zhao and Tianwei Zhang and Yang Liu},
title = {{Jailbreaking ChatGPT via Prompt Engineering: An Empirical Study}},
journal = {{CoRR abs/2305.13860}},
year = {2023}
}
@article{SCBSZ23,
author = {Xinyue Shen and Zeyuan Chen and Michael Backes and Yun Shen and Yang Zhang},
title = {{Do Anything Now: Characterizing and Evaluating In-The-Wild Jailbreak Prompts on Large Language Models}},
journal = {{CoRR abs/2308.03825}},
year = {2023}
}




@article{WHS23,
author = {Alexander Wei and Nika Haghtalab and Jacob Steinhardt},
title = {{Jailbroken: How Does {LLM} Safety Training Fail?}},
journal = {{CoRR abs/2307.02483}},
year = {2023}
}


@misc{KPOKCX23,
      title={User Inference Attacks on Large Language Models}, 
      author={Nikhil Kandpal and Krishna Pillutla and Alina Oprea and Peter Kairouz and Christopher A. Choquette-Choo and Zheng Xu},
      year={2023},
      eprint={2310.09266},
      archivePrefix={arXiv},
      primaryClass={cs.CR}
}

@misc{LSSTWZ23,
      title={Analyzing Leakage of Personally Identifiable Information in Language Models}, 
      author={Nils Lukas and Ahmed Salem and Robert Sim and Shruti Tople and Lukas Wutschitz and Santiago Zanella-Béguelin},
      year={2023},
      eprint={2302.00539},
      archivePrefix={arXiv},
      primaryClass={cs.LG}
}
@misc{CTWJHLRBSEOR21,
      title={Extracting Training Data from Large Language Models}, 
      author={Nicholas Carlini and Florian Tramer and Eric Wallace and Matthew Jagielski and Ariel Herbert-Voss and Katherine Lee and Adam Roberts and Tom Brown and Dawn Song and Ulfar Erlingsson and Alina Oprea and Colin Raffel},
      year={2021},
      eprint={2012.07805},
      archivePrefix={arXiv},
      primaryClass={cs.CR}
}
@misc{WWBZS23,
      title={Last One Standing: A Comparative Analysis of Security and Privacy of Soft Prompt Tuning, LoRA, and In-Context Learning}, 
      author={Rui Wen and Tianhao Wang and Michael Backes and Yang Zhang and Ahmed Salem},
      year={2023},
      eprint={2310.11397},
      archivePrefix={arXiv},
      primaryClass={cs.CR}
}
@misc{KJTC23,
      title={Backdoor Attacks for In-Context Learning with Language Models}, 
      author={Nikhil Kandpal and Matthew Jagielski and Florian Tramèr and Nicholas Carlini},
      year={2023},
      eprint={2307.14692},
      archivePrefix={arXiv},
      primaryClass={cs.CR}
}
@misc{SFDDF24,
      title={Watermarking Makes Language Models Radioactive}, 
      author={Tom Sander and Pierre Fernandez and Alain Durmus and Matthijs Douze and Teddy Furon},
      year={2024},
      eprint={2402.14904},
      archivePrefix={arXiv},
      primaryClass={cs.CR},
      url={https://arxiv.org/abs/2402.14904}, 
}
@misc{SDSJ20,
      title={Radioactive data: tracing through training}, 
      author={Alexandre Sablayrolles and Matthijs Douze and Cordelia Schmid and Hervé Jégou},
      year={2020},
      eprint={2002.00937},
      archivePrefix={arXiv},
      primaryClass={stat.ML},
      url={https://arxiv.org/abs/2002.00937}, 
}

@inproceedings{LWWG23,
author = {Li, Zongjie and Wang, Chaozheng and Wang, Shuai and Gao, Cuiyun},
title = {Protecting Intellectual Property of Large Language Model-Based Code Generation APIs via Watermarks},
year = {2023},
isbn = {9798400700507},
publisher = {Association for Computing Machinery},
address = {New York, NY, USA},
url = {https://doi.org/10.1145/3576915.3623120},
doi = {10.1145/3576915.3623120},
booktitle = {Proceedings of the 2023 ACM SIGSAC Conference on Computer and Communications Security},
pages = {2336–2350},
numpages = {15},
keywords = {code generation, large language model, watermark},
location = {Copenhagen, Denmark},
series = {CCS '23}
}
@inproceedings{SSSS17,
author = {Reza Shokri and Marco Stronati and Congzheng Song and Vitaly Shmatikov},
title = {{Membership Inference Attacks Against Machine Learning Models}},
booktitle = {{IEEE Symposium on Security and Privacy (S\&P)}},
pages = {3-18},
publisher = {IEEE},
year = {2017}
}

@inproceedings{SZHBFB19,
author = {Ahmed Salem and Yang Zhang and Mathias Humbert and Pascal Berrang and Mario Fritz and Michael Backes},
title = {{ML-Leaks: Model and Data Independent Membership Inference Attacks and Defenses on Machine Learning Models}},
booktitle = {{Network and Distributed System Security Symposium (NDSS)}},
publisher = {Internet Society},
year = {2019}
}
@misc{GMTA22,
      title={Improving alignment of dialogue agents via targeted human judgements}, 
      author={Amelia Glaese and Nat McAleese and Maja Trebacz and John Aslanides and Vlad Firoiu and Timo Ewalds and Maribeth Rauh and Laura Weidinger and Martin Chadwick and Phoebe Thacker and Lucy Campbell-Gillingham and Jonathan Uesato and Po-Sen Huang and Ramona Comanescu and Fan Yang and Abigail See and Sumanth Dathathri and Rory Greig and Charlie Chen and Doug Fritz and Jaume Sanchez Elias and Richard Green and Soňa Mokrá and Nicholas Fernando and Boxi Wu and Rachel Foley and Susannah Young and Iason Gabriel and William Isaac and John Mellor and Demis Hassabis and Koray Kavukcuoglu and Lisa Anne Hendricks and Geoffrey Irving},
      year={2022},
      eprint={2209.14375},
      archivePrefix={arXiv},
      primaryClass={cs.LG}
}

@misc{KSCBBPBP23,
      title={Pretraining Language Models with Human Preferences}, 
      author={Tomasz Korbak and Kejian Shi and Angelica Chen and Rasika Bhalerao and Christopher L. Buckley and Jason Phang and Samuel R. Bowman and Ethan Perez},
      year={2023},
      eprint={2302.08582},
      archivePrefix={arXiv},
      primaryClass={cs.CL}
}
@misc{BKKAK22,
      title={Constitutional AI: Harmlessness from AI Feedback}, 
      author={Yuntao Bai and Saurav Kadavath and Sandipan Kundu and Amanda Askell and Jackson Kernion and Andy Jones and Anna Chen and Anna Goldie and Azalia Mirhoseini and Cameron McKinnon and Carol Chen and Catherine Olsson and Christopher Olah and Danny Hernandez and Dawn Drain and Deep Ganguli and Dustin Li and Eli Tran-Johnson and Ethan Perez and Jamie Kerr and Jared Mueller and Jeffrey Ladish and Joshua Landau and Kamal Ndousse and Kamile Lukosuite and Liane Lovitt and Michael Sellitto and Nelson Elhage and Nicholas Schiefer and Noemi Mercado and Nova DasSarma and Robert Lasenby and Robin Larson and Sam Ringer and Scott Johnston and Shauna Kravec and Sheer El Showk and Stanislav Fort and Tamera Lanham and Timothy Telleen-Lawton and Tom Conerly and Tom Henighan and Tristan Hume and Samuel R. Bowman and Zac Hatfield-Dodds and Ben Mann and Dario Amodei and Nicholas Joseph and Sam McCandlish and Tom Brown and Jared Kaplan},
      year={2022},
      eprint={2212.08073},
      archivePrefix={arXiv},
      primaryClass={cs.CL}
}

@misc{OWJ22,
      title={Training language models to follow instructions with human feedback}, 
      author={Long Ouyang and Jeff Wu and Xu Jiang and Diogo Almeida and Carroll L. Wainwright and Pamela Mishkin and Chong Zhang and Sandhini Agarwal and Katarina Slama and Alex Ray and John Schulman and Jacob Hilton and Fraser Kelton and Luke Miller and Maddie Simens and Amanda Askell and Peter Welinder and Paul Christiano and Jan Leike and Ryan Lowe},
      year={2022},
      eprint={2203.02155},
      archivePrefix={arXiv},
      primaryClass={cs.CL}
}