
@inproceedings{liu_follow_2016,
	location = {Berkley, Calif},
	title = {Follow My Recommendations: A Personalized Privacy Assistant for Mobile App Permissions},
	shorttitle = {Proceedings of the Third International Conference on Mobile Systems, Applications, and Services ({MobiSys} 2005)},
	eventtitle = {{SOUPS} 2016},
	publisher = {Usenix Association},
	author = {Liu, Bin and Andersen, Mads Schaarup and Schaub, Florian and Almuhimedi, Hazim and Zhang, Shikun and Sadeh, Norman and Acquisti, Alessandro and Agarwal, Yuvraj},
	date = {2016},
	note = {{OCLC}: 255312726},
}

@misc{serramia_predicting_2023,
	title = {Predicting Privacy Preferences for Smart Devices as Norms},
	url = {http://arxiv.org/abs/2302.10650},
	number = {{arXiv}:2302.10650},
	publisher = {{arXiv}},
	author = {Serramia, Marc and Seymour, William and Criado, Natalia and Luck, Michael},
	urldate = {2023-12-11},
	date = {2023-02-21},
	langid = {english},
	eprinttype = {arxiv},
	eprint = {2302.10650 [cs]},
}

@article{kurtan_pelte_2018,
	title = {{PELTE}: Privacy Estimation of Images from Tags},
	author = {Kurtan, Abdurrahman Can and Yolum, Pınar},
	date = {2018},
	langid = {english},
}

@article{ayci_uncertainty-aware_2023,
	title = {Uncertainty-Aware Personal Assistant for Making Personalized Privacy Decisions},
	volume = {23},
	issn = {1533-5399, 1557-6051},
	url = {https://dl.acm.org/doi/10.1145/3561820},
	doi = {10.1145/3561820},
	number = {1},
	journaltitle = {{ACM} Transactions on Internet Technology},
	shortjournal = {{ACM} Trans. Internet Technol.},
	author = {Ayci, Gonul and Sensoy, Murat and Özgür, Arzucan and Yolum, Pinar},
	urldate = {2024-01-23},
	date = {2023-02-28},
	langid = {english},
}

@article{kokciyan_turp_2020,
	title = {{TURP}: Managing Trust for Regulating Privacy in Internet of Things},
	volume = {24},
	issn = {1089-7801, 1941-0131},
	url = {https://ieeexplore.ieee.org/document/9178960/},
	doi = {10.1109/MIC.2020.3020006},
	shorttitle = {{TURP}},
	number = {6},
	journaltitle = {{IEEE} Internet Computing},
	shortjournal = {{IEEE} Internet Comput.},
	author = {Kokciyan, Nadin and Yolum, Pnar},
	urldate = {2024-01-23},
	date = {2020-11-01},
	langid = {english},
}

@article{yu_leveraging_2018,
	title = {Leveraging Content Sensitiveness and User Trustworthiness to Recommend Fine-Grained Privacy Settings for Social Image Sharing},
	volume = {13},
	issn = {1556-6013, 1556-6021},
	url = {http://ieeexplore.ieee.org/document/8249924/},
	doi = {10.1109/TIFS.2017.2787986},
	number = {5},
	journaltitle = {{IEEE} Transactions on Information Forensics and Security},
	shortjournal = {{IEEE} Trans.Inform.Forensic Secur.},
	author = {Yu, Jun and Kuang, Zhenzhong and Zhang, Baopeng and Zhang, Wei and Lin, Dan and Fan, Jianping},
	urldate = {2024-01-23},
	date = {2018-05},
	langid = {english},
}

@article{fogues_sosharp_2017,
	title = {{SoSharP}: Recommending Sharing Policies in Multiuser Privacy Scenarios},
	journaltitle = {{IEEE} {INTERNET} {COMPUTING}},
	author = {Fogues, Ricard L and Murukannaiah, Pradeep K},
	date = {2017},
	langid = {english},
}

@article{squicciarini_privacy_2015,
	title = {Privacy Policy Inference of User-Uploaded Images on Content Sharing Sites},
	volume = {27},
	issn = {1041-4347},
	url = {http://ieeexplore.ieee.org/document/6807800/},
	doi = {10.1109/TKDE.2014.2320729},
	number = {1},
	journaltitle = {{IEEE} Transactions on Knowledge and Data Engineering},
	shortjournal = {{IEEE} Trans. Knowl. Data Eng.},
	author = {Squicciarini, Anna Cinzia and Lin, Dan and Sundareswaran, Smitha and Wede, Joshua},
	urldate = {2024-01-23},
	date = {2015-01-01},
	langid = {english},
}

@inproceedings{xie_location_2014,
	location = {Haifa Israel},
	title = {Location sharing privacy preference: analysis and personalized recommendation},
	isbn = {978-1-4503-2184-6},
	url = {https://dl.acm.org/doi/10.1145/2557500.2557504},
	doi = {10.1145/2557500.2557504},
	shorttitle = {Location sharing privacy preference},
	eventtitle = {{IUI}'14: {IUI}'14 19th International Conference on Intelligent User Interfaces},
	booktitle = {Proceedings of the 19th international conference on Intelligent User Interfaces},
	publisher = {{ACM}},
	author = {Xie, Jierui and Knijnenburg, Bart Piet and Jin, Hongxia},
	urldate = {2024-01-23},
	date = {2014-02-24},
	langid = {english},
}

@inproceedings{brandao_prediction_2022,
	location = {Baltimore {MD} {USA}},
	title = {Prediction of Mobile App Privacy Preferences with User Profiles via Federated Learning},
	isbn = {978-1-4503-9220-4},
	url = {https://dl.acm.org/doi/10.1145/3508398.3511526},
	doi = {10.1145/3508398.3511526},
	eventtitle = {{CODASPY} '22: Twelveth {ACM} Conference on Data and Application Security and Privacy},
	booktitle = {Proceedings of the Twelfth {ACM} Conference on Data and Application Security and Privacy},
	publisher = {{ACM}},
	author = {Brandão, André and Mendes, Ricardo and Vilela, João P.},
	urldate = {2024-01-23},
	date = {2022-04-14},
	langid = {english},
}

@inproceedings{mendes_enhancing_2022,
	location = {Cham},
	title = {Enhancing User Privacy in Mobile Devices Through Prediction of Privacy Preferences},
	isbn = {978-3-031-17140-6},
	doi = {10.1007/978-3-031-17140-6_8},
	series = {Lecture Notes in Computer Science},
	booktitle = {Computer Security – {ESORICS} 2022},
	publisher = {Springer International Publishing},
	author = {Mendes, Ricardo and Cunha, Mariana and Vilela, João P. and Beresford, Alastair R.},
	editor = {Atluri, Vijayalakshmi and Di Pietro, Roberto and Jensen, Christian D. and Meng, Weizhi},
	date = {2022},
	langid = {english},
}

@article{ayci_uncertainty-aware_2023-1,
	title = {Uncertainty-aware Personal Assistant and Explanation Method for Privacy Decisions},
	author = {Aycı, Gönül},
	date = {2023},
	langid = {english},
}

@article{ayci_can_2023,
	title = {Can We Explain Privacy?},
	volume = {27},
	issn = {1089-7801, 1941-0131},
	url = {https://ieeexplore.ieee.org/document/10184288/},
	doi = {10.1109/MIC.2023.3270768},
	number = {4},
	journaltitle = {{IEEE} Internet Computing},
	shortjournal = {{IEEE} Internet Comput.},
	author = {Aycı, Gönül and Özgür, Arzucan and Şensoy, Murat and Yolum, Pınar},
	urldate = {2024-01-23},
	date = {2023-07},
	langid = {english},
}

@article{alves_designing_2023,
	title = {Designing Intelligent Agents in Normative Systems Toward Data Regulation Representation},
	volume = {11},
	issn = {2169-3536},
	url = {https://ieeexplore.ieee.org/document/10124204/},
	doi = {10.1109/ACCESS.2023.3276294},
	journaltitle = {{IEEE} Access},
	shortjournal = {{IEEE} Access},
	author = {Alves, Paulo Henrique and Correia, Fernando and Frajhof, Isabella and De Souza, Clarisse Sieckenius and Lopes, Helio},
	urldate = {2024-01-24},
	date = {2023},
	langid = {english},
}

@misc{ayci_explain_2023,
	title = {Explain to Me: Towards Understanding Privacy Decisions},
	url = {http://arxiv.org/abs/2301.02079},
	shorttitle = {{PEAK}},
	number = {{arXiv}:2301.02079},
	publisher = {{arXiv}},
	author = {Ayci, Gonul and Özgür, Arzucan and Şensoy, Murat and Yolum, Pınar},
	urldate = {2024-01-24},
	date = {2023-05-31},
	langid = {english},
	eprinttype = {arxiv},
	eprint = {2301.02079 [cs]},
}

@article{hirschprung_game_2022,
	title = {A Game Theory Approach for Assisting Humans in Online Information-Sharing},
	volume = {13},
	issn = {2078-2489},
	url = {https://www.mdpi.com/2078-2489/13/4/183},
	doi = {10.3390/info13040183},
	number = {4},
	journaltitle = {Information},
	shortjournal = {Information},
	author = {Hirschprung, Ron S. and Alkoby, Shani},
	urldate = {2024-01-24},
	date = {2022-04-02},
	langid = {english},
}

@article{ulusoy_panola_2022,
	title = {{PANOLA}: A Personal Assistant for Supporting Users in Preserving Privacy},
	volume = {22},
	issn = {1533-5399, 1557-6051},
	url = {https://dl.acm.org/doi/10.1145/3471187},
	doi = {10.1145/3471187},
	shorttitle = {{PANOLA}},
	number = {1},
	journaltitle = {{ACM} Transactions on Internet Technology},
	shortjournal = {{ACM} Trans. Internet Technol.},
	author = {Ulusoy, Onuralp and Yolum, Pinar},
	urldate = {2024-01-24},
	date = {2022-02-28},
	langid = {english},
}

@article{filipczuk_automated_2022,
	title = {Automated privacy negotiations with preference uncertainty},
	volume = {36},
	issn = {1387-2532, 1573-7454},
	url = {https://link.springer.com/10.1007/s10458-022-09579-1},
	doi = {10.1007/s10458-022-09579-1},
	number = {2},
	journaltitle = {Autonomous Agents and Multi-Agent Systems},
	shortjournal = {Auton Agent Multi-Agent Syst},
	author = {Filipczuk, Dorota and Baarslag, Tim and Gerding, Enrico H. and Schraefel, M. C.},
	urldate = {2024-01-24},
	date = {2022-10},
	langid = {english},
}

@inproceedings{kokciyan_taking_2022,
	location = {Vienna, Austria},
	title = {Taking Situation-Based Privacy Decisions: Privacy Assistants Working with Humans},
	isbn = {978-1-956792-00-3},
	url = {https://www.ijcai.org/proceedings/2022/99},
	doi = {10.24963/ijcai.2022/99},
	shorttitle = {Taking Situation-Based Privacy Decisions},
	eventtitle = {Thirty-First International Joint Conference on Artificial Intelligence \{{IJCAI}-22\}},
	booktitle = {Proceedings of the Thirty-First International Joint Conference on Artificial Intelligence},
	publisher = {International Joint Conferences on Artificial Intelligence Organization},
	author = {Kökciyan, Nadin and Yolum, Pinar},
	urldate = {2024-01-24},
	date = {2022-07},
	langid = {english},
}

@article{salem_towards_2022,
	title = {Towards Enhanced Privacy-preserving Nudges},
	author = {Salem, Rim Ben and Aïmeur, Esma and Hage, Hicham},
	date = {2022},
	langid = {english},
}

@article{contu_ai-based_2021,
	title = {{AI}-Based Analysis of Policies and Images for Privacy-Conscious Content Sharing},
	volume = {13},
	issn = {1999-5903},
	url = {https://www.mdpi.com/1999-5903/13/6/139},
	doi = {10.3390/fi13060139},
	number = {6},
	journaltitle = {Future Internet},
	shortjournal = {Future Internet},
	author = {Contu, Francesco and Demontis, Andrea and Dessì, Stefano and Muscas, Marco and Riboni, Daniele},
	urldate = {2024-01-24},
	date = {2021-05-21},
	langid = {english},
}

@incollection{herrero_automatic_2021,
	location = {Cham},
	title = {Automatic Detection of Sensitive Information in Educative Social Networks},
	volume = {1267},
	isbn = {978-3-030-57804-6 978-3-030-57805-3},
	url = {http://link.springer.com/10.1007/978-3-030-57805-3_18},
	booktitle = {13th International Conference on Computational Intelligence in Security for Information Systems ({CISIS} 2020)},
	publisher = {Springer International Publishing},
	author = {Botti-Cebriá, Víctor and Del Val, Elena and García-Fornes, Ana},
	editor = {Herrero, Álvaro and Cambra, Carlos and Urda, Daniel and Sedano, Javier and Quintián, Héctor and Corchado, Emilio},
	urldate = {2024-01-24},
	date = {2021},
	langid = {english},
	doi = {10.1007/978-3-030-57805-3_18},
	note = {Series Title: Advances in Intelligent Systems and Computing},
}

@inproceedings{kaur_smart_2020,
	location = {Canberra, {ACT}, Australia},
	title = {Smart Data Agent for Preserving Location Privacy},
	isbn = {978-1-72812-547-3},
	url = {https://ieeexplore.ieee.org/document/9308396/},
	doi = {10.1109/SSCI47803.2020.9308396},
	eventtitle = {2020 {IEEE} Symposium Series on Computational Intelligence ({SSCI})},
	booktitle = {2020 {IEEE} Symposium Series on Computational Intelligence ({SSCI})},
	publisher = {{IEEE}},
	author = {Kaur, Harkeerat and Echizen, Isao and Kumar, Rohit},
	urldate = {2024-01-24},
	date = {2020-12-01},
	langid = {english},
}

@article{kurtan_assisting_2021,
	title = {Assisting humans in privacy management: an agent-based approach},
	volume = {35},
	issn = {1387-2532, 1573-7454},
	url = {https://link.springer.com/10.1007/s10458-020-09488-1},
	doi = {10.1007/s10458-020-09488-1},
	shorttitle = {Assisting humans in privacy management},
	number = {1},
	journaltitle = {Autonomous Agents and Multi-Agent Systems},
	shortjournal = {Auton Agent Multi-Agent Syst},
	author = {Kurtan, A. Can and Yolum, Pınar},
	urldate = {2024-01-24},
	date = {2021-04},
	langid = {english},
}

@article{ruff_dama_2021,
	title = {{DAMA} – A transparent meta-assistant for data self- determination in smart environments},
	author = {Ruff, Christopher and Horch, Andrea and Benthien, Benedict and Loh, Wulf},
	date = {2021},
	langid = {english},
}

@incollection{barolli_reinforcement_2021,
	location = {Cham},
	title = {Reinforcement Learning Based Smart Data Agent for Location Privacy},
	volume = {226},
	isbn = {978-3-030-75074-9 978-3-030-75075-6},
	url = {https://link.springer.com/10.1007/978-3-030-75075-6_54},
	booktitle = {Advanced Information Networking and Applications},
	publisher = {Springer International Publishing},
	author = {Kaur, Harkeerat and Kumar, Rohit and Echizen, Isao},
	editor = {Barolli, Leonard and Woungang, Isaac and Enokido, Tomoya},
	urldate = {2024-01-24},
	date = {2021},
	langid = {english},
	doi = {10.1007/978-3-030-75075-6_54},
	note = {Series Title: Lecture Notes in Networks and Systems},
}

@article{mosca_value-aligned_2020,
	title = {Value-Aligned and Explainable Agents for Collective Decision Making: Privacy Application},
	author = {Mosca, Francesca},
	date = {2020},
	langid = {english},
}

@incollection{bassiliades_agents_2020,
	location = {Cham},
	title = {Agents for Preserving Privacy: Learning and Decision Making Collaboratively},
	volume = {12520},
	isbn = {978-3-030-66411-4 978-3-030-66412-1},
	url = {https://link.springer.com/10.1007/978-3-030-66412-1_8},
	shorttitle = {Agents for Preserving Privacy},
	booktitle = {Multi-Agent Systems and Agreement Technologies},
	publisher = {Springer International Publishing},
	author = {Ulusoy, Onuralp and Yolum, Pınar},
	editor = {Bassiliades, Nick and Chalkiadakis, Georgios and De Jonge, Dave},
	urldate = {2024-01-24},
	date = {2020},
	langid = {english},
	doi = {10.1007/978-3-030-66412-1_8},
	note = {Series Title: Lecture Notes in Computer Science},
}

@incollection{barolli_selflearning_2020,
	location = {Cham},
	title = {A Self–learning Personal Privacy Assistant},
	volume = {1151},
	isbn = {978-3-030-44040-4 978-3-030-44041-1},
	url = {http://link.springer.com/10.1007/978-3-030-44041-1_26},
	booktitle = {Advanced Information Networking and Applications},
	publisher = {Springer International Publishing},
	author = {Kasaraneni, Mounika and Thomas, Johnson P.},
	editor = {Barolli, Leonard and Amato, Flora and Moscato, Francesco and Enokido, Tomoya and Takizawa, Makoto},
	urldate = {2024-01-24},
	date = {2020},
	langid = {english},
	doi = {10.1007/978-3-030-44041-1_26},
	note = {Series Title: Advances in Intelligent Systems and Computing},
}

@inproceedings{klingensmith_hypervisor-based_2019,
	location = {Santa Cruz {CA} {USA}},
	title = {A Hypervisor-Based Privacy Agent for Mobile and {IoT} Systems},
	isbn = {978-1-4503-6273-3},
	url = {https://dl.acm.org/doi/10.1145/3301293.3302356},
	doi = {10.1145/3301293.3302356},
	eventtitle = {{HotMobile} '19: The 20th International Workshop on Mobile Computing Systems and Applications},
	booktitle = {Proceedings of the 20th International Workshop on Mobile Computing Systems and Applications},
	publisher = {{ACM}},
	author = {Klingensmith, Neil and Kim, Younghyun and Banerjee, Suman},
	urldate = {2024-01-24},
	date = {2019-02-22},
	langid = {english},
}

@article{das_personalized_2018,
	title = {Personalized Privacy Assistants for the Internet of Things: Providing Users with Notice and Choice},
	volume = {17},
	issn = {1536-1268, 1558-2590},
	url = {https://ieeexplore.ieee.org/document/8490188/},
	doi = {10.1109/MPRV.2018.03367733},
	shorttitle = {Personalized Privacy Assistants for the Internet of Things},
	number = {3},
	journaltitle = {{IEEE} Pervasive Computing},
	shortjournal = {{IEEE} Pervasive Comput.},
	author = {Das, Anupam and Degeling, Martin and Smullen, Daniel and Sadeh, Norman},
	urldate = {2024-01-24},
	date = {2018-07},
	langid = {english},
}

@inproceedings{tan_context-perceptual_2018,
	location = {Kansas City, {MO}},
	title = {A Context-Perceptual Privacy Protection Approach on Android Devices},
	isbn = {978-1-5386-3180-5},
	url = {https://ieeexplore.ieee.org/document/8422188/},
	doi = {10.1109/ICC.2018.8422188},
	eventtitle = {2018 {IEEE} International Conference on Communications ({ICC} 2018)},
	booktitle = {2018 {IEEE} International Conference on Communications ({ICC})},
	publisher = {{IEEE}},
	author = {Tan, Hua-Zhe and Zhao, Wei and Shen, Hai-Hua},
	urldate = {2024-01-24},
	date = {2018-05},
	langid = {english},
}

@article{baarslag_automated_2017,
	title = {An Automated Negotiation Agent for Permission Management},
	author = {Baarslag, Tim and Alan, Alper T and Gomer, Richard and Alam, Muddasser},
	date = {2017},
	langid = {english},
}

@article{kokciyan_privacy_2016,
	title = {Privacy Management in Agent-Based Social Networks},
	volume = {30},
	issn = {2374-3468, 2159-5399},
	url = {https://ojs.aaai.org/index.php/AAAI/article/view/9811},
	doi = {10.1609/aaai.v30i1.9811},
	number = {1},
	journaltitle = {Proceedings of the {AAAI} Conference on Artificial Intelligence},
	shortjournal = {{AAAI}},
	author = {Kokciyan, Nadin},
	urldate = {2024-01-24},
	date = {2016-03-05},
	langid = {english},
}

@inproceedings{apolinarski_automating_2015,
	location = {Prague, Czech Republic},
	title = {Automating the Generation of Privacy Policies for Context-Sharing Applications},
	isbn = {978-1-4673-6654-0},
	url = {http://ieeexplore.ieee.org/document/7194273/},
	doi = {10.1109/IE.2015.18},
	eventtitle = {2015 International Conference on Intelligent Environments ({IE})},
	booktitle = {2015 International Conference on Intelligent Environments},
	publisher = {{IEEE}},
	author = {Apolinarski, Wolfgang and Handte, Marcus and Marron, Pedro Jose},
	urldate = {2024-01-24},
	date = {2015-07},
	langid = {english},
}

@article{oglaza_kapuer_2014,
	title = {{KAPUER}: A Decision Support System for Privacy Policies Specification},
	volume = {1},
	issn = {2198-5804, 2198-5812},
	url = {http://link.springer.com/10.1007/s40745-014-0027-3},
	doi = {10.1007/s40745-014-0027-3},
	shorttitle = {{KAPUER}},
	number = {3},
	journaltitle = {Annals of Data Science},
	shortjournal = {Ann. Data. Sci.},
	author = {Oglaza, Arnaud and Zarate, Pascale and Laborde, Romain},
	urldate = {2024-01-24},
	date = {2014-12},
	langid = {english},
}

@article{hirschprung_simplifying_2015,
	title = {Simplifying Data Disclosure Configurations in a Cloud Computing Environment},
	volume = {6},
	issn = {2157-6904, 2157-6912},
	url = {https://dl.acm.org/doi/10.1145/2700472},
	doi = {10.1145/2700472},
	number = {3},
	journaltitle = {{ACM} Transactions on Intelligent Systems and Technology},
	shortjournal = {{ACM} Trans. Intell. Syst. Technol.},
	author = {Hirschprung, Ron and Toch, Eran and Maimon, Oded},
	urldate = {2024-01-24},
	date = {2015-05-20},
	langid = {english},
}

@article{ernala_exploring_2021,
	title = {Exploring the Utility Versus Intrusiveness of Dynamic Audience Selection on Facebook},
	volume = {5},
	issn = {2573-0142},
	url = {https://dl.acm.org/doi/10.1145/3476083},
	doi = {10.1145/3476083},
	issue = {{CSCW}2},
	journaltitle = {Proceedings of the {ACM} on Human-Computer Interaction},
	shortjournal = {Proc. {ACM} Hum.-Comput. Interact.},
	author = {Ernala, Sindhu Kiranmai and Yang, Stephanie S. and Wu, Yuxi and Chen, Rachel and Wells, Kristen and Das, Sauvik},
	urldate = {2024-01-24},
	date = {2021-10-13},
	langid = {english},
}

@inproceedings{zhan_model_2022,
	location = {Oxford United Kingdom},
	title = {A Model for Governing Information Sharing in Smart Assistants},
	isbn = {978-1-4503-9247-1},
	url = {https://dl.acm.org/doi/10.1145/3514094.3534129},
	doi = {10.1145/3514094.3534129},
	eventtitle = {{AIES} '22: {AAAI}/{ACM} Conference on {AI}, Ethics, and Society},
	booktitle = {Proceedings of the 2022 {AAAI}/{ACM} Conference on {AI}, Ethics, and Society},
	publisher = {{ACM}},
	author = {Zhan, Xiao and Sarkadi, Stefan and Criado, Natalia and Such, Jose},
	urldate = {2024-01-24},
	date = {2022-07-26},
	langid = {english},
}

@inproceedings{wijesekera_contextualizing_2018,
	location = {Montreal {QC} Canada},
	title = {Contextualizing Privacy Decisions for Better Prediction (and Protection)},
	isbn = {978-1-4503-5620-6},
	url = {https://dl.acm.org/doi/10.1145/3173574.3173842},
	doi = {10.1145/3173574.3173842},
	eventtitle = {{CHI} '18: {CHI} Conference on Human Factors in Computing Systems},
	booktitle = {Proceedings of the 2018 {CHI} Conference on Human Factors in Computing Systems},
	publisher = {{ACM}},
	author = {Wijesekera, Primal and Reardon, Joel and Reyes, Irwin and Tsai, Lynn and Chen, Jung-Wei and Good, Nathan and Wagner, David and Beznosov, Konstantin and Egelman, Serge},
	urldate = {2024-02-13},
	date = {2018-04-21},
	langid = {english},
}

@article{misra_pacman_2017,
	title = {{PACMAN}: Personal Agent for Access Control in Social Media},
	volume = {21},
	issn = {1089-7801},
	url = {http://ieeexplore.ieee.org/document/8114620/},
	doi = {10.1109/MIC.2017.4180831},
	shorttitle = {{PACMAN}},
	number = {6},
	journaltitle = {{IEEE} Internet Computing},
	shortjournal = {{IEEE} Internet Comput.},
	author = {Misra, Gaurav and Such, Jose M.},
	urldate = {2024-02-15},
	date = {2017-11},
	langid = {english},
}

@inproceedings{albertini_privacy_2016,
	location = {Pittsburgh, {PA}, {USA}},
	title = {Privacy Settings Recommender for Online Social Network},
	isbn = {978-1-5090-4607-2},
	url = {http://ieeexplore.ieee.org/document/7809750/},
	doi = {10.1109/CIC.2016.079},
	eventtitle = {2016 {IEEE} 2nd International Conference on Collaboration and Internet Computing ({CIC})},
	booktitle = {2016 {IEEE} 2nd International Conference on Collaboration and Internet Computing ({CIC})},
	publisher = {{IEEE}},
	author = {Albertini, Davide Alberto and Carminati, Barbara and Ferrari, Elena},
	urldate = {2024-02-15},
	date = {2016-11},
	langid = {english},
}

@article{tonge_uncovering_2018,
	title = {Uncovering Scene Context for Predicting Privacy of Online Shared Images},
	volume = {32},
	issn = {2374-3468, 2159-5399},
	url = {https://ojs.aaai.org/index.php/AAAI/article/view/12180},
	doi = {10.1609/aaai.v32i1.12180},
	number = {1},
	journaltitle = {Proceedings of the {AAAI} Conference on Artificial Intelligence},
	shortjournal = {{AAAI}},
	author = {Tonge, Ashwini and Caragea, Cornelia and Squicciarini, Anna},
	urldate = {2024-02-15},
	date = {2018-04-29},
	langid = {english},
}

@inproceedings{zhong_group-based_2017,
	location = {Melbourne, Australia},
	title = {A Group-Based Personalized Model for Image Privacy Classification and Labeling},
	isbn = {978-0-9992411-0-3},
	url = {https://www.ijcai.org/proceedings/2017/552},
	doi = {10.24963/ijcai.2017/552},
	eventtitle = {Twenty-Sixth International Joint Conference on Artificial Intelligence},
	booktitle = {Proceedings of the Twenty-Sixth International Joint Conference on Artificial Intelligence},
	publisher = {International Joint Conferences on Artificial Intelligence Organization},
	author = {Zhong, Haoti and Squicciarini, Anna and Miller, David and Caragea, Cornelia},
	urldate = {2024-02-15},
	date = {2017-08},
	langid = {english},
}

@article{tonge_image_2020,
	title = {Image Privacy Prediction Using Deep Neural Networks},
	volume = {14},
	issn = {1559-1131, 1559-114X},
	url = {https://dl.acm.org/doi/10.1145/3386082},
	doi = {10.1145/3386082},
	number = {2},
	journaltitle = {{ACM} Transactions on the Web},
	shortjournal = {{ACM} Trans. Web},
	author = {Tonge, Ashwini and Caragea, Cornelia},
	urldate = {2024-03-06},
	date = {2020-05-31},
	langid = {english},
}

@inproceedings{zhong_toward_2018,
	location = {Torino Italy},
	title = {Toward Automated Multiparty Privacy Conflict Detection},
	isbn = {978-1-4503-6014-2},
	url = {https://dl.acm.org/doi/10.1145/3269206.3269329},
	doi = {10.1145/3269206.3269329},
	eventtitle = {{CIKM} '18: The 27th {ACM} International Conference on Information and Knowledge Management},
	booktitle = {Proceedings of the 27th {ACM} International Conference on Information and Knowledge Management},
	publisher = {{ACM}},
	author = {Zhong, Haoti and Squicciarini, Anna and Miller, David},
	urldate = {2024-03-06},
	date = {2018-10-17},
	langid = {english},
}

@inproceedings{gao_autoper_2019,
	location = {Milwaukee, {WI}, {USA}},
	title = {{AutoPer}: Automatic Recommender for Runtime-Permission in Android Applications},
	isbn = {978-1-72812-607-4},
	url = {https://ieeexplore.ieee.org/document/8754004/},
	doi = {10.1109/COMPSAC.2019.00024},
	shorttitle = {{AutoPer}},
	eventtitle = {2019 {IEEE} 43rd Annual Computer Software and Applications Conference ({COMPSAC})},
	booktitle = {2019 {IEEE} 43rd Annual Computer Software and Applications Conference ({COMPSAC})},
	publisher = {{IEEE}},
	author = {Gao, Hongcan and Guo, Chenkai and Wu, Yanfeng and Dong, Naipeng and Hou, Xiaolei and Xu, Sihan and Xu, Jing},
	urldate = {2024-03-06},
	date = {2019-07},
	langid = {english},
}

@article{gao_autonomous_2020,
	title = {Autonomous Permission Recommendation},
	volume = {8},
	issn = {2169-3536},
	url = {https://ieeexplore.ieee.org/document/8962006/},
	doi = {10.1109/ACCESS.2020.2967139},
	journaltitle = {{IEEE} Access},
	shortjournal = {{IEEE} Access},
	author = {Gao, Hongcan and Guo, Chenkai and Huang, Dengrong and Hou, Xiaolei and Wu, Yanfeng and Xu, Jing and He, Zhen and Bai, Guangdong},
	urldate = {2024-03-06},
	date = {2020},
	langid = {english},
}

@article{sanchez_recommendation_2020,
	title = {A recommendation approach for user privacy preferences in the fitness domain},
	volume = {30},
	issn = {0924-1868, 1573-1391},
	url = {http://link.springer.com/10.1007/s11257-019-09246-3},
	doi = {10.1007/s11257-019-09246-3},
	number = {3},
	journaltitle = {User Modeling and User-Adapted Interaction},
	shortjournal = {User Model User-Adap Inter},
	author = {Sanchez, Odnan Ref and Torre, Ilaria and He, Yangyang and Knijnenburg, Bart P.},
	urldate = {2024-03-06},
	date = {2020-07},
	langid = {english},
}

@article{shanmugarasa_automated_2022,
	title = {Automated Privacy Preferences for Smart Home Data Sharing Using Personal Data Stores},
	volume = {20},
	rights = {https://ieeexplore.ieee.org/Xplorehelp/downloads/license-information/{IEEE}.html},
	issn = {1540-7993, 1558-4046},
	url = {https://ieeexplore.ieee.org/document/9530451/},
	doi = {10.1109/MSEC.2021.3106056},
	number = {1},
	journaltitle = {{IEEE} Security \& Privacy},
	shortjournal = {{IEEE} Secur. Privacy},
	author = {Shanmugarasa, Yashothara and Paik, Hye-young and Kanhere, Salil S. and Zhu, Liming},
	urldate = {2024-04-23},
	date = {2022-01},
	langid = {english},
}

@inproceedings{bahirat_data-driven_2018,
	location = {Tokyo Japan},
	title = {A Data-Driven Approach to Developing {IoT} Privacy-Setting Interfaces},
	isbn = {978-1-4503-4945-1},
	url = {https://dl.acm.org/doi/10.1145/3172944.3172982},
	doi = {10.1145/3172944.3172982},
	eventtitle = {{IUI}'18: 23rd International Conference on Intelligent User Interfaces},
	booktitle = {23rd International Conference on Intelligent User Interfaces},
	publisher = {{ACM}},
	author = {Bahirat, Paritosh and He, Yangyang and Menon, Abhilash and Knijnenburg, Bart},
	urldate = {2024-04-23},
	date = {2018-03-05},
	langid = {english},
}

@inproceedings{lee_privacy_2017,
	location = {Kona, Big Island, {HI}, {USA}},
	title = {Privacy preference modeling and prediction in a simulated campuswide {IoT} environment},
	isbn = {978-1-5090-4327-9},
	url = {http://ieeexplore.ieee.org/document/7917874/},
	doi = {10.1109/PERCOM.2017.7917874},
	eventtitle = {2017 {IEEE} International Conference on Pervasive Computing and Communications ({PerCom})},
	booktitle = {2017 {IEEE} International Conference on Pervasive Computing and Communications ({PerCom})},
	publisher = {{IEEE}},
	author = {Lee, Hosub and Kobsa, Alfred},
	urldate = {2024-04-23},
	date = {2017-03},
	langid = {english},
}

@inproceedings{alom_helping_2019,
	location = {Milan, Italy},
	title = {Helping Users Managing Context-Based Privacy Preferences},
	rights = {https://ieeexplore.ieee.org/Xplorehelp/downloads/license-information/{IEEE}.html},
	isbn = {978-1-72812-720-0},
	url = {https://ieeexplore.ieee.org/document/8813970/},
	doi = {10.1109/SCC.2019.00027},
	eventtitle = {2019 {IEEE} International Conference on Services Computing ({SCC})},
	booktitle = {2019 {IEEE} International Conference on Services Computing ({SCC})},
	publisher = {{IEEE}},
	author = {Alom, Md. Zulfikar and Carminati, Barbara and Ferrari, Elena},
	urldate = {2024-04-24},
	date = {2019-07},
	langid = {english},
}

@misc{dong_ppm_2016,
	title = {{PPM}: A Privacy Prediction Model for Online Social Networks},
	url = {http://arxiv.org/abs/1606.07463},
	shorttitle = {{PPM}},
	number = {{arXiv}:1606.07463},
	publisher = {{arXiv}},
	author = {Dong, Cailing and Jin, Hongxia and Knijnenburg, Bart P.},
	urldate = {2024-04-24},
	date = {2016-06-23},
	langid = {english},
	eprinttype = {arxiv},
	eprint = {1606.07463 [cs]},
}

@incollection{camp_easing_2017,
	location = {Cham},
	title = {Easing the burden of setting privacy preferences: a machine learning approach},
	volume = {691},
	isbn = {978-3-319-54432-8 978-3-319-54433-5},
	url = {http://link.springer.com/10.1007/978-3-319-54433-5_4},
	shorttitle = {Easing the Burden of Setting Privacy Preferences},
	booktitle = {Information Systems Security and Privacy},
	publisher = {Springer International Publishing},
	author = {Nakamura, Toru and Kiyomoto, Shinsaku and Tesfay, Welderufael B. and Serna, Jetzabel},
	editor = {Camp, Olivier and Furnell, Steven and Mori, Paolo},
	urldate = {2024-04-24},
	date = {2017},
	langid = {english},
	doi = {10.1007/978-3-319-54433-5_4},
	note = {Series Title: Communications in Computer and Information Science},
}

@article{lobner_explainable_2021,
	title = {Explainable Machine Learning for Default Privacy Setting Prediction},
	volume = {9},
	rights = {https://creativecommons.org/licenses/by/4.0/legalcode},
	issn = {2169-3536},
	url = {https://ieeexplore.ieee.org/document/9410256/},
	doi = {10.1109/ACCESS.2021.3074676},
	journaltitle = {{IEEE} Access},
	shortjournal = {{IEEE} Access},
	author = {Lobner, Sascha and Tesfay, Welderufael B. and Nakamura, Toru and Pape, Sebastian},
	urldate = {2024-04-25},
	date = {2021},
	langid = {english},
}

@inproceedings{alom_adapting_2019,
	location = {Milan, Italy},
	title = {Adapting Users' Privacy Preferences in Smart Environments},
	rights = {https://ieeexplore.ieee.org/Xplorehelp/downloads/license-information/{IEEE}.html},
	isbn = {978-1-72812-714-9},
	url = {https://ieeexplore.ieee.org/document/8815665/},
	doi = {10.1109/ICIOT.2019.00036},
	eventtitle = {2019 {IEEE} International Congress on Internet of Things ({ICIOT})},
	booktitle = {2019 {IEEE} International Congress on Internet of Things ({ICIOT})},
	publisher = {{IEEE}},
	author = {Alom, Md. Zulfikar and Carminati, Barbara and Ferrari, Elena},
	urldate = {2024-04-25},
	date = {2019-07},
	langid = {english},
}

@article{barbosa_what_2019,
	title = {\textit{“What if?”} Predicting Individual Users’ Smart Home Privacy Preferences and Their Changes},
	volume = {2019},
	rights = {http://creativecommons.org/licenses/by-nc-nd/3.0},
	issn = {2299-0984},
	url = {https://petsymposium.org/popets/2019/popets-2019-0066.php},
	doi = {10.2478/popets-2019-0066},
	shorttitle = {{\textless}i{\textgreater}“What if?},
	number = {4},
	journaltitle = {Proceedings on Privacy Enhancing Technologies},
	author = {Barbosa, Natã M. and Park, Joon S. and Yao, Yaxing and Wang, Yang},
	urldate = {2024-04-29},
	date = {2019-10-01},
	langid = {english},
}

@inproceedings{olejnik_smarper_2017,
	location = {San Jose, {CA}, {USA}},
	title = {{SmarPer}: Context-Aware and Automatic Runtime-Permissions for Mobile Devices},
	isbn = {978-1-5090-5533-3},
	url = {http://ieeexplore.ieee.org/document/7958625/},
	doi = {10.1109/SP.2017.25},
	shorttitle = {{SmarPer}},
	eventtitle = {2017 {IEEE} Symposium on Security and Privacy ({SP})},
	booktitle = {2017 {IEEE} Symposium on Security and Privacy ({SP})},
	publisher = {{IEEE}},
	author = {Olejnik, Katarzyna and Dacosta, Italo and Machado, Joana Soares and Huguenin, Kevin and Khan, Mohammad Emtiyaz and Hubaux, Jean-Pierre},
	urldate = {2024-05-02},
	date = {2017-05},
	langid = {english},
}


