
@report{edpb_guidelines_2020,
	title = {Guidelines on Consent under Regulation 2016/679},
	author = {{EDPB}},
	date = {2020-04-05},
}

@article{european_parliament_general_2016,
  author = {{European Commission}},
  journal = {Official Journal of the European Union},
  number = {April},
  title = {{Regulation ({EU}) 2016/679 of the {European} {Parliament} and of
the {Council} of 27 April 2016 on the protection of natural persons with
regard to the processing of personal data and on the free movement of
such data, and repealing {Directive} 95/46/EC ({General Data Protection
Regulation})}},
  year = {2016}
}

@article{eu_ai_act_2024,
  author = {{European Commission}},
  journal = {Official Journal of the European Union},
  number = {June},
  title = {Regulation ({EU}) 2024/1689 of the {European} {Parliament} and of the {Council} of 13 June 2024 laying down harmonised rules on artificial intelligence and amending Regulations ({EC}) No 300/2008, ({EU}) No 167/2013, ({EU}) No 168/2013, ({EU}) 2018/858, ({EU}) 2018/1139 and ({EU}) 2019/2144 and {Directives 2014/90/EU}, ({EU}) 2016/797 and ({EU}) 2020/1828 ({Artificial Intelligence Act}) (Text with {EEA} relevance)},
  year = {2024}
}

@inproceedings{colnago_informing_2020,
	location = {Honolulu {HI} {USA}},
	title = {Informing the Design of a Personalized Privacy Assistant for the Internet of Things},
	isbn = {978-1-4503-6708-0},
	url = {https://dl.acm.org/doi/10.1145/3313831.3376389},
	doi = {10.1145/3313831.3376389},
	eventtitle = {{CHI} '20: {CHI} Conference on Human Factors in Computing Systems},
	booktitle = {Proceedings of the 2020 {CHI} Conference on Human Factors in Computing Systems},
	publisher = {{ACM}},
	author = {Colnago, Jessica and Feng, Yuanyuan and Palanivel, Tharangini and Pearman, Sarah and Ung, Megan and Acquisti, Alessandro and Cranor, Lorrie Faith and Sadeh, Norman},
	urldate = {2022-09-08},
	date = {2020-04-21},
	langid = {english},
}

@techreport{kitchenham2004procedures,
  title={Procedures for performing systematic reviews},
  author={Kitchenham, Barbara},
  institution={Keele, UK, Keele University},
  volume={33},
  number={2004},
  pages={1--26},
  year={2004},
  publisher={Citeseer},
  url={https://citeseerx.ist.psu.edu/document?repid=rep1&type=pdf&doi=29890a936639862f45cb9a987dd599dce9759bf5},
}

@article{kitchenham_systematic_2013,
	title = {A systematic review of systematic review process research in software engineering},
	volume = {55},
	issn = {09505849},
	url = {https://linkinghub.elsevier.com/retrieve/pii/S0950584913001560},
	doi = {10.1016/j.infsof.2013.07.010},
	number = {12},
	journaltitle = {Information and Software Technology},
	shortjournal = {Information and Software Technology},
	author = {Kitchenham, Barbara and Brereton, Pearl},
	urldate = {2023-04-11},
	date = {2013-12},
	langid = {english},
}

@article{munn_systematic_2018,
	title = {Systematic review or scoping review? Guidance for authors when choosing between a systematic or scoping review approach},
	volume = {18},
	issn = {1471-2288},
	url = {https://bmcmedresmethodol.biomedcentral.com/articles/10.1186/s12874-018-0611-x},
	doi = {10.1186/s12874-018-0611-x},
	shorttitle = {Systematic review or scoping review?},
	number = {1},
	journaltitle = {{BMC} Medical Research Methodology},
	shortjournal = {{BMC} Med Res Methodol},
	author = {Munn, Zachary and Peters, Micah D. J. and Stern, Cindy and Tufanaru, Catalin and {McArthur}, Alexa and Aromataris, Edoardo},
	urldate = {2023-09-18},
	date = {2018-12},
	langid = {english},
}

@online{noauthor_personal_nodate,
	title = {Personal {AI} Assistants and Privacy - Schneier on Security},
	url = {https://www.schneier.com/blog/archives/2024/05/personal-ai-assistants-and-privacy.html},
	urldate = {2024-05-23},
}

@inproceedings{morel_automating_2023,
	title = {Automating privacy decisions-where to draw the line?},
	booktitle = {2023 {IEEE} European Symposium on Security and Privacy Workshops ({EuroS}\&{PW})},
	publisher = {{IEEE}},
	author = {Morel, Victor and Fischer-Hübner, Simone},
	date = {2023},
}

@misc{arrieta_explainable_2019,
	title = {Explainable Artificial Intelligence ({XAI}): Concepts, Taxonomies, Opportunities and Challenges toward Responsible {AI}},
	url = {http://arxiv.org/abs/1910.10045},
	shorttitle = {Explainable Artificial Intelligence ({XAI})},
	number = {{arXiv}:1910.10045},
	publisher = {{arXiv}},
	author = {Arrieta, Alejandro Barredo and Díaz-Rodríguez, Natalia and Del Ser, Javier and Bennetot, Adrien and Tabik, Siham and Barbado, Alberto and García, Salvador and Gil-López, Sergio and Molina, Daniel and Benjamins, Richard and Chatila, Raja and Herrera, Francisco},
	urldate = {2024-06-20},
	date = {2019-12-26},
	langid = {english},
	eprinttype = {arxiv},
	eprint = {1910.10045 [cs]},
}

@article{wieringa_requirements_2006,
	title = {Requirements engineering paper classification and evaluation criteria: a proposal and a discussion},
	volume = {11},
	rights = {http://www.springer.com/tdm},
	issn = {0947-3602, 1432-010X},
	url = {http://link.springer.com/10.1007/s00766-005-0021-6},
	doi = {10.1007/s00766-005-0021-6},
	shorttitle = {Requirements engineering paper classification and evaluation criteria},
	number = {1},
	journaltitle = {Requirements Engineering},
	shortjournal = {Requirements Eng},
	author = {Wieringa, Roel and Maiden, Neil and Mead, Nancy and Rolland, Colette},
	urldate = {2024-06-25},
	date = {2006-03},
	langid = {english},
}

@book{creswell_research_2017,
  title={Research design: Qualitative, quantitative, and mixed methods approaches},
  author={Creswell, John W and Creswell, J David},
  year={2017},
  publisher={Sage publications},
  address={United States},
}

@inproceedings{wohlin_guidelines_2014,
	location = {London England United Kingdom},
	title = {Guidelines for snowballing in systematic literature studies and a replication in software engineering},
	isbn = {978-1-4503-2476-2},
	url = {https://dl.acm.org/doi/10.1145/2601248.2601268},
	doi = {10.1145/2601248.2601268},
	eventtitle = {{EASE} '14: 18th International Conference on Evaluation and Assessment in Software Engineering},
	booktitle = {Proceedings of the 18th International Conference on Evaluation and Assessment in Software Engineering},
	publisher = {{ACM}},
	author = {Wohlin, Claes},
	urldate = {2024-06-26},
	date = {2014-05-13},
	langid = {english},
}


@article{cranor_platform_2002,
	title = {The platform for privacy preferences 1.0 ({P3P1}. 0) specification},
	volume = {16},
	journal = {W3C recommendation},
	author = {Cranor, Lorrie and Langheinrich, Marc and Marchiori, Massimo and Presler-Marshall, Martin and Reagle, Joseph},
	year = {2002},
}

@misc{Art29WP13,
author = {{Art. 29 Working Party}},
title= {{Opinion 2/2013: Apps on smart devices}},
year = "2013",
url = {https://ec.europa.eu/justice/article-29/documentation/opinion-recommendation/files/2013/wp202_en.pdf},
}


@article{panigutti_role_2023,
	title = {The role of explainable {AI} in the context of the {AI} Act},
	author = {Panigutti, Cecilia and Hamon, Ronan and Hupont, Isabelle and Llorca, David Fernandez},
	date = {2023},
	langid = {english},
}


@misc{puiutta_explainable_2020,
	title = {Explainable Reinforcement Learning: A Survey},
	url = {http://arxiv.org/abs/2005.06247},
	shorttitle = {Explainable Reinforcement Learning},
	number = {{arXiv}:2005.06247},
	publisher = {{arXiv}},
	author = {Puiutta, Erika and Veith, Eric {MSP}},
	urldate = {2024-08-22},
	date = {2020-05-13},
	langid = {english},
	eprinttype = {arxiv},
	eprint = {2005.06247 [cs, stat]},
}


@article{nissenbaum_privacy_2004,
	title = {{PRIVACY} {AS} {CONTEXTUAL} {INTEGRITY}},
	volume = {79},
	journaltitle = {Washington Law Review},
	author = {Nissenbaum, Helen},
	date = {2004},
	langid = {english},
}


@article{kuhrmann_software_2016,
	title = {Software process improvement: a systematic mapping study on the state of the art},
	volume = {2},
	rights = {http://creativecommons.org/licenses/by/4.0/},
	issn = {2376-5992},
	url = {https://peerj.com/articles/cs-62},
	doi = {10.7717/peerj-cs.62},
	shorttitle = {Software process improvement},
	journaltitle = {{PeerJ} Computer Science},
	author = {Kuhrmann, Marco and Diebold, Philipp and Münch, Jürgen},
	urldate = {2024-09-10},
	date = {2016-05-23},
	langid = {english},
}

@inproceedings{shaw_writing_2003,
	location = {Portland, {OR}, {USA}},
	title = {Writing good software engineering research papers},
	isbn = {978-0-7695-1877-0},
	url = {http://ieeexplore.ieee.org/document/1201262/},
	doi = {10.1109/ICSE.2003.1201262},
	eventtitle = {25th International Conference on Software Engineering, 2003. Proceedings.},
	booktitle = {25th International Conference on Software Engineering, 2003. Proceedings.},
	publisher = {{IEEE}},
	author = {Shaw, M.},
	urldate = {2024-09-10},
	date = {2003},
	langid = {english},
}


@article{pallas_privacy_2024,
	title = {Privacy Engineering From Principles to Practice: A Roadmap},
	volume = {22},
	issn = {1540-7993, 1558-4046},
	url = {http://arxiv.org/abs/2404.03442},
	doi = {10.1109/MSEC.2024.3363829},
	shorttitle = {Privacy Engineering From Principles to Practice},
	number = {2},
	journaltitle = {{IEEE} Security \& Privacy},
	shortjournal = {{IEEE} Secur. Privacy},
	author = {Pallas, Frank and Koerner, Katharina and Barberá, Isabel and Hoepman, Jaap-Henk and Jensen, Meiko and Narla, Nandita Rao and Samarin, Nikita and Ulbricht, Max-R. and Wagner, Isabel and Wuyts, Kim and Zimmermann, Christian},
	urldate = {2024-04-10},
	date = {2024-03},
	langid = {english},
	eprinttype = {arxiv},
	eprint = {2404.03442 [cs]},
}


@inproceedings{schaub_design_2015,
	title = {A design space for effective privacy notices},
	url = {https://www.usenix.org/conference/soups2015/proceedings/presentation/schaub},
	booktitle = {Eleventh Symposium On Usable Privacy and Security ({SOUPS} 2015)},
	author = {Schaub, Florian and Balebako, Rebecca and Durity, Adam L. and Cranor, Lorrie Faith},
	urldate = {2016-11-14},
	date = {2015},
}


@book{european_network_and_information_security_agency_privacy_2014,
	location = {{LU}},
	title = {Privacy and data protection by design: from policy to engineering.},
	url = {https://data.europa.eu/doi/10.2824/38623},
	shorttitle = {Privacy and data protection by design},
	publisher = {Publications Office},
	author = {{European Network and Information Security Agency.}},
	urldate = {2024-10-18},
	date = {2014},
	langid = {english},
}


@inproceedings{leschke_how_2024,
	location = {Cham},
	title = {How to Drill into Silos: Creating a Free-to-Use Dataset of Data Subject Access Packages},
	isbn = {978-3-031-68024-3},
	doi = {10.1007/978-3-031-68024-3_7},
	shorttitle = {How to Drill into Silos},
	booktitle = {Privacy Technologies and Policy},
	publisher = {Springer Nature Switzerland},
	author = {Leschke, Nicola and Pöhn, Daniela and Pallas, Frank},
	editor = {Jensen, Meiko and Lauradoux, Cédric and Rannenberg, Kai},
	date = {2024},
	langid = {english},
}


@misc{hamid_genaipabench_2023,
	title = {{GenAIPABench}: A Benchmark for Generative {AI}-based Privacy Assistants},
	url = {http://arxiv.org/abs/2309.05138},
	shorttitle = {{GenAIPABench}},
	number = {{arXiv}:2309.05138},
	publisher = {{arXiv}},
	author = {Hamid, Aamir and Samidi, Hemanth Reddy and Finin, Tim and Pappachan, Primal and Yus, Roberto},
	urldate = {2024-10-18},
	date = {2023-12-19},
	langid = {english},
	eprinttype = {arxiv},
	eprint = {2309.05138 [cs]},
}

@inproceedings{shokri2017membership,
  title={Membership inference attacks against machine learning models},
  author={Shokri, Reza and Stronati, Marco and Song, Congzheng and Shmatikov, Vitaly},
  booktitle={2017 IEEE symposium on security and privacy (SP)},
  pages={3--18},
  year={2017},
  organization={IEEE}
}

@incollection{cummings2017automation,
  title={Automation bias in intelligent time critical decision support systems},
  author={Cummings, Mary L},
  booktitle={Decision making in aviation},
  pages={289--294},
  year={2017},
  publisher={Routledge}
}

@misc{weizenbaum1976computer,
  title={Computer power and human reason: From judgment to calculation},
  author={Weizenbaum, Joseph},
  year={1976},
  publisher={WH Freeman and Company}
}


@book{narayanan_ai_2024,
	title = {{AI} Snake oil: what artificial intelligence can do, what it can’t, and how to tell the difference},
	publisher = {Princeton University Press},
	author = {Narayanan, Arvind and Kapoor, Sayash},
	date = {2024},
}

@inproceedings{barth_privacy_2006,
	title = {Privacy and contextual integrity: Framework and applications},
	booktitle = {2006 {IEEE} symposium on security and privacy (S\&P'06)},
	publisher = {{IEEE}},
	author = {Barth, Adam and Datta, Anupam and Mitchell, John C and Nissenbaum, Helen},
	date = {2006},
}


@inproceedings{feng_design_2021,
	title = {A design space for privacy choices: Towards meaningful privacy control in the internet of things},
	booktitle = {Proceedings of the 2021 {CHI} Conference on Human Factors in Computing Systems},
	author = {Feng, Yuanyuan and Yao, Yaxing and Sadeh, Norman},
	date = {2021},
}

@misc{sadeh2021personalized,
  title={Personalized privacy assistant},
  author={Sadeh, Norman and Liu, Bin and Das, Anupam and Degeling, Martin and Schaub, Florian},
  year={2021},
  month=mar # "~23",
  publisher={Google Patents},
  note={US Patent 10,956,586}
}


@online{noauthor_state_2024,
	title = {State of {IoT} 2024: Number of connected {IoT} devices growing 13\% to 18.8 billion globally},
	url = {https://iot-analytics.com/number-connected-iot-devices/},
	shorttitle = {State of {IoT} 2024},
	titleaddon = {{IoT} Analytics},
	urldate = {2024-11-07},
	date = {2024-09-03},
	langid = {american},
}


@article{choi_role_2018,
	title = {The role of privacy fatigue in online privacy behavior},
	volume = {81},
	issn = {07475632},
	url = {https://linkinghub.elsevier.com/retrieve/pii/S0747563217306817},
	doi = {10.1016/j.chb.2017.12.001},
	journaltitle = {Computers in Human Behavior},
	shortjournal = {Computers in Human Behavior},
	author = {Choi, Hanbyul and Park, Jonghwa and Jung, Yoonhyuk},
	urldate = {2024-11-07},
	date = {2018-04},
	langid = {english},
}


@article{westin_privacy_1968,
	title = {Privacy and freedom},
	volume = {25},
	number = {1},
	journaltitle = {Washington and Lee Law Review},
	author = {Westin, Alan F},
	date = {1968},
}


@inproceedings{human_data_2022,
	location = {Genoa, Italy},
	title = {Data Protection and Consenting Communication Mechanisms: Current Open Proposals and Challenges},
	rights = {https://doi.org/10.15223/policy-029},
	isbn = {978-1-66549-560-8},
	url = {https://ieeexplore.ieee.org/document/9799369/},
	doi = {10.1109/EuroSPW55150.2022.00029},
	shorttitle = {Data Protection and Consenting Communication Mechanisms},
	eventtitle = {2022 {IEEE} European Symposium on Security and Privacy Workshops ({EuroS}\&{PW})},
	booktitle = {2022 {IEEE} European Symposium on Security and Privacy Workshops ({EuroS}\&{PW})},
	publisher = {{IEEE}},
	author = {Human, Soheil and Pandit, Harshvardhan J. and Morel, Victor and Santos, Cristiana and Degeling, Martin and Rossi, Arianna and Botes, Wilhelmina and Jesus, Vitor and Kamara, Irene},
	urldate = {2024-11-07},
	date = {2022-06},
	langid = {english},
}


@book{russell_artificial_2016,
	title = {Artificial intelligence: a modern approach},
	publisher = {Pearson},
	author = {Russell, Stuart J and Norvig, Peter},
	date = {2016},
}


@article{goldreich_secure_1998,
	title = {Secure multi-party computation},
	volume = {78},
	number = {110},
	journaltitle = {Manuscript. Preliminary version},
	author = {Goldreich, Oded},
	date = {1998},
	note = {Publisher: Citeseer},
}


@article{acar_survey_2018,
	title = {A survey on homomorphic encryption schemes: Theory and implementation},
	volume = {51},
	number = {4},
	journaltitle = {{ACM} Computing Surveys (Csur)},
	author = {Acar, Abbas and Aksu, Hidayet and Uluagac, A Selcuk and Conti, Mauro},
	date = {2018},
	note = {Publisher: {ACM} New York, {NY}, {USA}},
}


@online{ifttt_ifttt_nodate,
	title = {{IFTTT} - Automate business \& home},
	url = {https://ifttt.com/},
	titleaddon = {{IFTTT}},
	author = {{IFTTT}},
	urldate = {2024-11-07},
	langid = {english},
}

@misc{PAPAYA2019,
  title={D3.1--Preliminary Design of Privacy Preserving
Data Analytics},
  author={Beyza BOZDEMIR, Orhan ERMIS, Melek {\"O}NEN (EURC),
Muhammad BARHAM, Boris ROZENBERG, Ron SHMELKIN
(IBM), Monir Azraoui, Sebastien CANARD, Bastien VIALLA
(ORA)},
url = {https://www.papaya-project.eu/sites/default/files/papaya/public/content-files/deliverables/PAPAYA_D3_1_Preliminary_Design_of_PPDA.pdf},
  year={2019}
}


@online{cebma_cat_2025,
	title = {{CAT} Manager App},
	url = {https://cebma.org/resources/tools/cat-manager-app/},
	author = {{CEBMa}},
	urldate = {2025-02-11},
	date = {2025},
}
