@article{DBLP:OneKE,
  author       = {Honghao Gui and
                  Lin Yuan and
                  Hongbin Ye and
                  Ningyu Zhang and
                  Mengshu Sun and
                  Lei Liang and
                  Huajun Chen},
  title        = {IEPile: Unearthing Large-Scale Schema-Based Information Extraction
                  Corpus},
  journal      = {CoRR},
  volume       = {abs/2402.14710},
  year         = {2024},
  url          = {https://doi.org/10.48550/arXiv.2402.14710},
  doi          = {10.48550/ARXIV.2402.14710},
  eprinttype    = {arXiv},
  eprint       = {2402.14710},
  timestamp    = {Tue, 09 Apr 2024 07:32:43 +0200},
  biburl       = {https://dblp.org/rec/journals/corr/abs-2402-14710.bib},
  bibsource    = {dblp computer science bibliography, https://dblp.org}
}
@article{DBLP:yayiuie,
  author       = {Xinglin Xiao and
                  Yijie Wang and
                  Nan Xu and
                  Yuqi Wang and
                  Hanxuan Yang and
                  Minzheng Wang and
                  Yin Luo and
                  Lei Wang and
                  Wenji Mao and
                  Daniel Zeng},
  title        = {{YAYI-UIE:} {A} Chat-Enhanced Instruction Tuning Framework for Universal
                  Information Extraction},
  journal      = {CoRR},
  volume       = {abs/2312.15548},
  year         = {2023},
  url          = {https://doi.org/10.48550/arXiv.2312.15548},
  doi          = {10.48550/ARXIV.2312.15548},
  eprinttype    = {arXiv},
  eprint       = {2312.15548},
  timestamp    = {Tue, 16 Jan 2024 13:55:54 +0100},
  biburl       = {https://dblp.org/rec/journals/corr/abs-2312-15548.bib},
  bibsource    = {dblp computer science bibliography, https://dblp.org}
}

@article{DBLP:C3,
  author       = {Kai Sun and
                  Dian Yu and
                  Dong Yu and
                  Claire Cardie},
  title        = {Investigating Prior Knowledge for Challenging Chinese Machine Reading
                  Comprehension},
  journal      = {Trans. Assoc. Comput. Linguistics},
  volume       = {8},
  pages        = {141--155},
  year         = {2020},
  url          = {https://doi.org/10.1162/tacl\_a\_00305},
  doi          = {10.1162/TACL\_A\_00305},
  timestamp    = {Wed, 19 Jun 2024 17:28:03 +0200},
  biburl       = {https://dblp.org/rec/journals/tacl/SunYYC20.bib},
  bibsource    = {dblp computer science bibliography, https://dblp.org}
}

@article{DBLP:WSC,
  author       = {Vid Kocijan and
                  Thomas Lukasiewicz and
                  Ernest Davis and
                  Gary Marcus and
                  Leora Morgenstern},
  title        = {A Review of Winograd Schema Challenge Datasets and Approaches},
  journal      = {CoRR},
  volume       = {abs/2004.13831},
  year         = {2020},
  url          = {https://arxiv.org/abs/2004.13831},
  eprinttype    = {arXiv},
  eprint       = {2004.13831},
  timestamp    = {Thu, 13 Apr 2023 19:55:39 +0200},
  biburl       = {https://dblp.org/rec/journals/corr/abs-2004-13831.bib},
  bibsource    = {dblp computer science bibliography, https://dblp.org}
}

@inproceedings{DBLP:XSum,
  author       = {Shashi Narayan and
                  Shay B. Cohen and
                  Mirella Lapata},
  editor       = {Ellen Riloff and
                  David Chiang and
                  Julia Hockenmaier and
                  Jun'ichi Tsujii},
  title        = {Don't Give Me the Details, Just the Summary! Topic-Aware Convolutional
                  Neural Networks for Extreme Summarization},
  booktitle    = {Proceedings of the 2018 Conference on Empirical Methods in Natural
                  Language Processing, Brussels, Belgium, October 31 - November 4, 2018},
  pages        = {1797--1807},
  publisher    = {Association for Computational Linguistics},
  year         = {2018},
  url          = {https://doi.org/10.18653/v1/d18-1206},
  doi          = {10.18653/V1/D18-1206},
  timestamp    = {Fri, 06 Aug 2021 00:40:21 +0200},
  biburl       = {https://dblp.org/rec/conf/emnlp/NarayanCL18.bib},
  bibsource    = {dblp computer science bibliography, https://dblp.org}
}

@inproceedings{DBLP:Lambda,
  author       = {Denis Paperno and
                  Germ{\'{a}}n Kruszewski and
                  Angeliki Lazaridou and
                  Quan Ngoc Pham and
                  Raffaella Bernardi and
                  Sandro Pezzelle and
                  Marco Baroni and
                  Gemma Boleda and
                  Raquel Fern{\'{a}}ndez},
  title        = {The {LAMBADA} dataset: Word prediction requiring a broad discourse
                  context},
  booktitle    = {Proceedings of the 54th Annual Meeting of the Association for Computational
                  Linguistics, {ACL} 2016, August 7-12, 2016, Berlin, Germany, Volume
                  1: Long Papers},
  publisher    = {The Association for Computer Linguistics},
  year         = {2016},
  url          = {https://doi.org/10.18653/v1/p16-1144},
  doi          = {10.18653/V1/P16-1144},
  timestamp    = {Fri, 06 Aug 2021 00:41:02 +0200},
  biburl       = {https://dblp.org/rec/conf/acl/PapernoKLPBPBBF16.bib},
  bibsource    = {dblp computer science bibliography, https://dblp.org}
}

@inproceedings{DBLP:Lcsts,
  author       = {Baotian Hu and
                  Qingcai Chen and
                  Fangze Zhu},
  editor       = {Llu{\'{\i}}s M{\`{a}}rquez and
                  Chris Callison{-}Burch and
                  Jian Su and
                  Daniele Pighin and
                  Yuval Marton},
  title        = {{LCSTS:} {A} Large Scale Chinese Short Text Summarization Dataset},
  booktitle    = {Proceedings of the 2015 Conference on Empirical Methods in Natural
                  Language Processing, {EMNLP} 2015, Lisbon, Portugal, September 17-21,
                  2015},
  pages        = {1967--1972},
  publisher    = {The Association for Computational Linguistics},
  year         = {2015},
  url          = {https://doi.org/10.18653/v1/d15-1229},
  doi          = {10.18653/V1/D15-1229},
  timestamp    = {Fri, 06 Aug 2021 00:40:40 +0200},
  biburl       = {https://dblp.org/rec/conf/emnlp/HuCZ15.bib},
  bibsource    = {dblp computer science bibliography, https://dblp.org}
}

@inproceedings{DBLP:Race,
  author       = {Guokun Lai and
                  Qizhe Xie and
                  Hanxiao Liu and
                  Yiming Yang and
                  Eduard H. Hovy},
  editor       = {Martha Palmer and
                  Rebecca Hwa and
                  Sebastian Riedel},
  title        = {{RACE:} Large-scale ReAding Comprehension Dataset From Examinations},
  booktitle    = {Proceedings of the 2017 Conference on Empirical Methods in Natural
                  Language Processing, {EMNLP} 2017, Copenhagen, Denmark, September
                  9-11, 2017},
  pages        = {785--794},
  publisher    = {Association for Computational Linguistics},
  year         = {2017},
  url          = {https://doi.org/10.18653/v1/d17-1082},
  doi          = {10.18653/V1/D17-1082},
  timestamp    = {Fri, 06 Aug 2021 00:40:22 +0200},
  biburl       = {https://dblp.org/rec/conf/emnlp/LaiXLYH17.bib},
  bibsource    = {dblp computer science bibliography, https://dblp.org}
}

@inproceedings{DBLP:crossNER,
  author       = {Zihan Liu and
                  Yan Xu and
                  Tiezheng Yu and
                  Wenliang Dai and
                  Ziwei Ji and
                  Samuel Cahyawijaya and
                  Andrea Madotto and
                  Pascale Fung},
  title        = {CrossNER: Evaluating Cross-Domain Named Entity Recognition},
  booktitle    = {Thirty-Fifth {AAAI} Conference on Artificial Intelligence, {AAAI}
                  2021, Thirty-Third Conference on Innovative Applications of Artificial
                  Intelligence, {IAAI} 2021, The Eleventh Symposium on Educational Advances
                  in Artificial Intelligence, {EAAI} 2021, Virtual Event, February 2-9,
                  2021},
  pages        = {13452--13460},
  publisher    = {{AAAI} Press},
  year         = {2021},
  url          = {https://doi.org/10.1609/aaai.v35i15.17587},
  doi          = {10.1609/AAAI.V35I15.17587},
  timestamp    = {Mon, 04 Sep 2023 16:50:25 +0200},
  biburl       = {https://dblp.org/rec/conf/aaai/Liu0YDJCMF21.bib},
  bibsource    = {dblp computer science bibliography, https://dblp.org}
}

@inproceedings{DBLP:FewRel,
  author       = {Xu Han and
                  Hao Zhu and
                  Pengfei Yu and
                  Ziyun Wang and
                  Yuan Yao and
                  Zhiyuan Liu and
                  Maosong Sun},
  editor       = {Ellen Riloff and
                  David Chiang and
                  Julia Hockenmaier and
                  Jun'ichi Tsujii},
  title        = {FewRel: {A} Large-Scale Supervised Few-shot Relation Classification
                  Dataset with State-of-the-Art Evaluation},
  booktitle    = {Proceedings of the 2018 Conference on Empirical Methods in Natural
                  Language Processing, Brussels, Belgium, October 31 - November 4, 2018},
  pages        = {4803--4809},
  publisher    = {Association for Computational Linguistics},
  year         = {2018},
  url          = {https://doi.org/10.18653/v1/d18-1514},
  doi          = {10.18653/V1/D18-1514},
  timestamp    = {Mon, 29 Jul 2024 16:18:15 +0200},
  biburl       = {https://dblp.org/rec/conf/emnlp/HanZYWYLS18.bib},
  bibsource    = {dblp computer science bibliography, https://dblp.org}
}

@inproceedings{DBLP:UIE,
  author       = {Yaojie Lu and
                  Qing Liu and
                  Dai Dai and
                  Xinyan Xiao and
                  Hongyu Lin and
                  Xianpei Han and
                  Le Sun and
                  Hua Wu},
  editor       = {Smaranda Muresan and
                  Preslav Nakov and
                  Aline Villavicencio},
  title        = {Unified Structure Generation for Universal Information Extraction},
  booktitle    = {Proceedings of the 60th Annual Meeting of the Association for Computational
                  Linguistics (Volume 1: Long Papers), {ACL} 2022, Dublin, Ireland,
                  May 22-27, 2022},
  pages        = {5755--5772},
  publisher    = {Association for Computational Linguistics},
  year         = {2022},
  url          = {https://doi.org/10.18653/v1/2022.acl-long.395},
  doi          = {10.18653/V1/2022.ACL-LONG.395},
  timestamp    = {Tue, 10 Jan 2023 14:13:52 +0100},
  biburl       = {https://dblp.org/rec/conf/acl/0001LDXLHSW22.bib},
  bibsource    = {dblp computer science bibliography, https://dblp.org}
}

@article{DBLP:InstructUIE,
  author       = {Xiao Wang and
                  Weikang Zhou and
                  Can Zu and
                  Han Xia and
                  Tianze Chen and
                  Yuansen Zhang and
                  Rui Zheng and
                  Junjie Ye and
                  Qi Zhang and
                  Tao Gui and
                  Jihua Kang and
                  Jingsheng Yang and
                  Siyuan Li and
                  Chunsai Du},
  title        = {InstructUIE: Multi-task Instruction Tuning for Unified Information
                  Extraction},
  journal      = {CoRR},
  volume       = {abs/2304.08085},
  year         = {2023},
  url          = {https://doi.org/10.48550/arXiv.2304.08085},
  doi          = {10.48550/ARXIV.2304.08085},
  eprinttype    = {arXiv},
  eprint       = {2304.08085},
  timestamp    = {Tue, 12 Dec 2023 09:48:31 +0100},
  biburl       = {https://dblp.org/rec/journals/corr/abs-2304-08085.bib},
  bibsource    = {dblp computer science bibliography, https://dblp.org}
}

@article{DBLP:GoLLIE,
  author       = {Oscar Sainz and
                  Iker Garc{\'{\i}}a{-}Ferrero and
                  Rodrigo Agerri and
                  Oier Lopez de Lacalle and
                  German Rigau and
                  Eneko Agirre},
  title        = {GoLLIE: Annotation Guidelines improve Zero-Shot Information-Extraction},
  journal      = {CoRR},
  volume       = {abs/2310.03668},
  year         = {2023},
  url          = {https://doi.org/10.48550/arXiv.2310.03668},
  doi          = {10.48550/ARXIV.2310.03668},
  eprinttype    = {arXiv},
  eprint       = {2310.03668},
  timestamp    = {Thu, 19 Oct 2023 01:00:00 +0200},
  biburl       = {https://dblp.org/rec/journals/corr/abs-2310-03668.bib},
  bibsource    = {dblp computer science bibliography, https://dblp.org}
}

@inproceedings{DBLP:GARP,
  author       = {Xiaofei Sun and
                  Xiaoya Li and
                  Jiwei Li and
                  Fei Wu and
                  Shangwei Guo and
                  Tianwei Zhang and
                  Guoyin Wang},
  editor       = {Houda Bouamor and
                  Juan Pino and
                  Kalika Bali},
  title        = {Text Classification via Large Language Models},
  booktitle    = {Findings of the Association for Computational Linguistics: {EMNLP}
                  2023, Singapore, December 6-10, 2023},
  pages        = {8990--9005},
  publisher    = {Association for Computational Linguistics},
  year         = {2023},
  url          = {https://doi.org/10.18653/v1/2023.findings-emnlp.603},
  doi          = {10.18653/V1/2023.FINDINGS-EMNLP.603},
  timestamp    = {Thu, 11 Jul 2024 20:24:46 +0200},
  biburl       = {https://dblp.org/rec/conf/emnlp/SunL0WGZ023.bib},
  bibsource    = {dblp computer science bibliography, https://dblp.org}
}

@article{DBLP:zeroshotTC,
  author       = {Zhiqiang Wang and
                  Yiran Pang and
                  Yanbin Lin},
  title        = {Large Language Models Are Zero-Shot Text Classifiers},
  journal      = {CoRR},
  volume       = {abs/2312.01044},
  year         = {2023},
  url          = {https://doi.org/10.48550/arXiv.2312.01044},
  doi          = {10.48550/ARXIV.2312.01044},
  eprinttype    = {arXiv},
  eprint       = {2312.01044},
  timestamp    = {Fri, 08 Dec 2023 11:22:03 +0100},
  biburl       = {https://dblp.org/rec/journals/corr/abs-2312-01044.bib},
  bibsource    = {dblp computer science bibliography, https://dblp.org}
}

@article{DBLP:AdaptLLM,
  author       = {Daixuan Cheng and
                  Shaohan Huang and
                  Furu Wei},
  title        = {Adapting Large Language Models via Reading Comprehension},
  journal      = {CoRR},
  volume       = {abs/2309.09530},
  year         = {2023},
  url          = {https://doi.org/10.48550/arXiv.2309.09530},
  doi          = {10.48550/ARXIV.2309.09530},
  eprinttype    = {arXiv},
  eprint       = {2309.09530},
  timestamp    = {Fri, 22 Sep 2023 12:57:22 +0200},
  biburl       = {https://dblp.org/rec/journals/corr/abs-2309-09530.bib},
  bibsource    = {dblp computer science bibliography, https://dblp.org}
}

@article{DBLP:MAGPIE,
  author       = {Zhangchen Xu and
                  Fengqing Jiang and
                  Luyao Niu and
                  Yuntian Deng and
                  Radha Poovendran and
                  Yejin Choi and
                  Bill Yuchen Lin},
  title        = {Magpie: Alignment Data Synthesis from Scratch by Prompting Aligned
                  LLMs with Nothing},
  journal      = {CoRR},
  volume       = {abs/2406.08464},
  year         = {2024},
  url          = {https://doi.org/10.48550/arXiv.2406.08464},
  doi          = {10.48550/ARXIV.2406.08464},
  eprinttype    = {arXiv},
  eprint       = {2406.08464},
  timestamp    = {Tue, 09 Jul 2024 17:23:21 +0200},
  biburl       = {https://dblp.org/rec/journals/corr/abs-2406-08464.bib},
  bibsource    = {dblp computer science bibliography, https://dblp.org}
}

@article{DBLP:WizardLM,
  author       = {Weihao Zeng and
                  Can Xu and
                  Yingxiu Zhao and
                  Jian{-}Guang Lou and
                  Weizhu Chen},
  title        = {Automatic Instruction Evolving for Large Language Models},
  journal      = {CoRR},
  volume       = {abs/2406.00770},
  year         = {2024},
  url          = {https://doi.org/10.48550/arXiv.2406.00770},
  doi          = {10.48550/ARXIV.2406.00770},
  eprinttype    = {arXiv},
  eprint       = {2406.00770},
  timestamp    = {Thu, 04 Jul 2024 12:24:28 +0200},
  biburl       = {https://dblp.org/rec/journals/corr/abs-2406-00770.bib},
  bibsource    = {dblp computer science bibliography, https://dblp.org}
}

@article{DBLP:InstructPT,
  author       = {Daixuan Cheng and
                  Yuxian Gu and
                  Shaohan Huang and
                  Junyu Bi and
                  Minlie Huang and
                  Furu Wei},
  title        = {Instruction Pre-Training: Language Models are Supervised Multitask
                  Learners},
  journal      = {CoRR},
  volume       = {abs/2406.14491},
  year         = {2024},
  url          = {https://doi.org/10.48550/arXiv.2406.14491},
  doi          = {10.48550/ARXIV.2406.14491},
  eprinttype    = {arXiv},
  eprint       = {2406.14491},
  timestamp    = {Tue, 16 Jul 2024 16:17:50 +0200},
  biburl       = {https://dblp.org/rec/journals/corr/abs-2406-14491.bib},
  bibsource    = {dblp computer science bibliography, https://dblp.org}
}

@misc{Teval,
      title={T-Eval: Evaluating the Tool Utilization Capability of Large Language Models Step by Step}, 
      author={Zehui Chen and Weihua Du and Wenwei Zhang and Kuikun Liu and Jiangning Liu and Miao Zheng and Jingming Zhuo and Songyang Zhang and Dahua Lin and Kai Chen and Feng Zhao},
      year={2024},
      eprint={2312.14033},
      archivePrefix={arXiv},
      primaryClass={cs.CL},
      url={https://arxiv.org/abs/2312.14033}, 
}

@article{DBLP:ARC,
  author       = {Peter Clark and
                  Isaac Cowhey and
                  Oren Etzioni and
                  Tushar Khot and
                  Ashish Sabharwal and
                  Carissa Schoenick and
                  Oyvind Tafjord},
  title        = {Think you have Solved Question Answering? Try ARC, the {AI2} Reasoning
                  Challenge},
  journal      = {CoRR},
  volume       = {abs/1803.05457},
  year         = {2018},
  url          = {http://arxiv.org/abs/1803.05457},
  eprinttype    = {arXiv},
  eprint       = {1803.05457},
  timestamp    = {Mon, 13 Aug 2018 16:48:43 +0200},
  biburl       = {https://dblp.org/rec/journals/corr/abs-1803-05457.bib},
  bibsource    = {dblp computer science bibliography, https://dblp.org}
}

@inproceedings{DBLP:BoolQ,
  author       = {Christopher Clark and
                  Kenton Lee and
                  Ming{-}Wei Chang and
                  Tom Kwiatkowski and
                  Michael Collins and
                  Kristina Toutanova},
  editor       = {Jill Burstein and
                  Christy Doran and
                  Thamar Solorio},
  title        = {BoolQ: Exploring the Surprising Difficulty of Natural Yes/No Questions},
  booktitle    = {Proceedings of the 2019 Conference of the North American Chapter of
                  the Association for Computational Linguistics: Human Language Technologies,
                  {NAACL-HLT} 2019, Minneapolis, MN, USA, June 2-7, 2019, Volume 1 (Long
                  and Short Papers)},
  pages        = {2924--2936},
  publisher    = {Association for Computational Linguistics},
  year         = {2019},
  url          = {https://doi.org/10.18653/v1/n19-1300},
  doi          = {10.18653/V1/N19-1300},
  timestamp    = {Tue, 16 Aug 2022 23:04:27 +0200},
  biburl       = {https://dblp.org/rec/conf/naacl/ClarkLCK0T19.bib},
  bibsource    = {dblp computer science bibliography, https://dblp.org}
}

@article{DBLP:GaoKaoBench,
  author       = {Xiaotian Zhang and
                  Chunyang Li and
                  Yi Zong and
                  Zhengyu Ying and
                  Liang He and
                  Xipeng Qiu},
  title        = {Evaluating the Performance of Large Language Models on {GAOKAO} Benchmark},
  journal      = {CoRR},
  volume       = {abs/2305.12474},
  year         = {2023},
  url          = {https://doi.org/10.48550/arXiv.2305.12474},
  doi          = {10.48550/ARXIV.2305.12474},
  eprinttype    = {arXiv},
  eprint       = {2305.12474},
  timestamp    = {Thu, 11 Jul 2024 10:28:34 +0200},
  biburl       = {https://dblp.org/rec/journals/corr/abs-2305-12474.bib},
  bibsource    = {dblp computer science bibliography, https://dblp.org}
}

@article{DBLP:AGIEval,
  author       = {Wanjun Zhong and
                  Ruixiang Cui and
                  Yiduo Guo and
                  Yaobo Liang and
                  Shuai Lu and
                  Yanlin Wang and
                  Amin Saied and
                  Weizhu Chen and
                  Nan Duan},
  title        = {AGIEval: {A} Human-Centric Benchmark for Evaluating Foundation Models},
  journal      = {CoRR},
  volume       = {abs/2304.06364},
  year         = {2023},
  url          = {https://doi.org/10.48550/arXiv.2304.06364},
  doi          = {10.48550/ARXIV.2304.06364},
  eprinttype    = {arXiv},
  eprint       = {2304.06364},
  timestamp    = {Wed, 19 Apr 2023 12:42:23 +0200},
  biburl       = {https://dblp.org/rec/journals/corr/abs-2304-06364.bib},
  bibsource    = {dblp computer science bibliography, https://dblp.org}
}

@inproceedings{DBLP:CommonsenseQA,
  author       = {Alon Talmor and
                  Jonathan Herzig and
                  Nicholas Lourie and
                  Jonathan Berant},
  editor       = {Jill Burstein and
                  Christy Doran and
                  Thamar Solorio},
  title        = {CommonsenseQA: {A} Question Answering Challenge Targeting Commonsense
                  Knowledge},
  booktitle    = {Proceedings of the 2019 Conference of the North American Chapter of
                  the Association for Computational Linguistics: Human Language Technologies,
                  {NAACL-HLT} 2019, Minneapolis, MN, USA, June 2-7, 2019, Volume 1 (Long
                  and Short Papers)},
  pages        = {4149--4158},
  publisher    = {Association for Computational Linguistics},
  year         = {2019},
  url          = {https://doi.org/10.18653/v1/n19-1421},
  doi          = {10.18653/V1/N19-1421},
  timestamp    = {Thu, 25 Apr 2024 15:20:32 +0200},
  biburl       = {https://dblp.org/rec/conf/naacl/TalmorHLB19.bib},
  bibsource    = {dblp computer science bibliography, https://dblp.org}
}

@article{DBLP:NQ,
  author       = {Tom Kwiatkowski and
                  Jennimaria Palomaki and
                  Olivia Redfield and
                  Michael Collins and
                  Ankur P. Parikh and
                  Chris Alberti and
                  Danielle Epstein and
                  Illia Polosukhin and
                  Jacob Devlin and
                  Kenton Lee and
                  Kristina Toutanova and
                  Llion Jones and
                  Matthew Kelcey and
                  Ming{-}Wei Chang and
                  Andrew M. Dai and
                  Jakob Uszkoreit and
                  Quoc Le and
                  Slav Petrov},
  title        = {Natural Questions: a Benchmark for Question Answering Research},
  journal      = {Trans. Assoc. Comput. Linguistics},
  volume       = {7},
  pages        = {452--466},
  year         = {2019},
  url          = {https://doi.org/10.1162/tacl\_a\_00276},
  doi          = {10.1162/TACL\_A\_00276},
  timestamp    = {Wed, 19 Jun 2024 17:28:03 +0200},
  biburl       = {https://dblp.org/rec/journals/tacl/KwiatkowskiPRCP19.bib},
  bibsource    = {dblp computer science bibliography, https://dblp.org}
}

@inproceedings{DBLP:OpenBookQA,
  author       = {Todor Mihaylov and
                  Peter Clark and
                  Tushar Khot and
                  Ashish Sabharwal},
  editor       = {Ellen Riloff and
                  David Chiang and
                  Julia Hockenmaier and
                  Jun'ichi Tsujii},
  title        = {Can a Suit of Armor Conduct Electricity? {A} New Dataset for Open
                  Book Question Answering},
  booktitle    = {Proceedings of the 2018 Conference on Empirical Methods in Natural
                  Language Processing, Brussels, Belgium, October 31 - November 4, 2018},
  pages        = {2381--2391},
  publisher    = {Association for Computational Linguistics},
  year         = {2018},
  url          = {https://doi.org/10.18653/v1/d18-1260},
  doi          = {10.18653/V1/D18-1260},
  timestamp    = {Fri, 06 Aug 2021 00:40:21 +0200},
  biburl       = {https://dblp.org/rec/conf/emnlp/MihaylovCKS18.bib},
  bibsource    = {dblp computer science bibliography, https://dblp.org}
}

@inproceedings{DBLP:TriviaQA,
  author       = {Mandar Joshi and
                  Eunsol Choi and
                  Daniel S. Weld and
                  Luke Zettlemoyer},
  editor       = {Regina Barzilay and
                  Min{-}Yen Kan},
  title        = {TriviaQA: {A} Large Scale Distantly Supervised Challenge Dataset for
                  Reading Comprehension},
  booktitle    = {Proceedings of the 55th Annual Meeting of the Association for Computational
                  Linguistics, {ACL} 2017, Vancouver, Canada, July 30 - August 4, Volume
                  1: Long Papers},
  pages        = {1601--1611},
  publisher    = {Association for Computational Linguistics},
  year         = {2017},
  url          = {https://doi.org/10.18653/v1/P17-1147},
  doi          = {10.18653/V1/P17-1147},
  timestamp    = {Fri, 06 Aug 2021 00:40:58 +0200},
  biburl       = {https://dblp.org/rec/conf/acl/JoshiCWZ17.bib},
  bibsource    = {dblp computer science bibliography, https://dblp.org}
}

@misc{Opencompass,
    title={OpenCompass: A Universal Evaluation Platform for Foundation Models},
    author={OpenCompass Contributors},
    howpublished = {\url{https://github.com/open-compass/opencompass}},
    year={2023}
}

@inproceedings{DBLP:CEval,
  author       = {Yuzhen Huang and
                  Yuzhuo Bai and
                  Zhihao Zhu and
                  Junlei Zhang and
                  Jinghan Zhang and
                  Tangjun Su and
                  Junteng Liu and
                  Chuancheng Lv and
                  Yikai Zhang and
                  Jiayi Lei and
                  Yao Fu and
                  Maosong Sun and
                  Junxian He},
  editor       = {Alice Oh and
                  Tristan Naumann and
                  Amir Globerson and
                  Kate Saenko and
                  Moritz Hardt and
                  Sergey Levine},
  title        = {C-Eval: {A} Multi-Level Multi-Discipline Chinese Evaluation Suite
                  for Foundation Models},
  booktitle    = {Advances in Neural Information Processing Systems 36: Annual Conference
                  on Neural Information Processing Systems 2023, NeurIPS 2023, New Orleans,
                  LA, USA, December 10 - 16, 2023},
  year         = {2023},
  url          = {http://papers.nips.cc/paper\_files/paper/2023/hash/c6ec1844bec96d6d32ae95ae694e23d8-Abstract-Datasets\_and\_Benchmarks.html},
  timestamp    = {Fri, 01 Mar 2024 16:26:20 +0100},
  biburl       = {https://dblp.org/rec/conf/nips/HuangBZZZSLLZLF23.bib},
  bibsource    = {dblp computer science bibliography, https://dblp.org}
}

@article{DBLP:CMmlu,
  author       = {Haonan Li and
                  Yixuan Zhang and
                  Fajri Koto and
                  Yifei Yang and
                  Hai Zhao and
                  Yeyun Gong and
                  Nan Duan and
                  Timothy Baldwin},
  title        = {{CMMLU:} Measuring massive multitask language understanding in Chinese},
  journal      = {CoRR},
  volume       = {abs/2306.09212},
  year         = {2023},
  url          = {https://doi.org/10.48550/arXiv.2306.09212},
  doi          = {10.48550/ARXIV.2306.09212},
  eprinttype    = {arXiv},
  eprint       = {2306.09212},
  timestamp    = {Wed, 22 May 2024 12:39:18 +0200},
  biburl       = {https://dblp.org/rec/journals/corr/abs-2306-09212.bib},
  bibsource    = {dblp computer science bibliography, https://dblp.org}
}

@inproceedings{DBLP:MMLU,
  author       = {Dan Hendrycks and
                  Collin Burns and
                  Steven Basart and
                  Andy Zou and
                  Mantas Mazeika and
                  Dawn Song and
                  Jacob Steinhardt},
  title        = {Measuring Massive Multitask Language Understanding},
  booktitle    = {9th International Conference on Learning Representations, {ICLR} 2021,
                  Virtual Event, Austria, May 3-7, 2021},
  publisher    = {OpenReview.net},
  year         = {2021},
  url          = {https://openreview.net/forum?id=d7KBjmI3GmQ},
  timestamp    = {Wed, 23 Jun 2021 17:36:39 +0200},
  biburl       = {https://dblp.org/rec/conf/iclr/HendrycksBBZMSS21.bib},
  bibsource    = {dblp computer science bibliography, https://dblp.org}
}

@article{DBLP:MBPP,
  author       = {Jacob Austin and
                  Augustus Odena and
                  Maxwell I. Nye and
                  Maarten Bosma and
                  Henryk Michalewski and
                  David Dohan and
                  Ellen Jiang and
                  Carrie J. Cai and
                  Michael Terry and
                  Quoc V. Le and
                  Charles Sutton},
  title        = {Program Synthesis with Large Language Models},
  journal      = {CoRR},
  volume       = {abs/2108.07732},
  year         = {2021},
  url          = {https://arxiv.org/abs/2108.07732},
  eprinttype    = {arXiv},
  eprint       = {2108.07732},
  timestamp    = {Fri, 29 Apr 2022 17:42:58 +0200},
  biburl       = {https://dblp.org/rec/journals/corr/abs-2108-07732.bib},
  bibsource    = {dblp computer science bibliography, https://dblp.org}
}

@article{DBLP:HumanEval,
  author       = {Mark Chen and
                  Jerry Tworek and
                  Heewoo Jun and
                  Qiming Yuan and
                  Henrique Pond{\'{e}} de Oliveira Pinto and
                  Jared Kaplan and
                  Harrison Edwards and
                  Yuri Burda and
                  Nicholas Joseph and
                  Greg Brockman and
                  Alex Ray and
                  Raul Puri and
                  Gretchen Krueger and
                  Michael Petrov and
                  Heidy Khlaaf and
                  Girish Sastry and
                  Pamela Mishkin and
                  Brooke Chan and
                  Scott Gray and
                  Nick Ryder and
                  Mikhail Pavlov and
                  Alethea Power and
                  Lukasz Kaiser and
                  Mohammad Bavarian and
                  Clemens Winter and
                  Philippe Tillet and
                  Felipe Petroski Such and
                  Dave Cummings and
                  Matthias Plappert and
                  Fotios Chantzis and
                  Elizabeth Barnes and
                  Ariel Herbert{-}Voss and
                  William Hebgen Guss and
                  Alex Nichol and
                  Alex Paino and
                  Nikolas Tezak and
                  Jie Tang and
                  Igor Babuschkin and
                  Suchir Balaji and
                  Shantanu Jain and
                  William Saunders and
                  Christopher Hesse and
                  Andrew N. Carr and
                  Jan Leike and
                  Joshua Achiam and
                  Vedant Misra and
                  Evan Morikawa and
                  Alec Radford and
                  Matthew Knight and
                  Miles Brundage and
                  Mira Murati and
                  Katie Mayer and
                  Peter Welinder and
                  Bob McGrew and
                  Dario Amodei and
                  Sam McCandlish and
                  Ilya Sutskever and
                  Wojciech Zaremba},
  title        = {Evaluating Large Language Models Trained on Code},
  journal      = {CoRR},
  volume       = {abs/2107.03374},
  year         = {2021},
  url          = {https://arxiv.org/abs/2107.03374},
  eprinttype    = {arXiv},
  eprint       = {2107.03374},
  timestamp    = {Thu, 25 May 2023 10:38:31 +0200},
  biburl       = {https://dblp.org/rec/journals/corr/abs-2107-03374.bib},
  bibsource    = {dblp computer science bibliography, https://dblp.org}
}

download as .bib file

@inproceedings{DBLP:Math,
  author       = {Dan Hendrycks and
                  Collin Burns and
                  Saurav Kadavath and
                  Akul Arora and
                  Steven Basart and
                  Eric Tang and
                  Dawn Song and
                  Jacob Steinhardt},
  editor       = {Joaquin Vanschoren and
                  Sai{-}Kit Yeung},
  title        = {Measuring Mathematical Problem Solving With the {MATH} Dataset},
  booktitle    = {Proceedings of the Neural Information Processing Systems Track on
                  Datasets and Benchmarks 1, NeurIPS Datasets and Benchmarks 2021, December
                  2021, virtual},
  year         = {2021},
  url          = {https://datasets-benchmarks-proceedings.neurips.cc/paper/2021/hash/be83ab3ecd0db773eb2dc1b0a17836a1-Abstract-round2.html},
  timestamp    = {Thu, 05 May 2022 16:53:59 +0200},
  biburl       = {https://dblp.org/rec/conf/nips/HendrycksBKABTS21.bib},
  bibsource    = {dblp computer science bibliography, https://dblp.org}
}

@article{DBLP:GSM8K,
  author       = {Karl Cobbe and
                  Vineet Kosaraju and
                  Mohammad Bavarian and
                  Mark Chen and
                  Heewoo Jun and
                  Lukasz Kaiser and
                  Matthias Plappert and
                  Jerry Tworek and
                  Jacob Hilton and
                  Reiichiro Nakano and
                  Christopher Hesse and
                  John Schulman},
  title        = {Training Verifiers to Solve Math Word Problems},
  journal      = {CoRR},
  volume       = {abs/2110.14168},
  year         = {2021},
  url          = {https://arxiv.org/abs/2110.14168},
  eprinttype    = {arXiv},
  eprint       = {2110.14168},
  timestamp    = {Mon, 12 Jun 2023 08:23:44 +0200},
  biburl       = {https://dblp.org/rec/journals/corr/abs-2110-14168.bib},
  bibsource    = {dblp computer science bibliography, https://dblp.org}
}

@inproceedings{DBLP:BBH,
  author       = {Mirac Suzgun and
                  Nathan Scales and
                  Nathanael Sch{\"{a}}rli and
                  Sebastian Gehrmann and
                  Yi Tay and
                  Hyung Won Chung and
                  Aakanksha Chowdhery and
                  Quoc V. Le and
                  Ed H. Chi and
                  Denny Zhou and
                  Jason Wei},
  editor       = {Anna Rogers and
                  Jordan L. Boyd{-}Graber and
                  Naoaki Okazaki},
  title        = {Challenging BIG-Bench Tasks and Whether Chain-of-Thought Can Solve
                  Them},
  booktitle    = {Findings of the Association for Computational Linguistics: {ACL} 2023,
                  Toronto, Canada, July 9-14, 2023},
  pages        = {13003--13051},
  publisher    = {Association for Computational Linguistics},
  year         = {2023},
  url          = {https://doi.org/10.18653/v1/2023.findings-acl.824},
  doi          = {10.18653/V1/2023.FINDINGS-ACL.824},
  timestamp    = {Mon, 29 Jan 2024 20:33:18 +0100},
  biburl       = {https://dblp.org/rec/conf/acl/SuzgunSSGTCCLCZ23.bib},
  bibsource    = {dblp computer science bibliography, https://dblp.org}
}

@inproceedings{DBLP:Drop,
  author       = {Dheeru Dua and
                  Yizhong Wang and
                  Pradeep Dasigi and
                  Gabriel Stanovsky and
                  Sameer Singh and
                  Matt Gardner},
  editor       = {Jill Burstein and
                  Christy Doran and
                  Thamar Solorio},
  title        = {{DROP:} {A} Reading Comprehension Benchmark Requiring Discrete Reasoning
                  Over Paragraphs},
  booktitle    = {Proceedings of the 2019 Conference of the North American Chapter of
                  the Association for Computational Linguistics: Human Language Technologies,
                  {NAACL-HLT} 2019, Minneapolis, MN, USA, June 2-7, 2019, Volume 1 (Long
                  and Short Papers)},
  pages        = {2368--2378},
  publisher    = {Association for Computational Linguistics},
  year         = {2019},
  url          = {https://doi.org/10.18653/v1/n19-1246},
  doi          = {10.18653/V1/N19-1246},
  timestamp    = {Fri, 06 Aug 2021 00:41:31 +0200},
  biburl       = {https://dblp.org/rec/conf/naacl/DuaWDSS019.bib},
  bibsource    = {dblp computer science bibliography, https://dblp.org}
}

@inproceedings{DBLP:HellaSwag,
  author       = {Rowan Zellers and
                  Ari Holtzman and
                  Yonatan Bisk and
                  Ali Farhadi and
                  Yejin Choi},
  editor       = {Anna Korhonen and
                  David R. Traum and
                  Llu{\'{\i}}s M{\`{a}}rquez},
  title        = {HellaSwag: Can a Machine Really Finish Your Sentence?},
  booktitle    = {Proceedings of the 57th Conference of the Association for Computational
                  Linguistics, {ACL} 2019, Florence, Italy, July 28- August 2, 2019,
                  Volume 1: Long Papers},
  pages        = {4791--4800},
  publisher    = {Association for Computational Linguistics},
  year         = {2019},
  url          = {https://doi.org/10.18653/v1/p19-1472},
  doi          = {10.18653/V1/P19-1472},
  timestamp    = {Sat, 29 Apr 2023 10:09:26 +0200},
  biburl       = {https://dblp.org/rec/conf/acl/ZellersHBFC19.bib},
  bibsource    = {dblp computer science bibliography, https://dblp.org}
}

@inproceedings{DBLP:OCNLI,
  author       = {Hai Hu and
                  Kyle Richardson and
                  Liang Xu and
                  Lu Li and
                  Sandra K{\"{u}}bler and
                  Lawrence S. Moss},
  editor       = {Trevor Cohn and
                  Yulan He and
                  Yang Liu},
  title        = {{OCNLI:} Original Chinese Natural Language Inference},
  booktitle    = {Findings of the Association for Computational Linguistics: {EMNLP}
                  2020, Online Event, 16-20 November 2020},
  series       = {Findings of {ACL}},
  volume       = {{EMNLP} 2020},
  pages        = {3512--3526},
  publisher    = {Association for Computational Linguistics},
  year         = {2020},
  url          = {https://doi.org/10.18653/v1/2020.findings-emnlp.314},
  doi          = {10.18653/V1/2020.FINDINGS-EMNLP.314},
  timestamp    = {Tue, 12 Dec 2023 08:45:16 +0100},
  biburl       = {https://dblp.org/rec/conf/emnlp/HuRXLKM20.bib},
  bibsource    = {dblp computer science bibliography, https://dblp.org}
}

@inproceedings{DBLP:PiQA,
  author       = {Yonatan Bisk and
                  Rowan Zellers and
                  Ronan Le Bras and
                  Jianfeng Gao and
                  Yejin Choi},
  title        = {{PIQA:} Reasoning about Physical Commonsense in Natural Language},
  booktitle    = {The Thirty-Fourth {AAAI} Conference on Artificial Intelligence, {AAAI}
                  2020, The Thirty-Second Innovative Applications of Artificial Intelligence
                  Conference, {IAAI} 2020, The Tenth {AAAI} Symposium on Educational
                  Advances in Artificial Intelligence, {EAAI} 2020, New York, NY, USA,
                  February 7-12, 2020},
  pages        = {7432--7439},
  publisher    = {{AAAI} Press},
  year         = {2020},
  url          = {https://doi.org/10.1609/aaai.v34i05.6239},
  doi          = {10.1609/AAAI.V34I05.6239},
  timestamp    = {Thu, 11 Apr 2024 13:33:56 +0200},
  biburl       = {https://dblp.org/rec/conf/aaai/BiskZLGC20.bib},
  bibsource    = {dblp computer science bibliography, https://dblp.org}
}

@article{DBLP:Baichuan2,
  author       = {Aiyuan Yang and
                  Bin Xiao and
                  Bingning Wang and
                  Borong Zhang and
                  Ce Bian and
                  Chao Yin and
                  Chenxu Lv and
                  Da Pan and
                  Dian Wang and
                  Dong Yan and
                  Fan Yang and
                  Fei Deng and
                  Feng Wang and
                  Feng Liu and
                  Guangwei Ai and
                  Guosheng Dong and
                  Haizhou Zhao and
                  Hang Xu and
                  Haoze Sun and
                  Hongda Zhang and
                  Hui Liu and
                  Jiaming Ji and
                  Jian Xie and
                  Juntao Dai and
                  Kun Fang and
                  Lei Su and
                  Liang Song and
                  Lifeng Liu and
                  Liyun Ru and
                  Luyao Ma and
                  Mang Wang and
                  Mickel Liu and
                  MingAn Lin and
                  Nuolan Nie and
                  Peidong Guo and
                  Ruiyang Sun and
                  Tao Zhang and
                  Tianpeng Li and
                  Tianyu Li and
                  Wei Cheng and
                  Weipeng Chen and
                  Xiangrong Zeng and
                  Xiaochuan Wang and
                  Xiaoxi Chen and
                  Xin Men and
                  Xin Yu and
                  Xuehai Pan and
                  Yanjun Shen and
                  Yiding Wang and
                  Yiyu Li and
                  Youxin Jiang and
                  Yuchen Gao and
                  Yupeng Zhang and
                  Zenan Zhou and
                  Zhiying Wu},
  title        = {Baichuan 2: Open Large-scale Language Models},
  journal      = {CoRR},
  volume       = {abs/2309.10305},
  year         = {2023},
  url          = {https://doi.org/10.48550/arXiv.2309.10305},
  doi          = {10.48550/ARXIV.2309.10305},
  eprinttype    = {arXiv},
  eprint       = {2309.10305},
  timestamp    = {Fri, 12 Apr 2024 08:11:46 +0200},
  biburl       = {https://dblp.org/rec/journals/corr/abs-2309-10305.bib},
  bibsource    = {dblp computer science bibliography, https://dblp.org}
}

@article{DBLP:Llama2,
  author       = {Yiming Cui and
                  Ziqing Yang and
                  Xin Yao},
  title        = {Efficient and Effective Text Encoding for Chinese LLaMA and Alpaca},
  journal      = {CoRR},
  volume       = {abs/2304.08177},
  year         = {2023},
  url          = {https://doi.org/10.48550/arXiv.2304.08177},
  doi          = {10.48550/ARXIV.2304.08177},
  eprinttype    = {arXiv},
  eprint       = {2304.08177},
  timestamp    = {Fri, 21 Apr 2023 11:01:56 +0200},
  biburl       = {https://dblp.org/rec/journals/corr/abs-2304-08177.bib},
  bibsource    = {dblp computer science bibliography, https://dblp.org}
}

@article{DBLP:Llamafactory,
  author       = {Yaowei Zheng and
                  Richong Zhang and
                  Junhao Zhang and
                  Yanhan Ye and
                  Zheyan Luo and
                  Yongqiang Ma},
  title        = {LlamaFactory: Unified Efficient Fine-Tuning of 100+ Language Models},
  journal      = {CoRR},
  volume       = {abs/2403.13372},
  year         = {2024},
  url          = {https://doi.org/10.48550/arXiv.2403.13372},
  doi          = {10.48550/ARXIV.2403.13372},
  eprinttype    = {arXiv},
  eprint       = {2403.13372},
  timestamp    = {Mon, 08 Apr 2024 18:24:51 +0200},
  biburl       = {https://dblp.org/rec/journals/corr/abs-2403-13372.bib},
  bibsource    = {dblp computer science bibliography, https://dblp.org}
}

@inproceedings{DBLP:IMDB,
  author       = {Andrew L. Maas and
                  Raymond E. Daly and
                  Peter T. Pham and
                  Dan Huang and
                  Andrew Y. Ng and
                  Christopher Potts},
  editor       = {Dekang Lin and
                  Yuji Matsumoto and
                  Rada Mihalcea},
  title        = {Learning Word Vectors for Sentiment Analysis},
  booktitle    = {The 49th Annual Meeting of the Association for Computational Linguistics:
                  Human Language Technologies, Proceedings of the Conference, 19-24
                  June, 2011, Portland, Oregon, {USA}},
  pages        = {142--150},
  publisher    = {The Association for Computer Linguistics},
  year         = {2011},
  url          = {https://aclanthology.org/P11-1015/},
  timestamp    = {Fri, 06 Aug 2021 00:41:04 +0200},
  biburl       = {https://dblp.org/rec/conf/acl/MaasDPHNP11.bib},
  bibsource    = {dblp computer science bibliography, https://dblp.org}
}

@misc{llama3.1,
      title={The Llama 3 Herd of Models}, 
      author={Abhimanyu Dubey and Abhinav Jauhri and Abhinav Pandey and Abhishek Kadian and Ahmad Al-Dahle and Aiesha Letman and Akhil Mathur and Alan Schelten and Amy Yang and Angela Fan and Anirudh Goyal and Anthony Hartshorn and Aobo Yang and Archi Mitra and Archie Sravankumar and Artem Korenev and Arthur Hinsvark and Arun Rao and Aston Zhang and others},
      year={2024},
      eprint={2407.21783},
      archivePrefix={arXiv},
      primaryClass={cs.AI},
      url={https://arxiv.org/abs/2407.21783}, 
}


@misc{qwen2,
      title={Qwen2 Technical Report}, 
      author={An Yang and Baosong Yang and Binyuan Hui and Bo Zheng and Bowen Yu and Chang Zhou and Chengpeng Li and Chengyuan Li and Dayiheng Liu and Fei Huang and Guanting Dong and Haoran Wei and Huan Lin and Jialong Tang and Jialin Wang and Jian Yang and Jianhong Tu and Jianwei Zhang and Jianxin Ma and Jianxin Yang and Jin Xu and Jingren Zhou and Jinze Bai and Jinzheng He and Junyang Lin and Kai Dang and Keming Lu and Keqin Chen and Kexin Yang and Mei Li and Mingfeng Xue and Na Ni and Pei Zhang and Peng Wang and Ru Peng and Rui Men and Ruize Gao and Runji Lin and Shijie Wang and Shuai Bai and Sinan Tan and Tianhang Zhu and Tianhao Li and Tianyu Liu and Wenbin Ge and Xiaodong Deng and Xiaohuan Zhou and Xingzhang Ren and Xinyu Zhang and Xipin Wei and Xuancheng Ren and Xuejing Liu and Yang Fan and Yang Yao and Yichang Zhang and Yu Wan and Yunfei Chu and Yuqiong Liu and Zeyu Cui and Zhenru Zhang and Zhifang Guo and Zhihao Fan},
      year={2024},
      eprint={2407.10671},
      archivePrefix={arXiv},
      primaryClass={cs.CL},
      url={https://arxiv.org/abs/2407.10671}, 
}

@inproceedings{DBLP:ChatUIE,
  author       = {Jun Xu and
                  Mengshu Sun and
                  Zhiqiang Zhang and
                  Jun Zhou},
  editor       = {Nicoletta Calzolari and
                  Min{-}Yen Kan and
                  V{\'{e}}ronique Hoste and
                  Alessandro Lenci and
                  Sakriani Sakti and
                  Nianwen Xue},
  title        = {ChatUIE: Exploring Chat-based Unified Information Extraction Using
                  Large Language Models},
  booktitle    = {Proceedings of the 2024 Joint International Conference on Computational
                  Linguistics, Language Resources and Evaluation, {LREC/COLING} 2024,
                  20-25 May, 2024, Torino, Italy},
  pages        = {3146--3152},
  publisher    = {{ELRA} and {ICCL}},
  year         = {2024},
  url          = {https://aclanthology.org/2024.lrec-main.279},
  timestamp    = {Thu, 23 May 2024 16:47:05 +0200},
  biburl       = {https://dblp.org/rec/conf/coling/XuSZZ24.bib},
  bibsource    = {dblp computer science bibliography, https://dblp.org}
}


@article{DBLP:LLMs-data-Synthesis,
  author       = {Lin Long and
                  Rui Wang and
                  Ruixuan Xiao and
                  Junbo Zhao and
                  Xiao Ding and
                  Gang Chen and
                  Haobo Wang},
  title        = {On LLMs-Driven Synthetic Data Generation, Curation, and Evaluation:
                  {A} Survey},
  journal      = {CoRR},
  volume       = {abs/2406.15126},
  year         = {2024},
  url          = {https://doi.org/10.48550/arXiv.2406.15126},
  doi          = {10.48550/ARXIV.2406.15126},
  eprinttype    = {arXiv},
  eprint       = {2406.15126},
  timestamp    = {Wed, 17 Jul 2024 16:21:24 +0200},
  biburl       = {https://dblp.org/rec/journals/corr/abs-2406-15126.bib},
  bibsource    = {dblp computer science bibliography, https://dblp.org}
}

%ACE05
@book{ACE05,
  title={ACE 2005 Multilingual Training Corpus},
  author={Walker, C. and Linguistic Data Consortium},
  isbn={9781585633760},
  series={LDC corpora},
  url={https://books.google.com/books?id=SbjjuQEACAAJ},
  year={2005},
  publisher={Linguistic Data Consortium}
}


@article{DBLP:ADE,
  author       = {Harsha Gurulingappa and
                  Abdul Mateen Rajput and
                  Luca Toldo},
  title        = {Extraction of Adverse Drug Effects from Medical Case Reports},
  journal      = {J. Biomed. Semant.},
  volume       = {3},
  pages        = {15},
  year         = {2012},
  url          = {https://doi.org/10.1186/2041-1480-3-15},
  doi          = {10.1186/2041-1480-3-15},
  timestamp    = {Thu, 13 Aug 2020 12:43:29 +0200},
  biburl       = {https://dblp.org/rec/journals/biomedsem/GurulingappaRT12.bib},
  bibsource    = {dblp computer science bibliography, https://dblp.org}
}

@article{DBLP:AnatEM,
  author       = {Sampo Pyysalo and
                  Sophia Ananiadou},
  title        = {Anatomical entity mention recognition at literature scale},
  journal      = {Bioinform.},
  volume       = {30},
  number       = {6},
  pages        = {868--875},
  year         = {2014},
  url          = {https://doi.org/10.1093/bioinformatics/btt580},
  doi          = {10.1093/BIOINFORMATICS/BTT580},
  timestamp    = {Mon, 02 Mar 2020 16:25:17 +0100},
  biburl       = {https://dblp.org/rec/journals/bioinformatics/PyysaloA14.bib},
  bibsource    = {dblp computer science bibliography, https://dblp.org}
}

@inproceedings{DBLP:bc2gm_bc4chemd,
  author       = {Veysel Kocaman and
                  David Talby},
  editor       = {Alberto Del Bimbo and
                  Rita Cucchiara and
                  Stan Sclaroff and
                  Giovanni Maria Farinella and
                  Tao Mei and
                  Marco Bertini and
                  Hugo Jair Escalante and
                  Roberto Vezzani},
  title        = {Biomedical Named Entity Recognition at Scale},
  booktitle    = {Pattern Recognition. {ICPR} International Workshops and Challenges
                  - Virtual Event, January 10-15, 2021, Proceedings, Part {I}},
  series       = {Lecture Notes in Computer Science},
  volume       = {12661},
  pages        = {635--646},
  publisher    = {Springer},
  year         = {2020},
  url          = {https://doi.org/10.1007/978-3-030-68763-2\_48},
  doi          = {10.1007/978-3-030-68763-2\_48},
  timestamp    = {Thu, 25 Apr 2024 15:20:42 +0200},
  biburl       = {https://dblp.org/rec/conf/icpr/KocamanT20.bib},
  bibsource    = {dblp computer science bibliography, https://dblp.org}
}

@article{DBLP:bc5cdr,
  author       = {Sheng Zhang and
                  Hao Cheng and
                  Jianfeng Gao and
                  Hoifung Poon},
  title        = {Optimizing Bi-Encoder for Named Entity Recognition via Contrastive
                  Learning},
  journal      = {CoRR},
  volume       = {abs/2208.14565},
  year         = {2022},
  url          = {https://doi.org/10.48550/arXiv.2208.14565},
  doi          = {10.48550/ARXIV.2208.14565},
  eprinttype    = {arXiv},
  eprint       = {2208.14565},
  timestamp    = {Thu, 11 Apr 2024 13:33:57 +0200},
  biburl       = {https://dblp.org/rec/journals/corr/abs-2208-14565.bib},
  bibsource    = {dblp computer science bibliography, https://dblp.org}
}

@inproceedings{DBLP:CASIE,
  author       = {Taneeya Satyapanich and
                  Francis Ferraro and
                  Tim Finin},
  title        = {{CASIE:} Extracting Cybersecurity Event Information from Text},
  booktitle    = {The Thirty-Fourth {AAAI} Conference on Artificial Intelligence, {AAAI}
                  2020, The Thirty-Second Innovative Applications of Artificial Intelligence
                  Conference, {IAAI} 2020, The Tenth {AAAI} Symposium on Educational
                  Advances in Artificial Intelligence, {EAAI} 2020, New York, NY, USA,
                  February 7-12, 2020},
  pages        = {8749--8757},
  publisher    = {{AAAI} Press},
  year         = {2020},
  url          = {https://doi.org/10.1609/aaai.v34i05.6401},
  doi          = {10.1609/AAAI.V34I05.6401},
  timestamp    = {Mon, 04 Sep 2023 16:50:27 +0200},
  biburl       = {https://dblp.org/rec/conf/aaai/SatyapanichFF20.bib},
  bibsource    = {dblp computer science bibliography, https://dblp.org}
}

@inproceedings{ccks2017,
  title={Clinical named entity recognition: ECUST in the CCKS-2017 shared task 2},
  author={Xia, Yuhang and Wang, Qi},
  booktitle={CEUR workshop proceedings},
  volume={1976},
  pages={43--48},
  year={2017}
}

@inproceedings{ccks2018,
  title={DUTIR at the CCKS-2018 Task1: A Neural Network Ensemble Approach for Chinese Clinical Named Entity Recognition.},
  author={Luo, Ling and Li, Nan and Li, Shuaichi and Yang, Zhihao and Lin, Hongfei},
  booktitle={CCKS tasks},
  pages={7--12},
  year={2018}
}

@article{DBLP:clue,
  author       = {Liang Xu and
                  Yu Tong and
                  Qianqian Dong and
                  Yixuan Liao and
                  Cong Yu and
                  Yin Tian and
                  Weitang Liu and
                  Lu Li and
                  Xuanwei Zhang},
  title        = {{CLUENER2020:} Fine-grained Named Entity Recognition Dataset and Benchmark
                  for Chinese},
  journal      = {CoRR},
  volume       = {abs/2001.04351},
  year         = {2020},
  url          = {https://arxiv.org/abs/2001.04351},
  eprinttype    = {arXiv},
  eprint       = {2001.04351},
  timestamp    = {Tue, 12 Dec 2023 12:16:23 +0100},
  biburl       = {https://dblp.org/rec/journals/corr/abs-2001-04351.bib},
  bibsource    = {dblp computer science bibliography, https://dblp.org}
}

@inproceedings{DBLP:CMeIE,
  author       = {Yi Luan and
                  Luheng He and
                  Mari Ostendorf and
                  Hannaneh Hajishirzi},
  editor       = {Ellen Riloff and
                  David Chiang and
                  Julia Hockenmaier and
                  Jun'ichi Tsujii},
  title        = {Multi-Task Identification of Entities, Relations, and Coreference
                  for Scientific Knowledge Graph Construction},
  booktitle    = {Proceedings of the 2018 Conference on Empirical Methods in Natural
                  Language Processing, Brussels, Belgium, October 31 - November 4, 2018},
  pages        = {3219--3232},
  publisher    = {Association for Computational Linguistics},
  year         = {2018},
  url          = {https://doi.org/10.18653/v1/d18-1360},
  doi          = {10.18653/V1/D18-1360},
  timestamp    = {Thu, 25 Apr 2024 15:20:37 +0200},
  biburl       = {https://dblp.org/rec/conf/emnlp/LuanHOH18.bib},
  bibsource    = {dblp computer science bibliography, https://dblp.org}
}

@inproceedings{DBLP:CMRC2018,
  author       = {Yiming Cui and
                  Ting Liu and
                  Wanxiang Che and
                  Li Xiao and
                  Zhipeng Chen and
                  Wentao Ma and
                  Shijin Wang and
                  Guoping Hu},
  editor       = {Kentaro Inui and
                  Jing Jiang and
                  Vincent Ng and
                  Xiaojun Wan},
  title        = {A Span-Extraction Dataset for Chinese Machine Reading Comprehension},
  booktitle    = {Proceedings of the 2019 Conference on Empirical Methods in Natural
                  Language Processing and the 9th International Joint Conference on
                  Natural Language Processing, {EMNLP-IJCNLP} 2019, Hong Kong, China,
                  November 3-7, 2019},
  pages        = {5882--5888},
  publisher    = {Association for Computational Linguistics},
  year         = {2019},
  url          = {https://doi.org/10.18653/v1/D19-1600},
  doi          = {10.18653/V1/D19-1600},
  timestamp    = {Thu, 07 Apr 2022 09:14:07 +0200},
  biburl       = {https://dblp.org/rec/conf/emnlp/CuiLCXCMWH19.bib},
  bibsource    = {dblp computer science bibliography, https://dblp.org}
}

@inproceedings{DBLP:CoNLL2004,
  author       = {Xavier Carreras and
                  Llu{\'{\i}}s M{\`{a}}rquez},
  editor       = {Hwee Tou Ng and
                  Ellen Riloff},
  title        = {Introduction to the CoNLL-2004 Shared Task: Semantic Role Labeling},
  booktitle    = {Proceedings of the Eighth Conference on Computational Natural Language
                  Learning, CoNLL 2004, Held in cooperation with {HLT-NAACL} 2004, Boston,
                  Massachusetts, USA, May 6-7, 2004},
  pages        = {89--97},
  publisher    = {{ACL}},
  year         = {2004},
  url          = {https://aclanthology.org/W04-2412/},
  timestamp    = {Fri, 06 Aug 2021 00:41:09 +0200},
  biburl       = {https://dblp.org/rec/conf/conll/CarrerasM04.bib},
  bibsource    = {dblp computer science bibliography, https://dblp.org}
}

@inproceedings{DBLP:CoNLL2003,
  author       = {Erik F. Tjong Kim Sang and
                  Fien De Meulder},
  editor       = {Walter Daelemans and
                  Miles Osborne},
  title        = {Introduction to the CoNLL-2003 Shared Task: Language-Independent Named
                  Entity Recognition},
  booktitle    = {Proceedings of the Seventh Conference on Natural Language Learning,
                  CoNLL 2003, Held in cooperation with {HLT-NAACL} 2003, Edmonton, Canada,
                  May 31 - June 1, 2003},
  pages        = {142--147},
  publisher    = {{ACL}},
  year         = {2003},
  url          = {https://aclanthology.org/W03-0419/},
  timestamp    = {Fri, 06 Aug 2021 00:41:09 +0200},
  biburl       = {https://dblp.org/rec/conf/conll/SangM03.bib},
  bibsource    = {dblp computer science bibliography, https://dblp.org}
}

@inproceedings{DBLP:DuEE1.0,
  author       = {Xinyu Li and
                  Fayuan Li and
                  Lu Pan and
                  Yuguang Chen and
                  Weihua Peng and
                  Quan Wang and
                  Yajuan Lyu and
                  Yong Zhu},
  editor       = {Xiaodan Zhu and
                  Min Zhang and
                  Yu Hong and
                  Ruifang He},
  title        = {DuEE: {A} Large-Scale Dataset for Chinese Event Extraction in Real-World
                  Scenarios},
  booktitle    = {Natural Language Processing and Chinese Computing - 9th {CCF} International
                  Conference, {NLPCC} 2020, Zhengzhou, China, October 14-18, 2020, Proceedings,
                  Part {II}},
  series       = {Lecture Notes in Computer Science},
  volume       = {12431},
  pages        = {534--545},
  publisher    = {Springer},
  year         = {2020},
  url          = {https://doi.org/10.1007/978-3-030-60457-8\_44},
  doi          = {10.1007/978-3-030-60457-8\_44},
  timestamp    = {Wed, 24 Jul 2024 07:52:28 +0200},
  biburl       = {https://dblp.org/rec/conf/nlpcc/LiLPCPWLZ20.bib},
  bibsource    = {dblp computer science bibliography, https://dblp.org}
}

@inproceedings{DBLP:DuEE-fin,
  author       = {Cuiyun Han and
                  Jinchuan Zhang and
                  Xinyu Li and
                  Guojin Xu and
                  Weihua Peng and
                  Zengfeng Zeng},
  editor       = {Wei Lu and
                  Shujian Huang and
                  Yu Hong and
                  Xiabing Zhou},
  title        = {DuEE-Fin: {A} Large-Scale Dataset for Document-Level Event Extraction},
  booktitle    = {Natural Language Processing and Chinese Computing - 11th {CCF} International
                  Conference, {NLPCC} 2022, Guilin, China, September 24-25, 2022, Proceedings,
                  Part {I}},
  series       = {Lecture Notes in Computer Science},
  volume       = {13551},
  pages        = {172--183},
  publisher    = {Springer},
  year         = {2022},
  url          = {https://doi.org/10.1007/978-3-031-17120-8\_14},
  doi          = {10.1007/978-3-031-17120-8\_14},
  timestamp    = {Tue, 21 Mar 2023 21:02:57 +0100},
  biburl       = {https://dblp.org/rec/conf/nlpcc/HanZLXPZ22.bib},
  bibsource    = {dblp computer science bibliography, https://dblp.org}
}


@inproceedings{DBLP:DuIE2.0,
  author       = {Shuangjie Li and
                  Wei He and
                  Yabing Shi and
                  Wenbin Jiang and
                  Haijin Liang and
                  Ye Jiang and
                  Yang Zhang and
                  Yajuan Lyu and
                  Yong Zhu},
  editor       = {Jie Tang and
                  Min{-}Yen Kan and
                  Dongyan Zhao and
                  Sujian Li and
                  Hongying Zan},
  title        = {DuIE: {A} Large-Scale Chinese Dataset for Information Extraction},
  booktitle    = {Natural Language Processing and Chinese Computing - 8th {CCF} International
                  Conference, {NLPCC} 2019, Dunhuang, China, October 9-14, 2019, Proceedings,
                  Part {II}},
  series       = {Lecture Notes in Computer Science},
  volume       = {11839},
  pages        = {791--800},
  publisher    = {Springer},
  year         = {2019},
  url          = {https://doi.org/10.1007/978-3-030-32236-6\_72},
  doi          = {10.1007/978-3-030-32236-6\_72},
  timestamp    = {Thu, 02 Sep 2021 17:19:15 +0200},
  biburl       = {https://dblp.org/rec/conf/nlpcc/LiHSJLJZLZ19.bib},
  bibsource    = {dblp computer science bibliography, https://dblp.org}
}

@article{DBLP:FabNER,
  author       = {Aman Kumar and
                  Binil Starly},
  title        = {"FabNER": information extraction from manufacturing process science
                  domain literature using named entity recognition},
  journal      = {J. Intell. Manuf.},
  volume       = {33},
  number       = {8},
  pages        = {2393--2407},
  year         = {2022},
  url          = {https://doi.org/10.1007/s10845-021-01807-x},
  doi          = {10.1007/S10845-021-01807-X},
  timestamp    = {Sun, 13 Nov 2022 17:52:57 +0100},
  biburl       = {https://dblp.org/rec/journals/jim/KumarS22.bib},
  bibsource    = {dblp computer science bibliography, https://dblp.org}
}

@article{DBLP:FindVehicle,
  author       = {Runwei Guan and
                  Ka Lok Man and
                  Feifan Chen and
                  Shanliang Yao and
                  Rongsheng Hu and
                  Xiaohui Zhu and
                  Jeremy S. Smith and
                  Eng Gee Lim and
                  Yutao Yue},
  title        = {FindVehicle and VehicleFinder: a {NER} dataset for natural language-based
                  vehicle retrieval and a keyword-based cross-modal vehicle retrieval
                  system},
  journal      = {Multim. Tools Appl.},
  volume       = {83},
  number       = {8},
  pages        = {24841--24874},
  year         = {2024},
  url          = {https://doi.org/10.1007/s11042-023-16373-y},
  doi          = {10.1007/S11042-023-16373-Y},
  timestamp    = {Fri, 22 Mar 2024 08:54:13 +0100},
  biburl       = {https://dblp.org/rec/journals/mta/GuanMCYHZSLY24.bib},
  bibsource    = {dblp computer science bibliography, https://dblp.org}
}

@inproceedings{DBLP:GENIA_NER,
  author       = {Jin{-}Dong Kim and
                  Tomoko Ohta and
                  Yuka Tateisi and
                  Jun'ichi Tsujii},
  title        = {{GENIA} corpus - a semantically annotated corpus for bio-textmining},
  booktitle    = {Proceedings of the Eleventh International Conference on Intelligent
                  Systems for Molecular Biology, June 29 - July 3, 2003, Brisbane, Australia},
  pages        = {180--182},
  year         = {2003},
  url          = {http://bioinformatics.oupjournals.org/cgi/content/abstract/19/suppl\_1/i180?etoc},
  timestamp    = {Tue, 05 Mar 2013 11:20:15 +0100},
  biburl       = {https://dblp.org/rec/conf/ismb/KimOTT03.bib},
  bibsource    = {dblp computer science bibliography, https://dblp.org}
}

@article{DBLP:GIDS,
  author       = {Sharmistha Jat and
                  Siddhesh Khandelwal and
                  Partha P. Talukdar},
  title        = {Improving Distantly Supervised Relation Extraction using Word and
                  Entity Based Attention},
  journal      = {CoRR},
  volume       = {abs/1804.06987},
  year         = {2018},
  url          = {http://arxiv.org/abs/1804.06987},
  eprinttype    = {arXiv},
  eprint       = {1804.06987},
  timestamp    = {Fri, 15 Nov 2019 17:16:02 +0100},
  biburl       = {https://dblp.org/rec/journals/corr/abs-1804-06987.bib},
  bibsource    = {dblp computer science bibliography, https://dblp.org}
}

@inproceedings{DBLP:HarveyNER,
  author       = {Pei Chen and
                  Haotian Xu and
                  Cheng Zhang and
                  Ruihong Huang},
  editor       = {Marine Carpuat and
                  Marie{-}Catherine de Marneffe and
                  Iv{\'{a}}n Vladimir Meza Ru{\'{\i}}z},
  title        = {Crossroads, Buildings and Neighborhoods: {A} Dataset for Fine-grained
                  Location Recognition},
  booktitle    = {Proceedings of the 2022 Conference of the North American Chapter of
                  the Association for Computational Linguistics: Human Language Technologies,
                  {NAACL} 2022, Seattle, WA, United States, July 10-15, 2022},
  pages        = {3329--3339},
  publisher    = {Association for Computational Linguistics},
  year         = {2022},
  url          = {https://doi.org/10.18653/v1/2022.naacl-main.243},
  doi          = {10.18653/V1/2022.NAACL-MAIN.243},
  timestamp    = {Wed, 27 Mar 2024 16:33:00 +0100},
  biburl       = {https://dblp.org/rec/conf/naacl/ChenXZH22.bib},
  bibsource    = {dblp computer science bibliography, https://dblp.org}
}

@article{DBLP:InstructIE,
  author       = {Honghao Gui and
                  Shuofei Qiao and
                  Jintian Zhang and
                  Hongbin Ye and
                  Mengshu Sun and
                  Lei Liang and
                  Huajun Chen and
                  Ningyu Zhang},
  title        = {InstructIE: {A} Bilingual Instruction-based Information Extraction
                  Dataset},
  journal      = {CoRR},
  volume       = {abs/2305.11527},
  year         = {2023},
  url          = {https://doi.org/10.48550/arXiv.2305.11527},
  doi          = {10.48550/ARXIV.2305.11527},
  eprinttype    = {arXiv},
  eprint       = {2305.11527},
  timestamp    = {Thu, 22 Feb 2024 09:46:17 +0100},
  biburl       = {https://dblp.org/rec/journals/corr/abs-2305-11527.bib},
  bibsource    = {dblp computer science bibliography, https://dblp.org}
}

@inproceedings{DBLP:IREE,
  author       = {Junxiang Ren and
                  Sibo Wang and
                  Ruilin Song and
                  Yuejiao Wu and
                  Yizhou Gao and
                  Borong An and
                  Zhen Cheng and
                  Guoqiang Xu},
  editor       = {Maosong Sun and
                  Guilin Qi and
                  Kang Liu and
                  Jiadong Ren and
                  Bin Xu and
                  Yansong Feng and
                  Yongbin Liu and
                  Yubo Chen},
  title        = {{IREE:} {A} Fine-Grained Dataset for Chinese Event Extraction in Investment
                  Research},
  booktitle    = {Knowledge Graph and Semantic Computing: Knowledge Graph Empowers the
                  Digital Economy - 7th China Conference, {CCKS} 2022, Qinhuangdao,
                  China, August 24-27, 2022, Revised Selected Papers},
  series       = {Communications in Computer and Information Science},
  volume       = {1669},
  pages        = {205--210},
  publisher    = {Springer},
  year         = {2022},
  url          = {https://doi.org/10.1007/978-981-19-7596-7\_16},
  doi          = {10.1007/978-981-19-7596-7\_16},
  timestamp    = {Sun, 04 Aug 2024 19:44:10 +0200},
  biburl       = {https://dblp.org/rec/conf/ccks/Ren0SWGACX22.bib},
  bibsource    = {dblp computer science bibliography, https://dblp.org}
}


@article{DBLP:kbp37,
  author       = {Dongxu Zhang and
                  Dong Wang},
  title        = {Relation Classification via Recurrent Neural Network},
  journal      = {CoRR},
  volume       = {abs/1508.01006},
  year         = {2015},
  url          = {http://arxiv.org/abs/1508.01006},
  eprinttype    = {arXiv},
  eprint       = {1508.01006},
  timestamp    = {Fri, 04 Nov 2022 18:37:50 +0100},
  biburl       = {https://dblp.org/rec/journals/corr/ZhangW15a.bib},
  bibsource    = {dblp computer science bibliography, https://dblp.org}
}

@inproceedings{DBLP:mit-movie_mit-restaurant,
  author       = {Jingjing Liu and
                  Panupong Pasupat and
                  Scott Cyphers and
                  James R. Glass},
  title        = {Asgard: {A} portable architecture for multilingual dialogue systems},
  booktitle    = {{IEEE} International Conference on Acoustics, Speech and Signal Processing,
                  {ICASSP} 2013, Vancouver, BC, Canada, May 26-31, 2013},
  pages        = {8386--8390},
  publisher    = {{IEEE}},
  year         = {2013},
  url          = {https://doi.org/10.1109/ICASSP.2013.6639301},
  doi          = {10.1109/ICASSP.2013.6639301},
  timestamp    = {Wed, 16 Oct 2019 14:14:52 +0200},
  biburl       = {https://dblp.org/rec/conf/icassp/LiuPCG13.bib},
  bibsource    = {dblp computer science bibliography, https://dblp.org}
}

@inproceedings{DBLP:MSRA,
  author       = {Gina{-}Anne Levow},
  editor       = {Hwee Tou Ng and
                  Olivia O. Y. Kwong},
  title        = {The Third International Chinese Language Processing Bakeoff: Word
                  Segmentation and Named Entity Recognition},
  booktitle    = {Proceedings of the Fifth Workshop on Chinese Language Processing,
                  SIGHAN@COLING/ACL 2006, Sydney, Australia, July 22-23, 2006},
  pages        = {108--117},
  publisher    = {Association for Computational Linguistics},
  year         = {2006},
  url          = {https://aclanthology.org/W06-0115/},
  timestamp    = {Fri, 06 Aug 2021 00:40:10 +0200},
  biburl       = {https://dblp.org/rec/conf/acl-sighan/Levow06.bib},
  bibsource    = {dblp computer science bibliography, https://dblp.org}
}

@inproceedings{DBLP:MultiNERD,
  author       = {Simone Tedeschi and
                  Roberto Navigli},
  editor       = {Marine Carpuat and
                  Marie{-}Catherine de Marneffe and
                  Iv{\'{a}}n Vladimir Meza Ru{\'{\i}}z},
  title        = {MultiNERD: {A} Multilingual, Multi-Genre and Fine-Grained Dataset
                  for Named Entity Recognition (and Disambiguation)},
  booktitle    = {Findings of the Association for Computational Linguistics: {NAACL}
                  2022, Seattle, WA, United States, July 10-15, 2022},
  pages        = {801--812},
  publisher    = {Association for Computational Linguistics},
  year         = {2022},
  url          = {https://doi.org/10.18653/v1/2022.findings-naacl.60},
  doi          = {10.18653/V1/2022.FINDINGS-NAACL.60},
  timestamp    = {Mon, 01 Aug 2022 16:28:04 +0200},
  biburl       = {https://dblp.org/rec/conf/naacl/TedeschiN22.bib},
  bibsource    = {dblp computer science bibliography, https://dblp.org}
}

@article{DBLP:NCBI,
  author       = {Rezarta Islamaj Dogan and
                  Robert Leaman and
                  Zhiyong Lu},
  title        = {{NCBI} disease corpus: {A} resource for disease name recognition and
                  concept normalization},
  journal      = {J. Biomed. Informatics},
  volume       = {47},
  pages        = {1--10},
  year         = {2014},
  url          = {https://doi.org/10.1016/j.jbi.2013.12.006},
  doi          = {10.1016/J.JBI.2013.12.006},
  timestamp    = {Mon, 26 Sep 2022 12:22:01 +0200},
  biburl       = {https://dblp.org/rec/journals/jbi/DoganLL14.bib},
  bibsource    = {dblp computer science bibliography, https://dblp.org}
}

@inproceedings{DBLP:New-York-Times-RE,
  author       = {Sebastian Riedel and
                  Limin Yao and
                  Andrew McCallum},
  editor       = {Jos{\'{e}} L. Balc{\'{a}}zar and
                  Francesco Bonchi and
                  Aristides Gionis and
                  Mich{\`{e}}le Sebag},
  title        = {Modeling Relations and Their Mentions without Labeled Text},
  booktitle    = {Machine Learning and Knowledge Discovery in Databases, European Conference,
                  {ECML} {PKDD} 2010, Barcelona, Spain, September 20-24, 2010, Proceedings,
                  Part {III}},
  series       = {Lecture Notes in Computer Science},
  volume       = {6323},
  pages        = {148--163},
  publisher    = {Springer},
  year         = {2010},
  url          = {https://doi.org/10.1007/978-3-642-15939-8\_10},
  doi          = {10.1007/978-3-642-15939-8\_10},
  timestamp    = {Fri, 25 Dec 2020 01:15:00 +0100},
  biburl       = {https://dblp.org/rec/conf/pkdd/RiedelYM10.bib},
  bibsource    = {dblp computer science bibliography, https://dblp.org}
}


@inproceedings{DBLP:NYT11,
  author       = {Ryuichi Takanobu and
                  Tianyang Zhang and
                  Jiexi Liu and
                  Minlie Huang},
  title        = {A Hierarchical Framework for Relation Extraction with Reinforcement
                  Learning},
  booktitle    = {The Thirty-Third {AAAI} Conference on Artificial Intelligence, {AAAI}
                  2019, The Thirty-First Innovative Applications of Artificial Intelligence
                  Conference, {IAAI} 2019, The Ninth {AAAI} Symposium on Educational
                  Advances in Artificial Intelligence, {EAAI} 2019, Honolulu, Hawaii,
                  USA, January 27 - February 1, 2019},
  pages        = {7072--7079},
  publisher    = {{AAAI} Press},
  year         = {2019},
  url          = {https://doi.org/10.1609/aaai.v33i01.33017072},
  doi          = {10.1609/AAAI.V33I01.33017072},
  timestamp    = {Mon, 04 Sep 2023 12:29:24 +0200},
  biburl       = {https://dblp.org/rec/conf/aaai/TakanobuZLH19.bib},
  bibsource    = {dblp computer science bibliography, https://dblp.org}
}

@inproceedings{DBLP:odie,
  author       = {Yizhu Jiao and
                  Ming Zhong and
                  Sha Li and
                  Ruining Zhao and
                  Siru Ouyang and
                  Heng Ji and
                  Jiawei Han},
  editor       = {Houda Bouamor and
                  Juan Pino and
                  Kalika Bali},
  title        = {Instruct and Extract: Instruction Tuning for On-Demand Information
                  Extraction},
  booktitle    = {Proceedings of the 2023 Conference on Empirical Methods in Natural
                  Language Processing, {EMNLP} 2023, Singapore, December 6-10, 2023},
  pages        = {10030--10051},
  publisher    = {Association for Computational Linguistics},
  year         = {2023},
  url          = {https://doi.org/10.18653/v1/2023.emnlp-main.620},
  doi          = {10.18653/V1/2023.EMNLP-MAIN.620},
  timestamp    = {Fri, 12 Apr 2024 13:11:44 +0200},
  biburl       = {https://dblp.org/rec/conf/emnlp/Jiao0LZOJ023.bib},
  bibsource    = {dblp computer science bibliography, https://dblp.org}
}


@inproceedings{DBLP:Ontonotes,
  author       = {Eduard H. Hovy and
                  Mitchell P. Marcus and
                  Martha Palmer and
                  Lance A. Ramshaw and
                  Ralph M. Weischedel},
  editor       = {Robert C. Moore and
                  Jeff A. Bilmes and
                  Jennifer Chu{-}Carroll and
                  Mark Sanderson},
  title        = {OntoNotes: The 90{\%} Solution},
  booktitle    = {Human Language Technology Conference of the North American Chapter
                  of the Association of Computational Linguistics, Proceedings, June
                  4-9, 2006, New York, New York, {USA}},
  publisher    = {The Association for Computational Linguistics},
  year         = {2006},
  url          = {https://aclanthology.org/N06-2015/},
  timestamp    = {Fri, 06 Aug 2021 00:41:32 +0200},
  biburl       = {https://dblp.org/rec/conf/naacl/HovyMPRW06.bib},
  bibsource    = {dblp computer science bibliography, https://dblp.org}
}

@inproceedings{DBLP:openie6,
  author       = {Keshav Kolluru and
                  Vaibhav Adlakha and
                  Samarth Aggarwal and
                  Mausam and
                  Soumen Chakrabarti},
  editor       = {Bonnie Webber and
                  Trevor Cohn and
                  Yulan He and
                  Yang Liu},
  title        = {OpenIE6: Iterative Grid Labeling and Coordination Analysis for Open
                  Information Extraction},
  booktitle    = {Proceedings of the 2020 Conference on Empirical Methods in Natural
                  Language Processing, {EMNLP} 2020, Online, November 16-20, 2020},
  pages        = {3748--3761},
  publisher    = {Association for Computational Linguistics},
  year         = {2020},
  url          = {https://doi.org/10.18653/v1/2020.emnlp-main.306},
  doi          = {10.18653/V1/2020.EMNLP-MAIN.306},
  timestamp    = {Wed, 07 Aug 2024 07:59:35 +0200},
  biburl       = {https://dblp.org/rec/conf/emnlp/KolluruAAMC20.bib},
  bibsource    = {dblp computer science bibliography, https://dblp.org}
}

@inproceedings{DBLP:PHEE,
  author       = {Zhaoyue Sun and
                  Jiazheng Li and
                  Gabriele Pergola and
                  Byron C. Wallace and
                  Bino John and
                  Nigel Greene and
                  Joseph Kim and
                  Yulan He},
  editor       = {Yoav Goldberg and
                  Zornitsa Kozareva and
                  Yue Zhang},
  title        = {{PHEE:} {A} Dataset for Pharmacovigilance Event Extraction from Text},
  booktitle    = {Proceedings of the 2022 Conference on Empirical Methods in Natural
                  Language Processing, {EMNLP} 2022, Abu Dhabi, United Arab Emirates,
                  December 7-11, 2022},
  pages        = {5571--5587},
  publisher    = {Association for Computational Linguistics},
  year         = {2022},
  url          = {https://doi.org/10.18653/v1/2022.emnlp-main.376},
  doi          = {10.18653/V1/2022.EMNLP-MAIN.376},
  timestamp    = {Thu, 10 Aug 2023 12:35:30 +0200},
  biburl       = {https://dblp.org/rec/conf/emnlp/Sun0PWJGK022.bib},
  bibsource    = {dblp computer science bibliography, https://dblp.org}
}

@inproceedings{DBLP:resume-ner,
  author       = {Yue Zhang and
                  Jie Yang},
  editor       = {Iryna Gurevych and
                  Yusuke Miyao},
  title        = {Chinese {NER} Using Lattice {LSTM}},
  booktitle    = {Proceedings of the 56th Annual Meeting of the Association for Computational
                  Linguistics, {ACL} 2018, Melbourne, Australia, July 15-20, 2018, Volume
                  1: Long Papers},
  pages        = {1554--1564},
  publisher    = {Association for Computational Linguistics},
  year         = {2018},
  url          = {https://aclanthology.org/P18-1144/},
  doi          = {10.18653/V1/P18-1144},
  timestamp    = {Fri, 06 Aug 2021 00:40:59 +0200},
  biburl       = {https://dblp.org/rec/conf/acl/ZhangY18.bib},
  bibsource    = {dblp computer science bibliography, https://dblp.org}
}

@inproceedings{DBLP:SciERC,
  author       = {Yi Luan and
                  Luheng He and
                  Mari Ostendorf and
                  Hannaneh Hajishirzi},
  editor       = {Ellen Riloff and
                  David Chiang and
                  Julia Hockenmaier and
                  Jun'ichi Tsujii},
  title        = {Multi-Task Identification of Entities, Relations, and Coreference
                  for Scientific Knowledge Graph Construction},
  booktitle    = {Proceedings of the 2018 Conference on Empirical Methods in Natural
                  Language Processing, Brussels, Belgium, October 31 - November 4, 2018},
  pages        = {3219--3232},
  publisher    = {Association for Computational Linguistics},
  year         = {2018},
  url          = {https://doi.org/10.18653/v1/d18-1360},
  doi          = {10.18653/V1/D18-1360},
  timestamp    = {Thu, 25 Apr 2024 15:20:37 +0200},
  biburl       = {https://dblp.org/rec/conf/emnlp/LuanHOH18.bib},
  bibsource    = {dblp computer science bibliography, https://dblp.org}
}

@misc{DBLP:THUCNews,
  author       = {Maosong Sun},
  title        = {weibo{\_}senti{\_}100k and THUCNews},
  publisher    = {{IEEE} DataPort},
  year         = {2022},
  month        = jul,
  howpublished = {\url{https://doi.org/10.21227/abj8-y636}},
  note         = {Accessed on YYYY-MM-DD.},
  url          = {https://doi.org/10.21227/abj8-y636},
  doi          = {10.21227/ABJ8-Y636},
  timestamp    = {Tue, 18 Jun 2024 10:47:21 +0200},
  biburl       = {https://dblp.org/rec/data/10/Sun22a.bib},
  bibsource    = {dblp computer science bibliography, https://dblp.org}
}

@inproceedings{DBLP:title2event,
  author       = {Haolin Deng and
                  Yanan Zhang and
                  Yangfan Zhang and
                  Wangyang Ying and
                  Changlong Yu and
                  Jun Gao and
                  Wei Wang and
                  Xiaoling Bai and
                  Nan Yang and
                  Jin Ma and
                  Xiang Chen and
                  Tianhua Zhou},
  editor       = {Yoav Goldberg and
                  Zornitsa Kozareva and
                  Yue Zhang},
  title        = {Title2Event: Benchmarking Open Event Extraction with a Large-scale
                  Chinese Title Dataset},
  booktitle    = {Proceedings of the 2022 Conference on Empirical Methods in Natural
                  Language Processing, {EMNLP} 2022, Abu Dhabi, United Arab Emirates,
                  December 7-11, 2022},
  pages        = {6511--6524},
  publisher    = {Association for Computational Linguistics},
  year         = {2022},
  url          = {https://doi.org/10.18653/v1/2022.emnlp-main.437},
  doi          = {10.18653/V1/2022.EMNLP-MAIN.437},
  timestamp    = {Fri, 08 Mar 2024 17:35:43 +0100},
  biburl       = {https://dblp.org/rec/conf/emnlp/DengZZYYGWBYMCZ22.bib},
  bibsource    = {dblp computer science bibliography, https://dblp.org}
}


@inproceedings{DBLP:UniNER:,
  author       = {Wenxuan Zhou and
                  Sheng Zhang and
                  Yu Gu and
                  Muhao Chen and
                  Hoifung Poon},
  title        = {UniversalNER: Targeted Distillation from Large Language Models for
                  Open Named Entity Recognition},
  booktitle    = {The Twelfth International Conference on Learning Representations,
                  {ICLR} 2024, Vienna, Austria, May 7-11, 2024},
  publisher    = {OpenReview.net},
  year         = {2024},
  url          = {https://openreview.net/forum?id=r65xfUb76p},
  timestamp    = {Wed, 07 Aug 2024 17:11:53 +0200},
  biburl       = {https://dblp.org/rec/conf/iclr/Zhou00CP24.bib},
  bibsource    = {dblp computer science bibliography, https://dblp.org}
}

@article{DBLP:COIG-CQIA,
  author       = {Yuelin Bai and
                  Xinrun Du and
                  Yiming Liang and
                  Yonggang Jin and
                  Ziqiang Liu and
                  Junting Zhou and
                  Tianyu Zheng and
                  Xincheng Zhang and
                  Nuo Ma and
                  Zekun Wang and
                  Ruibin Yuan and
                  Haihong Wu and
                  Hongquan Lin and
                  Wenhao Huang and
                  Jiajun Zhang and
                  Wenhu Chen and
                  Chenghua Lin and
                  Jie Fu and
                  Min Yang and
                  Shiwen Ni and
                  Ge Zhang},
  title        = {{COIG-CQIA:} Quality is All You Need for Chinese Instruction Fine-tuning},
  journal      = {CoRR},
  volume       = {abs/2403.18058},
  year         = {2024},
  url          = {https://doi.org/10.48550/arXiv.2403.18058},
  doi          = {10.48550/ARXIV.2403.18058},
  eprinttype    = {arXiv},
  eprint       = {2403.18058},
  timestamp    = {Thu, 20 Jun 2024 12:26:13 +0200},
  biburl       = {https://dblp.org/rec/journals/corr/abs-2403-18058.bib},
  bibsource    = {dblp computer science bibliography, https://dblp.org}
}

@article{DBLP:semval-RE,
  author       = {Nedjma Ousidhoum and
                  Shamsuddeen Hassan Muhammad and
                  Mohamed Abdalla and
                  Idris Abdulmumin and
                  Ibrahim Said Ahmad and
                  Sanchit Ahuja and
                  Alham Fikri Aji and
                  Vladimir Araujo and
                  Meriem Beloucif and
                  Christine de Kock and
                  Oumaima Hourrane and
                  Manish Shrivastava and
                  Thamar Solorio and
                  Nirmal Surange and
                  Krishnapriya Vishnubhotla and
                  Seid Muhie Yimam and
                  Saif M. Mohammad},
  title        = {SemEval Task 1: Semantic Textual Relatedness for African and Asian
                  Languages},
  journal      = {CoRR},
  volume       = {abs/2403.18933},
  year         = {2024},
  url          = {https://doi.org/10.48550/arXiv.2403.18933},
  doi          = {10.48550/ARXIV.2403.18933},
  eprinttype    = {arXiv},
  eprint       = {2403.18933},
  timestamp    = {Wed, 10 Apr 2024 17:37:45 +0200},
  biburl       = {https://dblp.org/rec/journals/corr/abs-2403-18933.bib},
  bibsource    = {dblp computer science bibliography, https://dblp.org}
}

@inproceedings{DBLP:Self-Instruct,
  author       = {Yizhong Wang and
                  Yeganeh Kordi and
                  Swaroop Mishra and
                  Alisa Liu and
                  Noah A. Smith and
                  Daniel Khashabi and
                  Hannaneh Hajishirzi},
  editor       = {Anna Rogers and
                  Jordan L. Boyd{-}Graber and
                  Naoaki Okazaki},
  title        = {Self-Instruct: Aligning Language Models with Self-Generated Instructions},
  booktitle    = {Proceedings of the 61st Annual Meeting of the Association for Computational
                  Linguistics (Volume 1: Long Papers), {ACL} 2023, Toronto, Canada,
                  July 9-14, 2023},
  pages        = {13484--13508},
  publisher    = {Association for Computational Linguistics},
  year         = {2023},
  url          = {https://doi.org/10.18653/v1/2023.acl-long.754},
  doi          = {10.18653/V1/2023.ACL-LONG.754},
  timestamp    = {Thu, 10 Aug 2023 12:35:44 +0200},
  biburl       = {https://dblp.org/rec/conf/acl/WangKMLSKH23.bib},
  bibsource    = {dblp computer science bibliography, https://dblp.org}
}

@article{DBLP:GLAN,
  author       = {Haoran Li and
                  Qingxiu Dong and
                  Zhengyang Tang and
                  Chaojun Wang and
                  Xingxing Zhang and
                  Haoyang Huang and
                  Shaohan Huang and
                  Xiaolong Huang and
                  Zeqiang Huang and
                  Dongdong Zhang and
                  Yuxian Gu and
                  Xin Cheng and
                  Xun Wang and
                  Si{-}Qing Chen and
                  Li Dong and
                  Wei Lu and
                  Zhifang Sui and
                  Benyou Wang and
                  Wai Lam and
                  Furu Wei},
  title        = {Synthetic Data (Almost) from Scratch: Generalized Instruction Tuning
                  for Language Models},
  journal      = {CoRR},
  volume       = {abs/2402.13064},
  year         = {2024},
  url          = {https://doi.org/10.48550/arXiv.2402.13064},
  doi          = {10.48550/ARXIV.2402.13064},
  eprinttype    = {arXiv},
  eprint       = {2402.13064},
  timestamp    = {Wed, 24 Jul 2024 21:43:17 +0200},
  biburl       = {https://dblp.org/rec/journals/corr/abs-2402-13064.bib},
  bibsource    = {dblp computer science bibliography, https://dblp.org}
}

@article{DBLP:AUTOIF,
  author       = {Guanting Dong and
                  Keming Lu and
                  Chengpeng Li and
                  Tingyu Xia and
                  Bowen Yu and
                  Chang Zhou and
                  Jingren Zhou},
  title        = {Self-play with Execution Feedback: Improving Instruction-following
                  Capabilities of Large Language Models},
  journal      = {CoRR},
  volume       = {abs/2406.13542},
  year         = {2024},
  url          = {https://doi.org/10.48550/arXiv.2406.13542},
  doi          = {10.48550/ARXIV.2406.13542},
  eprinttype    = {arXiv},
  eprint       = {2406.13542},
  timestamp    = {Fri, 12 Jul 2024 19:38:47 +0200},
  biburl       = {https://dblp.org/rec/journals/corr/abs-2406-13542.bib},
  bibsource    = {dblp computer science bibliography, https://dblp.org}
}

@inproceedings{DBLP:CodeIE,
  author       = {Peng Li and
                  Tianxiang Sun and
                  Qiong Tang and
                  Hang Yan and
                  Yuanbin Wu and
                  Xuanjing Huang and
                  Xipeng Qiu},
  editor       = {Anna Rogers and
                  Jordan L. Boyd{-}Graber and
                  Naoaki Okazaki},
  title        = {CodeIE: Large Code Generation Models are Better Few-Shot Information
                  Extractors},
  booktitle    = {Proceedings of the 61st Annual Meeting of the Association for Computational
                  Linguistics (Volume 1: Long Papers), {ACL} 2023, Toronto, Canada,
                  July 9-14, 2023},
  pages        = {15339--15353},
  publisher    = {Association for Computational Linguistics},
  year         = {2023},
  url          = {https://doi.org/10.18653/v1/2023.acl-long.855},
  doi          = {10.18653/V1/2023.ACL-LONG.855},
  timestamp    = {Fri, 16 Feb 2024 08:27:36 +0100},
  biburl       = {https://dblp.org/rec/conf/acl/LiSTYWHQ23.bib},
  bibsource    = {dblp computer science bibliography, https://dblp.org}
}

@article{DBLP:ADELIE,
  author       = {Yunjia Qi and
                  Hao Peng and
                  Xiaozhi Wang and
                  Bin Xu and
                  Lei Hou and
                  Juanzi Li},
  title        = {{ADELIE:} Aligning Large Language Models on Information Extraction},
  journal      = {CoRR},
  volume       = {abs/2405.05008},
  year         = {2024},
  url          = {https://doi.org/10.48550/arXiv.2405.05008},
  doi          = {10.48550/ARXIV.2405.05008},
  eprinttype    = {arXiv},
  eprint       = {2405.05008},
  timestamp    = {Thu, 13 Jun 2024 21:49:41 +0200},
  biburl       = {https://dblp.org/rec/journals/corr/abs-2405-05008.bib},
  bibsource    = {dblp computer science bibliography, https://dblp.org}
}