@article{DBLP:ADELIE,
  author       = {Yunjia Qi and
                  Hao Peng and
                  Xiaozhi Wang and
                  Bin Xu and
                  Lei Hou and
                  Juanzi Li},
  title        = {{ADELIE:} Aligning Large Language Models on Information Extraction},
  journal      = {CoRR},
  volume       = {abs/2405.05008},
  year         = {2024},
  url          = {https://doi.org/10.48550/arXiv.2405.05008},
  doi          = {10.48550/ARXIV.2405.05008},
  eprinttype    = {arXiv},
  eprint       = {2405.05008},
  timestamp    = {Thu, 13 Jun 2024 21:49:41 +0200},
  biburl       = {https://dblp.org/rec/journals/corr/abs-2405-05008.bib},
  bibsource    = {dblp computer science bibliography, https://dblp.org}
}

@article{DBLP:AUTOIF,
  author       = {Guanting Dong and
                  Keming Lu and
                  Chengpeng Li and
                  Tingyu Xia and
                  Bowen Yu and
                  Chang Zhou and
                  Jingren Zhou},
  title        = {Self-play with Execution Feedback: Improving Instruction-following
                  Capabilities of Large Language Models},
  journal      = {CoRR},
  volume       = {abs/2406.13542},
  year         = {2024},
  url          = {https://doi.org/10.48550/arXiv.2406.13542},
  doi          = {10.48550/ARXIV.2406.13542},
  eprinttype    = {arXiv},
  eprint       = {2406.13542},
  timestamp    = {Fri, 12 Jul 2024 19:38:47 +0200},
  biburl       = {https://dblp.org/rec/journals/corr/abs-2406-13542.bib},
  bibsource    = {dblp computer science bibliography, https://dblp.org}
}

@article{DBLP:AdaptLLM,
  author       = {Daixuan Cheng and
                  Shaohan Huang and
                  Furu Wei},
  title        = {Adapting Large Language Models via Reading Comprehension},
  journal      = {CoRR},
  volume       = {abs/2309.09530},
  year         = {2023},
  url          = {https://doi.org/10.48550/arXiv.2309.09530},
  doi          = {10.48550/ARXIV.2309.09530},
  eprinttype    = {arXiv},
  eprint       = {2309.09530},
  timestamp    = {Fri, 22 Sep 2023 12:57:22 +0200},
  biburl       = {https://dblp.org/rec/journals/corr/abs-2309-09530.bib},
  bibsource    = {dblp computer science bibliography, https://dblp.org}
}

@inproceedings{DBLP:GARP,
  author       = {Xiaofei Sun and
                  Xiaoya Li and
                  Jiwei Li and
                  Fei Wu and
                  Shangwei Guo and
                  Tianwei Zhang and
                  Guoyin Wang},
  editor       = {Houda Bouamor and
                  Juan Pino and
                  Kalika Bali},
  title        = {Text Classification via Large Language Models},
  booktitle    = {Findings of the Association for Computational Linguistics: {EMNLP}
                  2023, Singapore, December 6-10, 2023},
  pages        = {8990--9005},
  publisher    = {Association for Computational Linguistics},
  year         = {2023},
  url          = {https://doi.org/10.18653/v1/2023.findings-emnlp.603},
  doi          = {10.18653/V1/2023.FINDINGS-EMNLP.603},
  timestamp    = {Thu, 11 Jul 2024 20:24:46 +0200},
  biburl       = {https://dblp.org/rec/conf/emnlp/SunL0WGZ023.bib},
  bibsource    = {dblp computer science bibliography, https://dblp.org}
}

@article{DBLP:GLAN,
  author       = {Haoran Li and
                  Qingxiu Dong and
                  Zhengyang Tang and
                  Chaojun Wang and
                  Xingxing Zhang and
                  Haoyang Huang and
                  Shaohan Huang and
                  Xiaolong Huang and
                  Zeqiang Huang and
                  Dongdong Zhang and
                  Yuxian Gu and
                  Xin Cheng and
                  Xun Wang and
                  Si{-}Qing Chen and
                  Li Dong and
                  Wei Lu and
                  Zhifang Sui and
                  Benyou Wang and
                  Wai Lam and
                  Furu Wei},
  title        = {Synthetic Data (Almost) from Scratch: Generalized Instruction Tuning
                  for Language Models},
  journal      = {CoRR},
  volume       = {abs/2402.13064},
  year         = {2024},
  url          = {https://doi.org/10.48550/arXiv.2402.13064},
  doi          = {10.48550/ARXIV.2402.13064},
  eprinttype    = {arXiv},
  eprint       = {2402.13064},
  timestamp    = {Wed, 24 Jul 2024 21:43:17 +0200},
  biburl       = {https://dblp.org/rec/journals/corr/abs-2402-13064.bib},
  bibsource    = {dblp computer science bibliography, https://dblp.org}
}

@article{DBLP:GoLLIE,
  author       = {Oscar Sainz and
                  Iker Garc{\'{\i}}a{-}Ferrero and
                  Rodrigo Agerri and
                  Oier Lopez de Lacalle and
                  German Rigau and
                  Eneko Agirre},
  title        = {GoLLIE: Annotation Guidelines improve Zero-Shot Information-Extraction},
  journal      = {CoRR},
  volume       = {abs/2310.03668},
  year         = {2023},
  url          = {https://doi.org/10.48550/arXiv.2310.03668},
  doi          = {10.48550/ARXIV.2310.03668},
  eprinttype    = {arXiv},
  eprint       = {2310.03668},
  timestamp    = {Thu, 19 Oct 2023 01:00:00 +0200},
  biburl       = {https://dblp.org/rec/journals/corr/abs-2310-03668.bib},
  bibsource    = {dblp computer science bibliography, https://dblp.org}
}

@article{DBLP:InstructPT,
  author       = {Daixuan Cheng and
                  Yuxian Gu and
                  Shaohan Huang and
                  Junyu Bi and
                  Minlie Huang and
                  Furu Wei},
  title        = {Instruction Pre-Training: Language Models are Supervised Multitask
                  Learners},
  journal      = {CoRR},
  volume       = {abs/2406.14491},
  year         = {2024},
  url          = {https://doi.org/10.48550/arXiv.2406.14491},
  doi          = {10.48550/ARXIV.2406.14491},
  eprinttype    = {arXiv},
  eprint       = {2406.14491},
  timestamp    = {Tue, 16 Jul 2024 16:17:50 +0200},
  biburl       = {https://dblp.org/rec/journals/corr/abs-2406-14491.bib},
  bibsource    = {dblp computer science bibliography, https://dblp.org}
}

@article{DBLP:InstructUIE,
  author       = {Xiao Wang and
                  Weikang Zhou and
                  Can Zu and
                  Han Xia and
                  Tianze Chen and
                  Yuansen Zhang and
                  Rui Zheng and
                  Junjie Ye and
                  Qi Zhang and
                  Tao Gui and
                  Jihua Kang and
                  Jingsheng Yang and
                  Siyuan Li and
                  Chunsai Du},
  title        = {InstructUIE: Multi-task Instruction Tuning for Unified Information
                  Extraction},
  journal      = {CoRR},
  volume       = {abs/2304.08085},
  year         = {2023},
  url          = {https://doi.org/10.48550/arXiv.2304.08085},
  doi          = {10.48550/ARXIV.2304.08085},
  eprinttype    = {arXiv},
  eprint       = {2304.08085},
  timestamp    = {Tue, 12 Dec 2023 09:48:31 +0100},
  biburl       = {https://dblp.org/rec/journals/corr/abs-2304-08085.bib},
  bibsource    = {dblp computer science bibliography, https://dblp.org}
}

@article{DBLP:MAGPIE,
  author       = {Zhangchen Xu and
                  Fengqing Jiang and
                  Luyao Niu and
                  Yuntian Deng and
                  Radha Poovendran and
                  Yejin Choi and
                  Bill Yuchen Lin},
  title        = {Magpie: Alignment Data Synthesis from Scratch by Prompting Aligned
                  LLMs with Nothing},
  journal      = {CoRR},
  volume       = {abs/2406.08464},
  year         = {2024},
  url          = {https://doi.org/10.48550/arXiv.2406.08464},
  doi          = {10.48550/ARXIV.2406.08464},
  eprinttype    = {arXiv},
  eprint       = {2406.08464},
  timestamp    = {Tue, 09 Jul 2024 17:23:21 +0200},
  biburl       = {https://dblp.org/rec/journals/corr/abs-2406-08464.bib},
  bibsource    = {dblp computer science bibliography, https://dblp.org}
}

@article{DBLP:OneKE,
  author       = {Honghao Gui and
                  Lin Yuan and
                  Hongbin Ye and
                  Ningyu Zhang and
                  Mengshu Sun and
                  Lei Liang and
                  Huajun Chen},
  title        = {IEPile: Unearthing Large-Scale Schema-Based Information Extraction
                  Corpus},
  journal      = {CoRR},
  volume       = {abs/2402.14710},
  year         = {2024},
  url          = {https://doi.org/10.48550/arXiv.2402.14710},
  doi          = {10.48550/ARXIV.2402.14710},
  eprinttype    = {arXiv},
  eprint       = {2402.14710},
  timestamp    = {Tue, 09 Apr 2024 07:32:43 +0200},
  biburl       = {https://dblp.org/rec/journals/corr/abs-2402-14710.bib},
  bibsource    = {dblp computer science bibliography, https://dblp.org}
}

@inproceedings{DBLP:Self-Instruct,
  author       = {Yizhong Wang and
                  Yeganeh Kordi and
                  Swaroop Mishra and
                  Alisa Liu and
                  Noah A. Smith and
                  Daniel Khashabi and
                  Hannaneh Hajishirzi},
  editor       = {Anna Rogers and
                  Jordan L. Boyd{-}Graber and
                  Naoaki Okazaki},
  title        = {Self-Instruct: Aligning Language Models with Self-Generated Instructions},
  booktitle    = {Proceedings of the 61st Annual Meeting of the Association for Computational
                  Linguistics (Volume 1: Long Papers), {ACL} 2023, Toronto, Canada,
                  July 9-14, 2023},
  pages        = {13484--13508},
  publisher    = {Association for Computational Linguistics},
  year         = {2023},
  url          = {https://doi.org/10.18653/v1/2023.acl-long.754},
  doi          = {10.18653/V1/2023.ACL-LONG.754},
  timestamp    = {Thu, 10 Aug 2023 12:35:44 +0200},
  biburl       = {https://dblp.org/rec/conf/acl/WangKMLSKH23.bib},
  bibsource    = {dblp computer science bibliography, https://dblp.org}
}

@inproceedings{DBLP:UIE,
  author       = {Yaojie Lu and
                  Qing Liu and
                  Dai Dai and
                  Xinyan Xiao and
                  Hongyu Lin and
                  Xianpei Han and
                  Le Sun and
                  Hua Wu},
  editor       = {Smaranda Muresan and
                  Preslav Nakov and
                  Aline Villavicencio},
  title        = {Unified Structure Generation for Universal Information Extraction},
  booktitle    = {Proceedings of the 60th Annual Meeting of the Association for Computational
                  Linguistics (Volume 1: Long Papers), {ACL} 2022, Dublin, Ireland,
                  May 22-27, 2022},
  pages        = {5755--5772},
  publisher    = {Association for Computational Linguistics},
  year         = {2022},
  url          = {https://doi.org/10.18653/v1/2022.acl-long.395},
  doi          = {10.18653/V1/2022.ACL-LONG.395},
  timestamp    = {Tue, 10 Jan 2023 14:13:52 +0100},
  biburl       = {https://dblp.org/rec/conf/acl/0001LDXLHSW22.bib},
  bibsource    = {dblp computer science bibliography, https://dblp.org}
}

@article{DBLP:WizardLM,
  author       = {Weihao Zeng and
                  Can Xu and
                  Yingxiu Zhao and
                  Jian{-}Guang Lou and
                  Weizhu Chen},
  title        = {Automatic Instruction Evolving for Large Language Models},
  journal      = {CoRR},
  volume       = {abs/2406.00770},
  year         = {2024},
  url          = {https://doi.org/10.48550/arXiv.2406.00770},
  doi          = {10.48550/ARXIV.2406.00770},
  eprinttype    = {arXiv},
  eprint       = {2406.00770},
  timestamp    = {Thu, 04 Jul 2024 12:24:28 +0200},
  biburl       = {https://dblp.org/rec/journals/corr/abs-2406-00770.bib},
  bibsource    = {dblp computer science bibliography, https://dblp.org}
}

@article{DBLP:yayiuie,
  author       = {Xinglin Xiao and
                  Yijie Wang and
                  Nan Xu and
                  Yuqi Wang and
                  Hanxuan Yang and
                  Minzheng Wang and
                  Yin Luo and
                  Lei Wang and
                  Wenji Mao and
                  Daniel Zeng},
  title        = {{YAYI-UIE:} {A} Chat-Enhanced Instruction Tuning Framework for Universal
                  Information Extraction},
  journal      = {CoRR},
  volume       = {abs/2312.15548},
  year         = {2023},
  url          = {https://doi.org/10.48550/arXiv.2312.15548},
  doi          = {10.48550/ARXIV.2312.15548},
  eprinttype    = {arXiv},
  eprint       = {2312.15548},
  timestamp    = {Tue, 16 Jan 2024 13:55:54 +0100},
  biburl       = {https://dblp.org/rec/journals/corr/abs-2312-15548.bib},
  bibsource    = {dblp computer science bibliography, https://dblp.org}
}

@article{DBLP:zeroshotTC,
  author       = {Zhiqiang Wang and
                  Yiran Pang and
                  Yanbin Lin},
  title        = {Large Language Models Are Zero-Shot Text Classifiers},
  journal      = {CoRR},
  volume       = {abs/2312.01044},
  year         = {2023},
  url          = {https://doi.org/10.48550/arXiv.2312.01044},
  doi          = {10.48550/ARXIV.2312.01044},
  eprinttype    = {arXiv},
  eprint       = {2312.01044},
  timestamp    = {Fri, 08 Dec 2023 11:22:03 +0100},
  biburl       = {https://dblp.org/rec/journals/corr/abs-2312-01044.bib},
  bibsource    = {dblp computer science bibliography, https://dblp.org}
}

@misc{llama3.1,
      title={The Llama 3 Herd of Models}, 
      author={Abhimanyu Dubey and Abhinav Jauhri and Abhinav Pandey and Abhishek Kadian and Ahmad Al-Dahle and Aiesha Letman and Akhil Mathur and Alan Schelten and Amy Yang and Angela Fan and Anirudh Goyal and Anthony Hartshorn and Aobo Yang and Archi Mitra and Archie Sravankumar and Artem Korenev and Arthur Hinsvark and Arun Rao and Aston Zhang and others},
      year={2024},
      eprint={2407.21783},
      archivePrefix={arXiv},
      primaryClass={cs.AI},
      url={https://arxiv.org/abs/2407.21783}, 
}

@misc{qwen2,
      title={Qwen2 Technical Report}, 
      author={An Yang and Baosong Yang and Binyuan Hui and Bo Zheng and Bowen Yu and Chang Zhou and Chengpeng Li and Chengyuan Li and Dayiheng Liu and Fei Huang and Guanting Dong and Haoran Wei and Huan Lin and Jialong Tang and Jialin Wang and Jian Yang and Jianhong Tu and Jianwei Zhang and Jianxin Ma and Jianxin Yang and Jin Xu and Jingren Zhou and Jinze Bai and Jinzheng He and Junyang Lin and Kai Dang and Keming Lu and Keqin Chen and Kexin Yang and Mei Li and Mingfeng Xue and Na Ni and Pei Zhang and Peng Wang and Ru Peng and Rui Men and Ruize Gao and Runji Lin and Shijie Wang and Shuai Bai and Sinan Tan and Tianhang Zhu and Tianhao Li and Tianyu Liu and Wenbin Ge and Xiaodong Deng and Xiaohuan Zhou and Xingzhang Ren and Xinyu Zhang and Xipin Wei and Xuancheng Ren and Xuejing Liu and Yang Fan and Yang Yao and Yichang Zhang and Yu Wan and Yunfei Chu and Yuqiong Liu and Zeyu Cui and Zhenru Zhang and Zhifang Guo and Zhihao Fan},
      year={2024},
      eprint={2407.10671},
      archivePrefix={arXiv},
      primaryClass={cs.CL},
      url={https://arxiv.org/abs/2407.10671}, 
}

