@string{TIT = {IEEE Trans. Inform. Theory}}
 @string{SPL = {IEEE Signal Processing Lett.}}
@string{TASSP = {IEEE Trans. Acoust., Speech, Signal Processing}}
 @string{SIAMMat = {SIAM J. Matrix Anal. Appl.}}
@string{TC = {IEEE Trans. Commun.}}
@string{TCS = {IEEE Trans. Circuits Syst. I}}
@string{TSP = "IEEE Trans. Sig. Proc."}
@string{TSG = "IEEE Trans. Smart Grids"}
@string{JMLR = "J. Machine Learning Res."}
@string{JSTSP = "IEEE J. Sel. Topics Sig. Proc."}
@string{JSAC = "IEEE J. Sel. Areas Commun."}
@string{TWC = "IEEE Trans. Wireless Commun."}
@string{TVT = "IEEE Trans. Veh. Technol."}
@string{SPM = "IEEE Sig. Proc. Mag."}
@string{TIT = "IEEE Trans. Info. Theory"}
@string{TMC = "IEEE Trans. Mobile Comput."}
@string{PIEEE = "Proc. IEEE"}
@string{NIPS = "Proc. Advances in Neural Info. Process. Syst."}
@string{ICML= "Proc. Intl. Conf. Machine Learn."}

@article{li2018tit,
  title={A fundamental tradeoff between computation and communication in distributed computing},
  author={Li, Songze and Maddah-Ali, Mohammad Ali and Yu, Qian and Avestimehr, A Salman},
  journal=TIT,
  volume={64},
  number={1},
  pages={109--128},
  year={2018},
  month=jan
}

@article{lee2018tit,
  title={Speeding up distributed machine learning using codes},
  author={Lee, Kangwook and Lam, Maximilian and Pedarsani, Ramtin and Papailiopoulos, Dimitris and Ramchandran, Kannan},
  journal=TIT,
  volume={64},
  number={3},
  pages={1514--1529},
  year={2018},
  month=mar
}

@article{yang2020twc,
  title={Federated learning via over-the-air computation},
  author={Yang, Kai and Jiang, Tao and Shi, Yuanming and Ding, Zhi},
  journal=TWC,
  volume={19},
  number={3},
  pages={2022 - 2035},
  year={2020},
  month=mar
}

@article{chen2020feb,
  title={{VAFL:} a Method of Vertical Asynchronous Federated Learning},
  author={Chen, Tianyi and Jin, Xiao and Sun, Yuejiao and Yin, Wotao},
  url={https://github.com/sunyuejiao/vafl/blob/master/vafl.pdf},
  year={2020},
  month=feb
}

@article{wen2019nov,
  title={An Overview of Data-Importance Aware Radio Resource Management for Edge Machine Learning},
  author={Wen, Dingzhu and Li, Xiaoyang and Zeng, Qunsong and Ren, Jinke and Huang, Kaibin},
  journal={arXiv preprint:1911.03878},
  year={2019},
  month=nov
}

@article{zhu2020comg,
  title={Toward an Intelligent Edge: Wireless Communication Meets Machine Learning},
  author={Zhu, Guangxu and Liu, Dongzhu and Du, Yuqing and You, Changsheng and Zhang, Jun and Huang, Kaibin},
  journal={IEEE Commun. Mag.},
  volume={58},
  number={1},
  pages={19--25},
  year={2020},
  month=jan
}

@article{cao2019jun,
  title={Optimal Power Control for Over-the-Air Computation in Fading Channels},
  author={Cao, Xiaowen and Zhu, Guangxu and Xu, Jie and Huang, Kaibin},
  journal={arXiv preprint:1906.06858},
  year={2019},
  month=jun
}

@article{chen2019sept,
  title={A joint learning and communications framework for federated learning over wireless networks},
  author={Chen, Mingzhe and Yang, Zhaohui and Saad, Walid and Yin, Changchuan and Poor, H Vincent and Cui, Shuguang},
  journal={arXiv preprint:1909.07972},
  year={2019},
  month=sep
}

@article{wang2019jsac,
  title={Adaptive federated learning in resource constrained edge computing systems},
  author={Wang, Shiqiang and Tuor, Tiffany and Salonidis, Theodoros and Leung, Kin K and Makaya, Christian and He, Ting and Chan, Kevin},
  journal=JSAC,
  volume={37},
  number={6},
  pages={1205--1221},
  year={2019},
  month=jun
}

@article{zeng2019,
  title={Energy-efficient radio resource allocation for federated edge learning},
  author={Zeng, Qunsong and Du, Yuqing and Leung, Kin K and Huang, Kaibin},
  journal={arXiv preprint:1907.06040},
  month=jul,
  year={2019}
}

@inproceedings{li2019,
  title={Bandit online learning with unknown delays},
  author={Li, Bingcong and Chen, Tianyi and Giannakis, Georgios B},
  booktitle={Proc. Intl. Conf. Artificial Intell. and Stat.},
  pages={993--1002},
  address={Naha, Japan},
  month=apr,
  year={2019}
}

@article{chen2018drl,
  title={Communication-Efficient Distributed Reinforcement Learning},
  author={Chen, Tianyi and Zhang, Kaiqing and Giannakis, Georgios B and Ba{\c{s}}ar, Tamer},
  journal={arXiv preprint:1812.03239},
  year={2018},
  month=dec
}

@inproceedings{Sakaguchi2018,
  title={Cooperative perception realized by millimeter-wave V2V for safe automated driving,},
  author={K. Sakaguchi and R. Fukatsu},
  booktitle={Proc. Asia-Pacific Microwave Conference},
  month=Nov,
  address={Kyoto, Japan},
  year={2018}
}

@inproceedings{lowe2017nips,
  title={Multi-agent actor-critic for mixed cooperative-competitive environments},
  author={Lowe, Ryan and Wu, Yi and Tamar, Aviv and Harb, Jean and Abbeel, OpenAI Pieter and Mordatch, Igor},
  booktitle=NIPS,
  pages={6379--6390},
  month=Dec,
  address={Long Beach, CA},
  year={2017}
}

@article{bastug2017vr,
  title={Toward interconnected virtual reality: Opportunities, challenges, and enablers},
  author={Bastug, Ejder and Bennis, Mehdi and M{\'e}dard, Muriel and Debbah, M{\'e}rouane},
  journal={IEEE Commun. Mag.},
  volume={55},
  number={6},
  pages={110--117},
  year={2017},
  month=jun
}

@book{liang2017mobile,
  title={Mobile Edge Computing},
  author={Liang, Ben},
  year={2017},  
  address={Cambridge, UK},
  publisher={Cambridge University Press}
}

@misc{ioeweb,
title = {White Paper: {A} New Approach to {IoT} Security},
year = {2015},
url = {www.pubnub.com/blog/2015-06-29-white-paper-a-new-approach-to-iot-security/},
month = jun
}

@Inproceedings{zhang18icml,
  title = 	 {Fully Decentralized Multi-Agent Reinforcement Learning with Networked Agents},
  author = 	 {Zhang, Kaiqing and Yang, Zhuoran and Liu, Han and Zhang, Tong and Basar, Tamer},
  booktitle = 	ICML,
  pages = 	 {5872--5881},
  year = 	 {2018},
  address = 	 {Stockholm, Sweden},
  month = 	 July
}

@inproceedings{smith2017,
  title={Federated Multi-Task Learning},
  author={Smith, Virginia and Chiang, Chao-Kai and Sanjabi, Maziar and Talwalkar, Ameet S},
  booktitle={Proc. Advances in Neural Info. Process. Syst.},
  pages={4427--4437},
  month=Dec,
  address={Long Beach, CA},
  year={2017}
}


@article{mcmahan2017blog,
  title={Federated learning: Collaborative machine learning without centralized training data},
  author={McMahan, Brendan and Ramage, Daniel},
  journal={Google Research Blog},
  year={2017},
  url={https://research.googleblog.com/2017/04/federated-learning-collaborative.html},
  month=Apr
}

 
@article{sun2017tit,
  title={Update or wait: How to keep your data fresh},
  author={Sun, Yin and Uysal-Biyikoglu, Elif and Yates, Roy D and Koksal, C Emre and Shroff, Ness B},
  journal=TIT,
  volume={63},
  number={11},
  pages={7492--7508},
  year={2017},
  month=nov
}

@article{costa2016tit,
  title={On the age of information in status update systems with packet management},
  author={Costa, Maice and Codreanu, Marian and Ephremides, Anthony},
  journal=TIT,
  volume={62},
  number={4},
  pages={1897--1910},
  year={2016},
  month=apr
}

@inproceedings{kaul2012info,
  title={Real-time status: How often should one update?},
  author={Kaul, Sanjit and Yates, Roy and Gruteser, Marco},
  booktitle={Proc. INFOCOM},
  pages={2731--2735},
  year={2012},
  month=Mar,
  address={Orlando, FL}
}

@article{wu2018twc,
  title={Joint trajectory and communication design for multi-UAV enabled wireless networks},
  author={Wu, Qingqing and Zeng, Yong and Zhang, Rui},
  journal=TWC,
  volume={17},
  number={3},
  pages={2109--2121},
  year={2018},
  month=mar
}

@article{zeng2017twc,
  title={Energy-efficient UAV communication with trajectory optimization},
  author={Zeng, Yong and Zhang, Rui},
  journal=TWC,
  volume={16},
  number={6},
  pages={3747--3760},
  year={2017}
}

@Inproceedings{zhang18cdc,
  title = 	 {Networked multi-agent reinforcement learning in continuous spaces},
  author = 	 {Zhang, Kaiqing and Yang, Zhuoran and Basar, Tamer},
  booktitle = 	{Proc. IEEE Conf. Decision and Control},
  pages = 	 {5872--5881},
  year = 	 {2018},
  address = 	 {Miami, FL},
  month = 	Dec
}

@article{firoiu2002,
  title={Theories and models for internet quality of service},
  author={Firoiu, Victor and Le Boudec, J-Y and Towsley, Don and Zhang, Zhi-Li},
  journal=PIEEE,
  volume={90},
  number={9},
  pages={1565--1591},
  year={2002},
  month=Sep
}

@inproceedings{schulman2015,
  title={Trust region policy optimization},
  author={Schulman, John and Levine, Sergey and Abbeel, Pieter and Jordan, Michael and Moritz, Philipp},
  booktitle={Proc. Intl. Conf. on Machine Learning},
  pages={1889--1897},
  year={2015},
  month=jul,
  address={Lille, France}
}

@inproceedings{sutton2000policy,
  title={Policy gradient methods for reinforcement learning with function approximation},
  author={Sutton, Richard S and McAllester, David A and Singh, Satinder P and Mansour, Yishay},
  booktitle=NIPS,
  pages={1057--1063},
  address={Denver, CO},
  month=dec,
  year={2000}
}

@article{mnih2015,
  title={Human-level control through deep reinforcement learning},
  author={Mnih, Volodymyr and Kavukcuoglu, Koray and Silver, David and Rusu, Andrei A and Veness, Joel and Bellemare, Marc G and Graves, Alex and Riedmiller, Martin and Fidjeland, Andreas K and Ostrovski, Georg and others},
  journal={Nature},
  volume={518},
  number={7540},
  pages={529},
  year={2015},
  month=Feb
}

@article{chen2018tmc,
  title={Multi-Timescale Online Optimization of Network Function Virtualization for Service Chaining},
  author={Chen, Xiaojing and Ni, Wei and Chen, Tianyi and Collings, Iain B and Wang, Xin and Liu, Ren Ping and Giannakis, Georgios B},
  journal={arXiv preprint:1804.07051},
  year={2018},
  month=apr
}

@article{peng2016,
  title={ARock: an algorithmic framework for asynchronous parallel coordinate updates},
  author={Peng, Zhimin and Xu, Yangyang and Yan, Ming and Yin, Wotao},
  journal={SIAM J. Sci. Comp.},
  volume={38},
  number={5},
  pages={2851--2879},
  year={2016},
  month=Sep
}

@article{cannelli2016,
  title={Asynchronous parallel algorithms for nonconvex big-data optimization: Model and convergence},
  author={Cannelli, Loris and Facchinei, Francisco and Kungurtsev, Vyacheslav and Scutari, Gesualdo},
  journal={arXiv preprint:1607.04818},
  year={2016},
  month=Jul
}


 

@article{li2018acc,
  title={Online Optimization with Predictions and Switching Costs: Fast Algorithms and the Fundamental Limit},
  author={Li, Yingying and Qu, Guannan and Li, Na},
  journal={arXiv preprint:1801.07780},
  year={2018},
  month=Jan
}

@article{li2013ton,
  title={Random walks and green's function on digraphs: {A} framework for estimating wireless transmission costs},
  author={Li, Yanhua and Zhang, Zhi-Li},
  journal=IEEE_J_NET,
  volume={21},
  number={1},
  pages={135--148},
  year={2013},
  month=feb
}

@inproceedings{chu2016allocating,
  title={On allocating cache resources to content providers},
  author={Chu, Weibo and Dehghan, Mostafa and Towsley, Don and Zhang, Zhi-Li},
  booktitle={Proc. ACM Conf. on Info.-Centric Netw.},
  pages={154--159},
  year={2016},
  address={Kyoto, Japan},
  month=sep
}

@article{chu2018,
  title={Joint cache resource allocation and request routing for in-network caching services},
  author={Chu, Weibo and Dehghan, Mostafa and Lui, John CS and Towsley, Don and Zhang, Zhi-Li},
  journal={Computer Networks},
  volume={131},
  pages={1--14},
  year={2018},
  month=Feb
}

@inproceedings{zhang2017parabox,
  title={ParaBox: Exploiting Parallelism for Virtual Network Functions in Service Chaining},
  author={Zhang, Yang and Anwer, Bilal and Gopalakrishnan, Vijay and Han, Bo and Reich, Joshua and Shaikh, Aman and Zhang, Zhi-Li},
  booktitle={Proc. Symp. SDN Research},
  pages={143--149},
  year={2017},
  address={Santa Clara, CA},
  month=apr
}

@article{wang2016jsac,
  title={Dynamic energy management for smart-grid-powered coordinated multipoint systems},
  author={Wang, Xin and Zhang, Yu and Chen, Tianyi and Giannakis, Georgios B},
  journal=JSAC,
  volume={34},
  number={5},
  pages={1348--1359},
  year={2016},
  month=may
}

@article{zou2016,
  title={A survey on wireless security: {T}echnical challenges, recent advances, and future trends},
  author={Zou, Yulong and Zhu, Jia and Wang, Xianbin and Hanzo, Lajos},
  journal=PIEEE,
  volume={104},
  number={9},
  pages={1727--1765},
  year={2016},
  month=sep
}

@incollection{giannakis2015,
address = {New York, NJ},
author = {G. B. Giannakis and Q. Ling and G. Mateos and I. D. Schizas and H. Zhu},
booktitle = {Splitting Methods in Communication and Imaging, Science and Engineering},
publisher = {Springer},
title = {Decentralized learning for wireless communications and networking},
year = {2015},
}

@inproceedings{nachum2017,
  title={Bridging the gap between value and policy based reinforcement learning},
  author={Nachum, Ofir and Norouzi, Mohammad and Xu, Kelvin and Schuurmans, Dale},
  booktitle=NIPS,
  pages={2772--2782},
  year={2017},
  month=dec,
  address={Long Beach, CA}
}

@inproceedings{lina2011,
  title={Optimal demand response based on utility maximization in power networks},
  author={Li, Na and Chen, Lijun and Low, Steven H},
  booktitle={Proc. IEEE Power and Energy Society General Meeting},
  pages={1--8},
  year={2011},
  address={Detroit, MI},
  month=jul
}

@article{zhang2018pieee,
  title={The price of anarchy in transportation networks: Data-driven evaluation and reduction strategies},
  author={Zhang, Jing and Pourazarm, Sepideh and Cassandras, Christos G and Paschalidis, Ioannis Ch},
  journal=PIEEE,
  volume={106},
  number={4},
  pages={538--553},
  year={2018},
  month=Apr
}



@Inproceedings{chen2018nips,
  title={{LAG: L}azily Aggregated Gradient for Communication-Efficient Distributed Learning},
  author={Chen, Tianyi and Giannakis, Georgios B and Sun, Tao and Yin, Wotao},
    booktitle = NIPS,
  url={arxiv.org/abs/1805.09965},
  year = 	 {2018},
  address = 	 {Montreal, Canada},
  month = 	 Dec
}

@inproceedings{dai2017aistats,
  title={Learning from conditional distributions via dual embeddings},
  author={Dai, Bo and He, Niao and Pan, Yunpeng and Boots, Byron and Song, Le},
  booktitle={Proc. Intl. Conf. on Artificial Intelligence and Statistics},
  month=apr,
  address={Fort Lauderdale, FL},
  year={2017}
}

@book{altman1999,
  title={Constrained Markov decision processes},
  author={Altman, Eitan},
  address={Boca Raton, FL},
  year={1999},
  publisher={Chapman \& Hall}
}

@article{wu2018,
  title={Joint trajectory and communication design for multi-UAV enabled wireless networks},
  author={Wu, Qingqing and Zeng, Yong and Zhang, Rui},
  journal=TWC,
  volume={17},
  number={3},
  pages={2109--2121},
  year={2018},
  month=Mar
}

@article{huang2015rlc,
  title={Receding learning-aided control in stochastic networks},
  author={Huang, Longbo},
  journal={Performance Evaluation},
  volume={91},
  pages={150--169},
  year={2015},
  month=sep
}

@article{xu2018,
  title={UAV-enabled wireless power transfer: {T}rajectory design and energy optimization},
  author={Xu, Jie and Zeng, Yong and Zhang, Rui},
  journal=TWC,
  year={2018, to appear}
}

@book{busoniu2010,
  title={Reinforcement Learning and Dynamic Programming Using Function Approximators},
  author={Busoniu, Lucian and Babuska, Robert and De Schutter, Bart and Ernst, Damien},
  address={Boca Raton, FL},
  year={2010},
  publisher={Taylor \& Francis Group}
}

@article{bernstein2018,
  title={Online Optimization with Feedback},
  author={Bernstein, Andrey and Dall'Anese, Emiliano and Simonetto, Andrea},
  journal={arXiv preprint:1804.05159},
  year={2018},
  month=apr
}

@article{dall2018tsg,
  title={Optimal power flow pursuit},
  author={Dall'Anese, Emiliano and Simonetto, Andrea},
  journal=TSG,
  volume={9},
  number={2},
  pages={942--952},
  year={2018},
  month=Mar
}

@article{colombino2018,
  title={Online Optimization as a Feedback Controller: Stability and Tracking},
  author={Colombino, Marcello and Dall'Anese, Emiliano and Bernstein, Andrey},
  journal={arXiv preprint:1805.09877},
  year={2018},
  month=may
}

@article{li2018yy,
  title={Online Optimization with Predictions and Switching Costs: Fast Algorithms and the Fundamental Limit},
  author={Li, Yingying and Qu, Guannan and Li, Na},
  journal={arXiv preprint:1801.07780},
  year={2018},
  month=jan
}

@inproceedings{yang2018sig,
  title={An Optimal Algorithm for Online Non-Convex Learning},
  author={L. Yang and L. Deng and M. Hajiesmaili and C. Tan and W. Wong},
  booktitle={Proc. ACM SIGMETRICS},
  month=jun,
  address={Irvine, CA},
  year={2018}
}

@article{powell2016unified,
  title={A unified framework for optimization under uncertainty},
  author={Powell, Warren B},
  journal={INFORMS Tutorials in Operations Research},
  year={2016},
  pages={45 - 83},
  month=Nov
}

@article{wang2018twc,
  title={Joint offloading and computing optimization in wireless powered mobile-edge computing systems},
  author={Wang, Feng and Xu, Jie and Wang, Xin and Cui, Shuguang},
  journal=TWC,
  volume={17},
  number={3},
  pages={1784--1797},
  year={2018},
  month=Mar
}

@article{wang2018tsg,
  title={Two-scale stochastic control for integrated multipoint communication systems with renewables},
  author={Wang, Xin and Chen, Xiaojing and Chen, Tianyi and Huang, Longbo and Giannakis, Georgios B},
  journal=TSG,
  year={2018},
  volume={9},
  number={3},
  pages={1822-1834},
  month=May
}

@article{chen2018twc,
  title={Automated Function Placement and Online Optimization of Network Function Virtualization},
  author={X. Chen, W. Ni, I. Collings, X. Wang and S. Xu},
  journal=TWC,
  year={2018 (revised)},
  month=May
}

@article{wang2011tit,
  title={Resource allocation for wireless multiuser OFDM networks},
  author={Wang, Xin and Giannakis, Georgios B},
  journal=TIT,
  volume={57},
  number={7},
  pages={4359--4372},
  year={2011},
  month=Jul
}

@article{lyu2017,
  title={Optimal schedule of mobile edge computing for Internet of Things using partial information},
  author={Lyu, Xinchen and Ni, Wei and Tian, Hui and Liu, Ren Ping and Wang, Xin and Giannakis, Georgios B and Paulraj, Arogyaswami},
  journal=JSAC,
  volume={35},
  number={11},
  pages={2606--2615},
  year={2017},
  month=Nov
}

@article{giannakis2013,
  title={Monitoring and optimization for power grids: A signal processing perspective},
  author={Giannakis, Georgios B and Kekatos, Vassilis and Gatsis, Nikolaos and Kim, Seung-Jun and Zhu, Hao and Wollenberg, Bruce F},
  journal=SPM,
  volume={30},
  number={5},
  pages={107--128},
  year={2013},
  month=Sep
}

@article{lu2014,
  title={Connected vehicles: Solutions and challenges},
  author={Lu, Ning and Cheng, Nan and Zhang, Ning and Shen, Xuemin and Mark, Jon W},
  journal={IEEE Internet Things J.},
  volume={1},
  number={4},
  pages={289--299},
  year={2014},
  month=Aug
}

@article{nunes2015,
  title={A survey on human-in-the-loop applications towards an {I}nternet of all},
  author={Nunes, David Sousa and Zhang, Pei and Silva, Jorge S{\'a}},
  journal={IEEE Communications Surveys \& Tutorials},
  volume={17},
  number={2},
  pages={944--965},
  year={2015},
  month={Second quarter}
}

@inproceedings{munir2013,
  title={Cyber Physical System Challenges for Human-in-the-Loop Control.},
  author={Munir, Sirajum and Stankovic, John A and Liang, Chieh-Jan Mike and Lin, Shan},
  booktitle={Proc. Feedback Computing},
  year={2013},
  address={San Jose, CA},
  month=Jun
}

@book{cesa2006,
  title={{Prediction, Learning, and Games}},
  author={Cesa-Bianchi, Nicolo and Lugosi, G{\'a}bor},
  year={2006},
  address={Cambridge, UK},
  publisher={Cambridge University Press}
}

@article{duan2017,
  title={Human-in-the-loop mobile networks: a survey of recent advancements},
  author={Duan, Lingjie and Huang, Longbo and Langbort, Cedric and Pozdnukhov, Alexey and Walrand, Jean and Zhang, Lin},
  journal=JSAC,
  volume={35},
  number={4},
  pages={813--831},
  year={2017},
  month=Apr
}

@inproceedings{johnson2013nips,
  title={Accelerating stochastic gradient descent using predictive variance reduction},
  author={Johnson, Rie and Zhang, Tong},
  booktitle=NIPS,
  pages={315--323},
  month=Dec,
  address={Lake Tahoe, NV},
  year={2013}
}

@article{wang2007,
  title={A unified approach to {QoS}-guaranteed scheduling for channel-adaptive wireless networks},
  author={Wang, Xin and Giannakis, Georgios B and Marques, Antonio G},
  journal=PIEEE,
  volume={95},
  number={12},
  pages={2410--2431},
  year={2007},
  month=Dec
}

@article{watkins1992,
  title={Q-learning},
  author={Watkins, Christopher JCH and Dayan, Peter},
  journal={Machine learning},
  volume={8},
  number={3-4},
  pages={279--292},
  year={1992},
  month=May
}

@book{sutton1998,
  title={{Reinforcement Learning: An Introduction}},
  author={Sutton, Richard S and Barto, Andrew G},
  address={Cambridge, MA},
  year={1998}
}


@article{shi2017tsg,
  title={Real-time energy management in microgrids},
  author={Shi, Wenbo and Li, Na and Chu, Chi-Cheng and Gadh, Rajit},
  journal=TSG,
  volume={8},
  number={1},
  pages={228--238},
  year={2017},
 month=Jan
}

@inproceedings{dai2017nips,
  title={Smoothed Dual Embedding Control},
  author={Dai, Bo and Shaw, Albert and Li, Lihong and Xiao, Lin and He, Niao and Chen, Jianshu and Song, Le},
  booktitle={Proc. NIPS Symp. Deep Reinforcement Learning},
  month=Dec,
    address={Long Beach, CA},
  year={2017}
}

@article{li2017tsg,
  title={Real-time Energy Management in Microgrids with Reduced Battery Capacity Requirements},
  author={Li, Bingcong and Chen, Tianyi and Wang, Xin and Giannakis, Georgios B},
  journal=TSG,
  doi={10.1109/TSG.2017.2783894},
  year={2018, to appear}
}

@article{eisen2018,
  title={Learning in Wireless Control Systems over Non-Stationary Channels},
  author={Eisen, Mark and Gatsis, Konstantinos and Pappas, George J and Ribeiro, Alejandro},
  journal={arXiv preprint:1803.01078},
  year={2018},
  month=Mar
}

@article{sadeghi2018,
  title={Optimal and Scalable Caching for {5G} Using Reinforcement Learning of Space-Time Popularities},
  author={Sadeghi, Alireza and Sheikholeslami, Fatemeh and Giannakis, Georgios B},
  journal=JSTSP,
  volume={12},
  number={1},
  pages={180--190},
  year={2018},
  month=Feb
}

@article{auer2002a,
  title={The nonstochastic multiarmed bandit problem},
  author={Auer, Peter and Cesa-Bianchi, Nicolo and Freund, Yoav and Schapire, Robert E},
  journal={SIAM Journal on Computing},
  volume={32},
  number={1},
  pages={48--77},
  year={2002}
}



@incollection{tempdata,
  title={Meteorology and Climatology MeteoSwiss},
  url={http://www.meteoswiss.admin.ch/home/climate/past/
climate-normals/climate-diagrams-and-normal-values-per-station.html}
}	

@misc{IBM-IoT,
title = {{8 Sensors to Help You Create A Smart Home}},
year = {2017},
url = {www.ibm.com/blogs/internet-of-things/sensors-smart-home/},
month = {Dec.}
}

@inproceedings{samie2016b,
  title={Distributed {QoS} management for {Internet of Things} under resource constraints},
  author={Samie, Farzad and Tsoutsouras, Vasileios and Xydis, Sotirios and Bauer, Lars and Soudris, Dimitrios and Henkel, J{\"o}rg},
  booktitle={Proc. Intl. Conf. on Hardware/Software Codesign and System Synthesis},
  pages={1--10},
  year={2016},
  month=Oct,
  address={Pittsburgh, PA}
}

@article{sicari2015,
  title={Security, privacy and trust in {Internet of Things: The} road ahead},
  author={Sicari, Sabrina and Rizzardi, Alessandra and Grieco, Luigi Alfredo and Coen-Porisini, Alberto},
  journal={Computer Networks},
  volume={76},
  pages={146--164},
  year={2015},
  month=Jan
}

@inproceedings{zhu2010iot,
  title={{IoT} gateway: {B}ridging wireless sensor networks into {Internet of Things}},
  author={Zhu, Qian and Wang, Ruicong and Chen, Qi and Liu, Yan and Qin, Weijun},
  booktitle={Proc. Intl. Conf. Embedded Ubiquitous Comp.},
  pages={347--352},
  year={2010},
  address={Hong Kong, China},
  month=Dec
}

@article{lymberopoulos2011,
  title={Extracting spatiotemporal human activity patterns in assisted living using a home sensor network},
  author={Lymberopoulos, Dimitrios and Bamis, Athanasios and Savvides, Andreas},
  journal={Univ Access Info. Soc},
  volume={10},
  number={2},
  pages={125--138},
  year={2011}
}

@article{ling2016,
  title={Weighted ADMM for Fast Decentralized Network Optimization},
  author={Ling, Qing and Liu, Yaohua and Shi, Wei and Tian, Zhi},
  journal=IEEE_J_SP,
  volume={64},
  number={22},
  pages={5930--5942},
  month=Nov
}


@article{stankovic2014,
  title={Research directions for the {Internet of Things}},
  author={Stankovic, John A},
  journal={IEEE Internet of Things J.},
  volume={1},
  number={1},
  pages={3--9},
  year={2014},
  month=Feb
}

@misc{grant2008,
  title={CVX: {M}atlab software for disciplined convex programming},
  author={Grant, Michael and Boyd, Stephen and Ye, Yinyu},
  year={2008}
}

@article{atzori2010,
  title={{The Internet of Things: A survey}},
  author={Atzori, Luigi and Iera, Antonio and Morabito, Giacomo},
  journal={Computer Networks},
  volume={54},
  number={15},
  pages={2787--2805},
  year={2010},
  month=Oct
}


@inproceedings{zhang2015,
  title={The Cloud is Not Enough: {S}aving IoT from the Cloud.},
  author={Zhang, Ben and Mor, Nitesh and Kolb, John and Chan, Douglas S and Lutz, Ken and Allman, Eric and Wawrzynek, John and Lee, Edward A and Kubiatowicz, John},
  booktitle={Proc. HotCloud},
  year={2015},
  address={Santa Clara, CA},
  month=Jul
}

@inproceedings{wei2017,
  title={Online Learning in Weakly Coupled Markov Decision Processes: {A} Convergence Time Study},
  author={Wei, Xiaohan and Yu, Hao and Neely, Michael J},
  booktitle={Proc. Sigmetrics},
  address={Irvine, CA},
  month= Jun,
  year={2018}
}

@inproceedings{yu2017nips,
  title={Online Convex Optimization with Stochastic Constraints},
  author={Yu, Hao and Neely, Michael and Wei, Xiaohan},
  booktitle=NIPS,
  pages={1427--1437},
  address={Long Beach, CA},
  month= Dec,
  year={2017}
}

@article{chiang2007,
  title={Layering as optimization decomposition: A mathematical theory of network architectures},
  author={Chiang, Mung and Low, Steven H and Calderbank, A Robert and Doyle, John C},
  journal={Proc. IEEE},
  volume={95},
  number={1},
  pages={255--312},
  year={2007},
  month=Jan
}

@article{chen2019iot,
  title={Bandit Convex Optimization for Scalable and Dynamic {IoT} Management},
  author={Chen, Tianyi and Giannakis, Georgios B},
  journal={IEEE Internet Things J.},
  pages={1276-1286},
    volume={6},
  number={1},
  month=Feb,
  year={2019}
}


@article{chen2018iot,
  title={Heterogeneous Online Learning for `Thing-Adaptive' Low-Latency Fog Computing in {IoT}},
  author={Chen, Tianyi and Shen, Yanning and Ling, Qing and Giannakis, Georgios B},
  journal={IEEE Internet Things J.},
  month=Oct,
  year={2018, to appear}
}

@inproceedings{li2018uai,
	title={Sleeping Multi-Armed Bandit with Constraints},
	author={Li, Bingcong and Chen, Tianyi and Wang, Xin and Giannakis, Georgios B.},
	booktitle = {Proc. AAAI Conf. Artificial Intelligence},
	address = {Honolulu, HI},
	month = Jan,
	year = {2019 (submitted)}
}

@inproceedings{li2018asi,
	title={Secure Edge Computing in {IoT} via Online Learning},
	author={Li, Bingcong and Chen, Tianyi and Wang, Xin and Giannakis, Georgios B.},
	booktitle = {Proc. Asilomar Conf. on Signals, Systems, and Computers},
	address = {Pacific Grove, CA},
	month = Oct,
	year = {2018}
}


@article{wei2013,
  title={A distributed {N}ewton method for network utility maximization-{I}: Algorithm},
  author={Wei, Ermin and Ozdaglar, Asuman and Jadbabaie, Ali},
  journal=IEEE_J_AC,
  volume={58},
  number={9},
  pages={2162--2175},
  year={2013},
  month=Sep
}

@inproceedings{zhu2010iot,
  title={{IoT} gateway: {B}ridging wireless sensor networks into {Internet of Things}},
  author={Zhu, Qian and Wang, Ruicong and Chen, Qi and Liu, Yan and Qin, Weijun},
  booktitle={Proc. Intl. Conf. Embedded Ubiquitous Comp.},
  pages={347--352},
  year={2010},
  address={Hong Kong, China},
  month=Dec
}

@article{lymberopoulos2011,
  title={Extracting spatiotemporal human activity patterns in assisted living using a home sensor network},
  author={Lymberopoulos, Dimitrios and Bamis, Athanasios and Savvides, Andreas},
  journal={Univ Access Info. Soc},
  volume={10},
  number={2},
  pages={125--138},
  year={2011}
}

@article{chen2017tpds,
  title={{DGLB}: Distributed Stochastic Geographical Load Balancing over Cloud Networks},
  author={Chen, Tianyi and Antonio G. Marques and Giannakis, Georgios B},
  journal=IEEE_J_PDS,
  year={to appear, 2017}
}

@article{xiao2004,
  title={Simultaneous routing and resource allocation via dual decomposition},
  author={Xiao, Lin and Johansson, Mikael and Boyd, Stephen P},
  journal=IEEE_J_COM,
  volume={52},
  number={7},
  pages={1136--1144},
  year={2004},
  month=Jul
}

@article{ghadimi2013,
  title={Multi-step gradient methods for networked optimization},
  author={Ghadimi, Euhanna and Shames, Iman and Johansson, Mikael},
  journal=IEEE_J_SP,
  volume={61},
  number={21},
  pages={5417--5429},
  year={2013},
  month=Nov
}

@book{BoVa04,
 author = "Stephen Boyd and Lieven Vandenberghe",
 title = {Convex Optimization},
 year = {2004},
 publisher = {Cambridge University Press},
 address = {New York, NY}
 }

@article{shahrampour2016,
  title={Distributed online optimization in dynamic environments using mirror descent},
  author={Shahrampour, Shahin and Jadbabaie, Ali},
  journal={arXiv preprint:1609.02845},
  year={2016},
  month=Sep
}


@Article{Irm11,
author = {R. Irmer and H. Droste and P. Marsch and M. Grieger and G. Fettweis and S. Brueck and H. Mayer and L. Thiele and V. Jungnickel},
title = {Coordinated multipoint: Concepts, performance, and field trial results},
journal = {IEEE Commun. Mag.},
year = {2011},
volume = {49},
number = {2},
pages = {102--111},
month = {Feb.}
}

@Article{Zhan13,
author = {Y. Zhang and N. Gatsis and G. B. Giannakis},
title = {Robust energy management for microgrids with high-penetration renewables},
journal = {IEEE Trans. Sustain. Energy},
year = {2013},
volume = {4},
number = {4},
pages = {944--953},
month = {Oct.}
}

@Article{Liu10,
author = {X. Liu and W. Xu},
title = {Economic load dispatch constrained by wind power availability: A here-and-now approach},
journal = {IEEE Trans. Sustain. Energy},
year = {2010},
volume = {1},
number = {1},
pages = {2--9},
month = {Apr.}
}

@Article{Gua10,
author = {X. Guan and Z. Xu and Q. Jia},
title = {Energy-efficient buildings facilitated by microgrid},
journal = {IEEE Trans. Smart Grid},
year = {2010},
volume = {1},
number = {3},
pages = {243--252},
month = {Dec.}
}

@Article{Gian13,
author = {G. B. Giannakis and V. Kekatos and N. Gatsis and S. Kim and H. Zhu and B. Wollenberg},
title = {Monitoring and optimization for power grids: A signal processing perspective},
journal = {IEEE Signal Process. Mag.},
year = {2013},
volume = {30},
number = {5},
pages = {107--128},
month = {Sept.}
}

@Article{Bu12,
author = {S. Bu and F. Yu and Y. Cai and X. Liu},
title = {When the smart grid meets energy-efficient communications:
Green wireless cellular networks powered by the smart grid},
journal = {IEEE Trans. Wireless Commun.},
year = {2012},
volume = {11},
number = {8},
pages = {3014--3024},
month = {Aug.}
}

@misc{PJM,
title = {{Pennsylvania-New Jersey-Maryland} Interconnection {(PJM)} Hourly Real-time Wind Generation},
year = {2015},
url = {http://www.pjm.com/markets-and-operations/ops-analysis.aspx},
month = {Jan.}
}

@misc{Wind,
title = {Midcontinent Independent System Operator {(MISO)} day-ahead wind forecast data},
year = {2015},
url = {http://www.misoenergy.org/},
month = {Feb.}
}

@misc{lmp,
title = {Midcontinent Independent System Operator {(MISO)} Locational Marginal Price},
year = {2016},
url = {http://www.misoenergy.org/MarketsOperations/Prices},
month = {Nov.}
}


@misc{IBM-IoT,
title = {{8 Sensors to Help You Create A Smart Home}},
year = {2017},
url = {www.ibm.com/blogs/internet-of-things/sensors-smart-home/},
month = {Dec.}
}


@INPROCEEDINGS{Ren12,
author = {S. Ren and Y. He and F. Xu},
title = {Provably-Efficient Job Scheduling for Energy and Fairness in Geographically Distributed Data Centers},
booktitle = {Proc. IEEE ICDCS},
year = {2012},
pages =  {22-31}
}

@INPROCEEDINGS{Urg11,
author = {R. Urgaonkar and B. Urgaonkar and M. Neely and A. Sivasubramaniam},
title = {Optimal power cost management using stored energy in data centers},
booktitle = {Proc. ACM SIGMETRICS},
address = {San Jose, CA},
month = {Jun.},
year = {2011},
pages = {221--232}
}

@Article{Wan07,
author = {X. Wang and G. B. Giannakis and A. Marques},
title = {A unified approach to {QoS}-guaranteed scheduling for channel-adaptive wireless networks},
journal = {Proc. IEEE},
year = {2007},
volume = {95},
pages = {2410--2431},
month = {Dec.}
}


@Article{ChenDG13,
author = {Y. Chen and A. D. Dom\'{i}nguez-Garc\'{i}a},
title = {A method to study the effect of renewable resource variability on power system dynamics},
journal = {IEEE Trans. Power Syst.},
year = {2012},
volume = {27},
number = {4},
pages = {1978--1989},
month = {Nov.}
}

@misc{cvx,
title = {{CVX}: Matlab software for disciplined convex programming, version 2.1},
year = {2012},
month = {Sep.},
url = {http://cvxr.com/cvx}
}

@misc{NYprice,
title = {Hourly Electric Supply Charges in {New York}},
year = {2015},
month = {Jan.},
url = {https://www.nationalgridus.com/}
}

@Article{sdpt3,
author = {K. C. Toh and M. J. Todd and R. H. Tutuncu},
title = {{SDPT3} --- a {Matlab} software package for semidefinite programming},
journal = {Optimization Methods and Software},
year = {2009},
volume = {11},
number = {},
pages =  {545--581}
}


@Book{Bertsekas09,
    AUTHOR     = {D. P. Bertsekas},
    YEAR       = {2009},
    TITLE      = {Convex Optimization Theory},
    ADDRESS    = {Belmont, MA},
    PUBLISHER  = {Athena Scientific}
}

@Article{Bertsekas82,
author = {D. P. Bertsekas},
title = {Projected {Newton} methods for optimization problems with simple constraints},
journal = {SIAM J. Contol and Optim.},
year = {1982},
volume = {20},
number = {2},
pages = {221--246},
month = {Mar.}
}

@misc{MISO,
title = {{MISO} Market Data},
url = {https://www.midwestiso.org/MarketsOperations/RealTimeMarketData/}
}

@Article{Ery07,
author = { A.~Eryilmaz and R.~Srikant},
title = {Fair resource allocation in wireless networks using queue-length-based scheduling and congestion control},
journal = {IEEE/ACM Trans. Netw.},
year = {2007},
volume = {15},
number = {6},
pages = {1333--1344},
month = {Dec.}
}

@Article{Geor06,
author = { L.~Georgiadis and M.~Neely and L.~Tassiulas},
title = {Resource allocation and cross-layer control in wireless networks},
journal = {Found. and Trends in Networking},
year = {2006},
volume = {1},
pages = {1--144}
}

@Article{Lak14,
author = {S.~Lakshminaryana and Poor, H Vincent and T.~Quek},
title = {Cooperation and storage trade-offs in power grids with renewable energy resources},
journal = {IEEE J. Sel. Areas Commun.},
year = {2014},
volume = {32},
number = {7},
pages = {1--12},
month = {Jul.}
}

@Article{Ale10,
author = {A.~Ribeiro},
title = {Ergodic stochastic optimization algorithms for wireless communication and networking},
journal = {IEEE Trans. Signal Process.},
year = {2010},
volume = {58},
number = {12},
pages = {6369--6386},
month = Dec
}

@Article{Sto05,
author = {A.~Stolyar},
title = {Maximizing queueing network utility subject to stability: Greedy primal-dual algorithm},
journal = {Queueing Syst.},
year = {2005},
volume = {50},
pages = {401--457}
}

@inproceedings{zhou2012,
  title={Optimization and control of cooling microgrids for data centers},
  author={R. Zhou and Wang, Zhikui and McReynolds, Alan and Bash, Cullen E and Christian, Thomas W and Shih, Rocky},
  booktitle={Proc. IEEE Conf. on Thermal and Thermomech. Phenomena in Electron. Syst.},
  pages={338--343},
  month = May,
  address={San Diego, CA},
  year={2012},
}

@book{holman2001heat,
  title={Heat Transfer},
  edition="8th {E}d.",
  AUTHOR={J. P. Holman},
  year={1996},
  address={Columbus, OH},
  publisher={McGraw-Hill}
}

@inproceedings{liu2012renew,
  title={Renewable and cooling aware workload management for sustainable data centers},
  author={Z. Liu and Y. Chen and C. Bash and A. Wierman and D. Gmach and Z. Wang and M. Marwah and C. Hyser},
  booktitle={Proc. ACM SIGMETRICS},
  volume={40},
  number={1},
  pages={175--186},
  address={London, UK},
 month = {Jun.},
  year={2012}
}

@inproceedings{patel2006energy,
  title={Energy flow in the information technology stack},
  author={Patel, C and Sharma, R and Bash, C and Beitelmal, A},
  booktitle={Proc. IMECE},
  month = Nov,
  address={Chicago, IL},
  year={2006}
}

@inproceedings{sun15,
  title={Joint supply, demand, and energy storage management towards microgrid cost minimization},
  author={Sun, Sun and Dong, Min and Liang, Ben},
  booktitle = IEEE_C_SGC,
  address = {Venice, Italy},
  year = {2014},
  month = Nov
}

@article{nedic09,
  title={Approximate primal solutions and rate analysis for dual subgradient methods},
  author={Nedic, Angelia and Ozdaglar, Asuman},
  journal={SIAM J. Optimization},
  volume={19},
  number={4},
  pages={1757--1780},
  year={2009},
  publisher={SIAM}
}

@inproceedings{Yao12data,
  title={Data centers power reduction: A two time scale approach for delay tolerant workloads},
  author={Y. Yao and L. Huang and A. Sharma and L. Golubchik and M. Neely},
  booktitle={Proc. IEEE INFOCOM},
  address={Orlando, FL},
  pages={1431--1439},
  month = Mar,
  year={2012},
}

@article{guo14,
  title={Energy and network aware workload management for sustainable data centers with thermal storage},
  author={Guo, Y. and Gong, Y. and Fang, Y. and Khargonekar, P. P. and Geng, X.},
  journal=IEEE_J_PDS,
  volume={25},
  number={8},
  pages={2030--2042},
  month=Aug,
  year={2014},
}

@inproceedings{qureshi09,
  title={Cutting the electric bill for {I}nternet-scale systems},
  author={Qureshi, A. and Weber, R. and Balakrishnan, H. and Guttag, J. and Maggs, B.},
  booktitle={Proc. ACM SIGCOMM},
  volume={39},
  number={4},
  pages={123--134},
  address={Barcelona, Spain},
  month = Aug,
  year={2009},
}

@article{polverini14,
  title={Thermal-aware scheduling of batch jobs in geographically distributed data centers},
  author={Polverini, Marco and Cianfrani, Antonio and Ren, Shaolei and Vasilakos, Athanasios V},
  journal=IEEE_J_CLCP,
  volume={2},
  number={1},
  pages={71--84},
  month=Mar,
  year={2014},
}

@article{rastler10,
  title={Electricity energy storage technology options},
  author={Rastler, DM},
  year={2010},
  url={www.epri.com},
  journal={White Paper}
}

@article{power07,
  title={Data center thermal runaway. a review of cooling challenges in high density mission critical environments},
  author="{Active Power}",
  journal={White Paper},
  url={www.edsenerji.com.tr/dokuman_indir/16/},
  year={2007}
}

@inproceedings{gao2012,
  title={It's not easy being green},
  author={Gao, P. X. and Curtis, A. R and Wong, B. and Keshav, S.},
  booktitle={Proc. ACM SIGCOMM},
  volume={42},
  number={4},
  pages={211--222},
  month = Aug,
  address={Helsinki, Finland},
  year={2012},
}

@article{koomey2011,
  title={Growth in data center electricity use 2005 to 2010},
  author={Koomey, Jonathan},
  journal={A report by Analytical Press, completed at the request of The New York Times},
  year={2011}
}

@article{Data2015,
  title={Data Center Efficiency Assessment},
  author={Whitney, Josh and Delforge, Pierre},
  journal={Issue Paper},
  url={http://www.nrdc.org/energy/data-center-efficiency-assessment.asp},
  year={2015}
}

@inproceedings{deng2013,
  title={Multigreen: Cost-minimizing multi-source datacenter power supply with online control},
  author={Deng, W. and Liu, F. and Jin, H. and Wu, C. and Liu, X.},
  booktitle={Proc. ACM Intl. Conf. on Future Energy systems},
  pages={149--160},
  address={Berkeley, CA},
  month=May,
  year={2013},
}

@article{rahman2014,
  title={A survey on geographic load balancing based data center power management in the smart grid environment},
  author={Rahman, A. and Liu, X. and Kong, F.},
  journal={ IEEE Communications Surveys and Tutorials},
  volume={16},
  number={1},
  pages={214--233},
  year={2014},
}

@article{all2013,
  title={Light-Duty Automotive Technology, Carbon Dioxide Emissions, and Fuel Economy Trends: 1975 Through 2010},
  author={All, EPA},
  journal={Ann Arbor},
  url={http://www.epa.gov/oms/fetrends.htm},
  year={2013}
}

@inproceedings{samadiani2007,
  title={The thermal design of a next generation data center: a conceptual exposition},
  author={Samadiani, Emad and Joshi, Yogendra and Mistree, Farrokh},
  booktitle={Proc. IEEE Intl. Conf. on Thermal Issues in Emerging Tech.: Theory and Application},
  pages={93--102},
  address={Cairo, Egypt},
  month=Jan,
  year={2007},
}

@inproceedings{guo2011,
  title={Cutting down electricity cost in {I}nternet data centers by using energy storage},
  author={Guo, Y. and Ding, Z. and Fang, Y. and Wu, D.},
  booktitle={Proc. IEEE Globecom},
  address={Houston, TX},
  pages={1--5},
  month=Dec,
  year={2011},
}

@article{koutsopoulos2012,
  title={Optimal control policies for power demand scheduling in the smart grid},
  author={Koutsopoulos, Iordanis and Tassiulas, Leandros},
  journal={IEEE J. Sel. Areas Commun.},
  volume={30},
  number={6},
  pages={1049--1060},
  year={2012},
}

@inproceedings{adnan2014,
  title={Workload Shaping to Mitigate Variability in Renewable Power Use by Data Centers},
  author={Adnan, Muhammad Abdullah and Gupta, Rajesh K},
  booktitle={Proc. IEEE Intl. Conf. on Cloud Computing},
  pages={96--103},
  address={Alaska, USA},
  month =Jun,
  year={2014},
}

@inproceedings{wierman2014,
  title={Opportunities and challenges for data center demand response},
  author={Wierman, Adam and Liu, Zhenhua and Liu, Iris and Mohsenian-Rad, Hamed},
  booktitle={Proc. IEEE Green Computing Conf.},
  address = {Dallas, TX},
  pages={1--10},
  month=Nov,
  year={2014},
}

@article{LLWLA14,
    title = {Greening Geographical Load Balancing},
    author = {Z. Liu and M. Lin and A. Wierman and S. H. Low and L. L. H. Andrew},
    volume={23},
    number={2},
    pages={657--671},
    month=Apr,
    year = {2015},
    journal = IEEE_J_NET,
}

@inproceedings{wang2013,
  title={Exploring smart grid and data center interactions for electric power load balancing},
  author={Wang, Hao and Huang, Jianwei and Lin, Xiaojun and Mohsenian-Rad, Hamed},
  booktitle={Proc. ACM SIGMETRICS},
  volume={41},
  number={3},
  pages={89--94},
  address={Pittsburgh, PA},
  month=Dec,
  year={2013},
}

@article{liu2013,
  title={Data center demand response: Avoiding the coincident peak via workload shifting and local generation},
  author={Liu, Z. and Wierman, A. and Chen, Y. and Razon, B. and Chen, N.},
  journal={Elsevier Performance Evaluation},
  volume={70},
  number={10},
  pages={770--791},
  year={2013},
  month=Oct
}

@article{guo2013,
  title={Electricity cost saving strategy in data centers by using energy storage},
  author={Guo, Y. and Fang, Y.},
  journal=IEEE_J_PDS,
  volume={24},
  number={6},
  pages={1149--1160},
  month={Jun.},
  year={2013}
}

@article{luo2014,
  title={Temporal load balancing with service delay guarantees for data center energy cost optimization},
  author={Luo, Jianying and Rao, Lei and Liu, Xue},
  journal=IEEE_J_PDS,
  volume={25},
  number={3},
  pages={775--784},
  month=Mar,
  year={2014}
}

@article{yu2014,
  title={Risk-Constrained Operation for {I}nternet Data Centers in Deregulated Electricity Markets},
  author={Yu, Liang and Jiang, Tao and Cao, Yang and Zhang, Qian},
  journal=IEEE_J_PDS,
  volume={25},
  number={5},
  pages={1306--1316},
  year={2014},
  month=May
}

@article{yu2015,
  title={Energy cost minimization for distributed {I}nternet data centers in smart microgrids considering power outages},
  author={Yu, Liang and Jiang, Tao and Cao, Yang},
  journal=IEEE_J_PDS,
  year={2015},
 month=Jan,
volume={26},
number={1},
pages={120-130}
}

@misc{apple2015,
title = {Apple Environmental Responsibility},
url = {http://www.apple.com/environment/}
}

@article{neely2014,
  title={A simple convergence time analysis of drift-plus-penalty for stochastic optimization and convex programs},
  author={Neely, Michael J},
  journal={arXiv preprint:1412.0791},
  month=Dec,
  year={2014}
}

@article{marques12,
  title={Optimal cross-layer resource allocation in cellular networks using channel-and queue-state information},
  author={Marques, Antonio G and Lopez-Ramos, Luis M and Giannakis, Georgios B and Ramos, Javier and Caama{\~n}o, Antonio J},
  journal=IEEE_J_VT,
  volume={61},
  number={6},
  pages={2789--2807},
  month=Jul,
  year={2012}
}

@inproceedings{gatsis14,
  title={A stochastic approximation approach to load shedding inpower networks},
  author={Gatsis, Nikolaos and Marques, Antonio G},
  booktitle=IEEE_C_ICSP,
  address={Florence, Italy},
  month=May,
  year={2014}
}

@article{zhang13,
  title={Robust energy management for microgrids with high-penetration renewables},
  author={Zhang, Y. and Gatsis, N. and Giannakis, G. B.},
  journal=IEEE_J_SE,
  volume={4},
  number={4},
  pages={944--953},
  month=Oct,
  year={2013}
}

@inproceedings{wierman2009,
  title={Power-aware speed scaling in processor sharing systems},
  author={Wierman, A. and Andrew, L. L. H. and Tang, A.},
  booktitle={Proc. IEEE INFOCOM},
  address={Rio de Janeiro, Brazil},
  month=Apr,
  pages={2007-2015},
  year={2009}
}

@inproceedings{xu2012,
  title={Geographic through filling for {I}nternet datacenters},
  author={Xu, D. and Liu, X.},
  booktitle={Proc. IEEE INFOCOM},
  address={Orlando, FL},
  month=Mar,
  pages={2881-2885},
  year={2012}
}

@inproceedings{xu2013,
  title={Joint request mapping and response routing for geo-distributed cloud services},
  author={Xu, H. and Li, B.},
  booktitle={Proc. IEEE INFOCOM},
  address={Turin, Italy},
  pages={854-862},
  month=Apr,
  year={2013}
}

@misc{google2015,
title = {Google Data Center Locations},
url = {http://www.google.com/about/datacenters/}
}

@article{lin2013,
  title={Dynamic right-sizing for power-proportional data centers},
  author={Lin, M. and Wierman, A. and Andrew, L. L. H. and Thereska, E.},
  journal=IEEE_J_NET,
  volume={21},
  number={5},
  pages={1378--1391},
  month=Oct,
  year={2013}
}

@article{luo2015,
  title={Spatio-Temporal Load Balancing for Energy Cost Optimization in Distributed Internet Data Centers},
  author={Luo, Jianying and Rao, Lei and Liu, Xue},
  journal=IEEE_J_CLCP ,
  number={1},
  pages={1--1},
  year={2015}
}

@article{rao2011,
  title={Hedging against uncertainty: A tale of {I}nternet data center operations under smart grid environment},
  author={Rao, Lei and Liu, Xue and Xie, Le and Pang, Zhan},
  journal=IEEE_J_SG,
  volume={2},
  number={3},
  pages={555--563},
  month=Sep,
  year={2011}
}

@inproceedings{zhang2015,
  title={Short-term wind power forecasting using nonnegative sparse coding},
  author={Zhang, Yu and Kim, Seung-Jun and Giannakis, Georgios B},
  booktitle={Proc. IEEE Conf. on Info. Sci. and Syst.},
  address={Baltimore, MD},
  month=Mar,
  year={2015}
}

@inproceedings{buchbinder2011,
  title={Online job-migration for reducing the electricity bill in the cloud},
  author={Buchbinder, Niv and Jain, Navendu and Menache, Ishai},
  booktitle={Proc. IFIP NETWORKING},
  address={Valencia, Spain},
  month=May,
  year={2011}
}

@inproceedings{lasseter2004,
  title={Microgrid: a conceptual solution},
  author={Lasseter, Robert H and Paigi, Paolo},
  booktitle={Proc. IEEE Power Electronics Specialists Conf.},
  address={Aachen, Germany},
  pages={4285-4290},
  month=Jun,
  year={2004}
}

@article{wendell2011,
  title={Donar: {D}ecentralized server selection for cloud services},
  author={Wendell, P. and Jiang, J. W. and Freedman, M. J. and Rexford, J.},
  journal={ACM SIGCOMM Comput. Commun. Rev.},
  volume={41},
  number={4},
  pages={231--242},
  month=Aug,
  year={2011}
}

@article{vandenberghe1996,
  title={Semidefinite programming},
  author={Vandenberghe, L. and Boyd, S.},
  journal={SIAM Rev.},
  volume={38},
  number={1},
  pages={49--95},
  month=Mar,
  year={1996}
}

@article{palomar2006,
  title={A tutorial on decomposition methods for network utility maximization},
  author={Palomar, D. P. and Chiang, M.},
  journal = {IEEE J. Sel. Areas Commun.},
  volume={24},
  number={8},
  pages={1439--1451},
  month=Aug,
  year={2006}
}

@article{kekatos2014,
  title={Electricity market forecasting via low-rank multi-kernel learning},
  author={Kekatos, Vassilis and Zhang, Yu and Giannakis, Georgios},
  journal=IEEE_J_STSP,
  volume={8},
  number={6},
  pages={1182--1193},
  month=Dec,
  year={2014}
}

@article{mateos2013,
  title={Load curve data cleansing and imputation via sparsity and low rank},
  author={Mateos, Gonzalo and Giannakis, Georgios},
  journal=IEEE_J_SG,
  volume={4},
  number={4},
  pages={2347--2355},
  year={2013},
  month=Dec
}

@article{beck2009,
  title={A fast iterative shrinkage-thresholding algorithm for linear inverse problems},
  author={Beck, Amir and Teboulle, Marc},
  journal={SIAM J. Imaging Sci.},
  volume={2},
  number={1},
  pages={183--202},
  year={2009},
  publisher={SIAM}
}

@article{liu2014,
  title={Pricing data center demand response},
  author={Liu, Zhenhua and Liu, Iris and Low, Steven and Wierman, Adam},
  journal={Elsevier Performance Evaluation},
  pages={111--123},
    volume={42},
  number={1},
  year={2014}
}

@inproceedings{zhang15,
  title={A truthful incentive mechanism for emergency demand response in colocation data centers},
  author={Zhang, Linquan and Ren, Shaolei and Wu, Chuan and Li, Zongpeng},
  booktitle={Proc. IEEE INFOCOM},
  pages={2632--2640},
  year={2015},
  address={Kowloon, Hong Kong},
  month=Apr
}

@article{der1999,
  title={Fundamental Principles of Mathematical Sciences},
  author={der Mathematischen Wissenschaften, Grundlehren},
  year={1999},
  publisher={2nd}
}

@book{rockafellar2009,
  title={Variational analysis},
  author={Rockafellar, R Tyrrell and Wets, Roger J-B},
  volume={317},
  year={1991},
  address={Berlin, Germany},
  publisher={Springer-Verlag}
}

@article{beck2014,
  title={An $\mathcal{O}(1/k)$ Gradient Method for Network Resource Allocation Problems},
  author={Beck, Andre and Nedic, Angelia and Ozdaglar, Asuman and Teboulle, Marc},
  journal=IEEE_J_CNS,
  volume={1},
  number={1},
  pages={64--73},
  month=mar,
  year={2014}
}

@book{wood2012,
  title={Power Generation, Operation, and Control},
  author={Wood, Allen J and Wollenberg, Bruce F},
  year={2012},
  address={Hoboken, NJ},
  publisher={John Wiley \& Sons}
}

@article{neely2010,
  title={Stochastic network optimization with application to communication and queueing systems},
  author={Neely, Michael J},
  journal={Synthesis Lectures on Communication Networks},
  volume={3},
  number={1},
  pages={1--211},
  year={2010},
  publisher={Morgan \& Claypool Publishers}
}

@book{asmussen2008,
  title={Applied Probability and Queues},
  author={Asmussen, S{\o}ren},
  volume={51},
  year={2008},
    address={Berlin, Germany},
  publisher={Springer Science \& Business Media}
}

@article{chen2016, 
author={Chen, T. and Wang, X. and Giannakis, G. B.}, 
journal=IEEE_J_STSP, 
title={Cooling-Aware Energy and Workload Management in Data Centers via Stochastic Optimization}, 
year={2016}, 
volume={10}, 
number={2}, 
pages={402-415}, 
month=Mar
}

@article{gatsis2012,
  title={Residential load control: Distributed scheduling and convergence with lost AMI messages},
  author={Gatsis, Nikolaos and Giannakis, G. B.},
  journal=IEEE_J_SG,
  volume={3},
  number={2},
  pages={770--786},
  year={2012},
  month=Jun
}

@inproceedings{balachandran2002,
  title={Characterizing user behavior and network performance in a public wireless {LAN}},
  author={Balachandran, Anand and Voelker, Geoffrey M and Bahl, Paramvir and Rangan, P Venkat},
  booktitle={Proc. ACM SIGMETRICS},
  volume={30},
  number={1},
  pages={195--205},
  year={2002},
  month=Jun
}

@article{gonzalez2005,
  title={Modeling and forecasting electricity prices with input/output hidden {M}arkov models},
  author={Gonz{\'a}lez, Alicia Mateo and Roque, Antonio Mu{\~n}oz San and Garc{\'\i}a-Gonz{\'a}lez, Javier},
  journal=IEEE_J_PWRS,
  volume={20},
  number={1},
  pages={13--24},
  year={2005},
  month=Feb
}

@misc{CAISO,
title = {{CAISO} Hourly Renewables Watch},
url = {http://www.caiso.com/green/renewableswatch.html}
}

@inproceedings{chen2011,
  title={The case for evaluating mapreduce performance using workload suites},
  author={Chen, Yanpei and Ganapathi, Archana and Griffith, Rean and Katz, Randy},
  booktitle={Proc. IEEE MASCOTS},
  pages={390--399},
  year={2011},
  month=Jul,
  address={Singapore}
}

@article{nesterov1983,
  title={A method of solving a convex programming problem with convergence rate $\mathcal{O}(1/{k^2})$},
  author={Nesterov, Yurii},
  journal={Soviet Mathematics Doklady},
  volume={27},
  number={2},
  pages={372-376},
  year={1983}
}



@article{robbins1951,
  title={A stochastic approximation method},
  author={H. Robbins and S. Monro},
  journal={Annals of Mathematical Statistics},
  volume={22},
  number={3},
  pages={400-407},
  year={1951},
  month=Sep
}

@article{chiang2007,
  title={Layering as optimization decomposition: A mathematical theory of network architectures},
  author={Chiang, Mung and Low, Steven H and Calderbank, A Robert and Doyle, John C},
  journal={Proc. the IEEE},
  volume={95},
  number={1},
  pages={255--312},
  year={2007},
  month=Jan
}

@inproceedings{he2012,
  title={Zeta: {S}cheduling interactive services with partial execution},
  author={He, Yuxiong and Elnikety, Sameh and Larus, James and Yan, Chenyu},
  booktitle={Proc. ACM Symposium on Cloud Computing},
  address={San Jose, CA},
  month=Oct,
  year={2012}
}

@inproceedings{xu2014,
  title={Reducing electricity demand charge for data centers with partial execution},
  author={Xu, Hong and Li, Baochun},
  booktitle={Proc. Intl. Conf. on Future Energy Systems},
  pages={51--61},
  address={Cambridge, UK},
  year={2014}, 
 month=Jun
}

@misc{Apple2B,
title = {Apple's Two Massive {E}uropean Data Centers},
url = {http://www.datacenterknowledge.com/archives/2015/02/23/}
}

@article{barroso2013,
  title={The datacenter as a computer: An introduction to the design of warehouse-scale machines},
  author={Barroso, Luiz Andr{\'e} and Clidaras, Jimmy and H{\'o}lzle, Urs},
  journal={Synthesis Lectures on Computer Architecture},
  volume={8},
  number={3},
  pages={1--154},
  year={2013},
  publisher={Morgan \& Claypool Publishers}
}

@book{federal2015,
  title={Energy Primer: a Handbook of Energy Market Basics},
  author={{Federal Energy Regulatory Commission}},
  year={2015},
  address={Washington, DC}
}

@article{boyd2003,
  title={Subgradient methods},
  author={Boyd, Stephen and Xiao, Lin and Mutapcic, Almir},
  journal={Lecture notes of {EE392o}, Stanford University, Autumn Quarter},
  year={2003}
}

@inproceedings{ren2012,
  title={Provably-efficient job scheduling for energy and fairness in geographically distributed data centers},
  author={Ren, Shaolei and He, Yuxiong and Xu, Fei},
  booktitle={Proc. Intl. Conf. on Distrib. Comp. Syst.},
  pages={22--31},
  year={2012},
  addres={Macau, China},
 month=Jun
}

@article{bera2015,
  title={Cloud computing applications for smart grid: A survey},
  author={Bera, Samaresh and Misra, Sudip and Rodrigues, Joel JPC},
  journal=IEEE_J_PDS,
  volume={26},
  number={5},
  pages={1477--1494},
  year={2015},
  month=May
}

@inproceedings{defazio2014,
  title={{SAGA}: {A} fast incremental gradient method with support for non-strongly convex composite objectives},
  author={Defazio, Aaron and Bach, Francis and Lacoste-Julien, Simon},
  booktitle={Proc. Advances in Neural Info. Process. Syst.},
  pages={1646--1654},
  address={Montreal, Canada},
  month=Dec,
  year={2014}
}

@article{koshal2011,
  title={Multiuser optimization: distributed algorithms and error analysis},
  author={Koshal, Jayash and Nedic, Angelia and Shanbhag, Uday V},
  journal={SIAM J. Optimization},
  volume={21},
  number={3},
  pages={1046--1081},
  year={2011},
  month=Jul
}

@book{nesterov2013,
  title={Introductory Lectures on Convex Optimization: {A} basic course},
  author={Nesterov, Yurii},
  volume={87},
  year={2013},
  publisher={Springer},
  address={Berlin, Germany}
}

@book{bertsekas1999,
  title={Nonlinear Programming},
  author={Bertsekas, Dimitri P},
  year={1999},
  publisher={Athena scientific},
  address={Belmont, MA}
}

@book{kong1995,
  title={Adaptive {S}ignal {P}rocessing {A}lgorithms},
  author={Kong, V and Solo, X},
  year={1995},
 ADDRESS = {Upper Saddle River, NJ},
  publisher={Prentice Hall}
}

@inproceedings{Daneshmand16,
  author    = {Hadi Daneshmand and  Aur{\'{e}}lien Lucchi and Thomas Hofmann},
  title     = {Starting Small - Learning with Adaptive Sample Sizes},
  booktitle={Proc. Intl. Conf. on Machine Learning},
  year      = {2016},
  address={New York, NJ},
  month = Jun
}

@article{huang2011,
  title={Delay reduction via {L}agrange multipliers in stochastic network optimization},
  author={Huang, Longbo and Neely, Michael J},
  journal=IEEE_J_AC,
  volume={56},
  number={4},
  pages={842--857},
  year={2011},
  month=Apr
}

@inproceedings{huang2014,
  title={The power of online learning in stochastic network optimization},
  author={Huang, Longbo and Liu, Xin and Hao, Xiaohong},
  booktitle={Proc. ACM SIGMETRICS},
  volume={42},
  number={1},
  pages={153--165},
  year={2014},
  address={New York, NY},
  month=Jun
}

@book{vapnik2013,
  title={The Nature of Statistical Learning Theory},
  author={Vapnik, Vladimir},
  year={2000},
  address={New York City, NY},
  publisher={Springer Science \& Business Media}
}

@book{meyn2012,
  title={Markov Chains and Stochastic Stability},
  author={Meyn, Sean P and Tweedie, Richard L},
  year={2012},
  address={Berlin, Germany},
  publisher={Springer Science \& Business Media}
}

@article{gatsis2010,
  title={A class of convergent algorithms for resource allocation in wireless fading networks},
  author={Gatsis, Nikolaos and Ribeiro, Alejandro and Giannakis, Georgios B},
  journal=IEEE_J_WCOM,
  volume={9},
  number={5},
  pages={1808--1823},
  year={2010},
  month=May
}

@article{eryilmaz2006,
  title={Joint congestion control, routing, and {MAC} for stability and fairness in wireless networks},
  author={Eryilmaz, Atilla and Srikant, R},
  journal={IEEE J. Sel. Areas Commun.},
  volume={24},
  number={8},
  pages={1514--1524},
  year={2006},
  month=Aug
}

@inproceedings{liu2016,
  title={Heavy-Ball: A New Approach to Tame Delay and Convergence in Wireless Network Optimization},
  author={Liu, Jia and Eryilmaz, Atilla and Shroff, Ness B and Bentley, Elizabeth S},
    booktitle={Proc. IEEE INFOCOM},
  year={2016},
  address={San Francisco, CA},
  month=Apr
}


@article{valls2015,
  title={Descent With Approximate Multipliers is Enough: Generalising Max-Weight},
  author={Valls, V{\'\i}ctor and Leith, Douglas J},
  journal={arXiv preprint:1511.02517},
  month=Nov,
  year={2015}
}

@book{bishop2006,
  title={Pattern Recognition},
  author={Bishop, Christopher M},
    address={Berlin, Germany},
  publisher={Springer Science \& Business Media},
  year={2006}
}

@article{chen2016jsac,
  title={Robust Workload and Energy Management for Sustainable Data Centers},
  author={Chen, Tianyi and Zhang, Yu and Wang, Xin and Giannakis, Georgios B},
  journal={IEEE J. Sel. Areas Commun.},
  volume={34},
  number={3},
  pages={651--664},
  year={2016},
  month=Mar
}

@article{li2015,
  title={On the optimal convergence speed of wireless scheduling for fair resource allocation},
  author={Li, Bin and Li, Ruogu and Eryilmaz, Atilla},
  journal=IEEE_J_NET,
  volume={23},
  number={2},
  pages={631--643},
  year={2015},
  month=Apr
}

@article{zargham2014,
  title={Accelerated dual descent for network flow optimization},
  author={Zargham, Michael and Ribeiro, Alejandro and Ozdaglar, Asuman and Jadbabaie, Ali},
  journal=IEEE_J_AC,
  volume={59},
  number={4},
  pages={905--920},
  year={2014},
  month=Apr
}

@article{zargham2013,
  title={Accelerated Backpressure Algorithm},
  author={Zargham, Michael and Ribeiro, Alejandro and Jadbabaie, Ali},
  journal={arXiv preprint:1302.1475},
  month=Feb,
  year={2013}
}

@article{huang2015,
  title={Fast-Convergent Learning-aided Control in Energy Harvesting Networks},
  author={Huang, Longbo},
  journal={arXiv preprint:1503.05665},
  month=Mar,
  year={2015}
}

@article{mokhtari2016,
  title={Adaptive {N}ewton Method for Empirical Risk Minimization to Statistical Accuracy},
  author={Mokhtari, Aryan and Ribeiro, Alejandro},
  journal={arXiv:1605.07659},
  month=May,
  year={2016}
}

@book{kolmogorov1950,
  title={Foundations of the Theory of Probability.},
  author={Kolmogorov, Andrey Nikolaevich},
  year={1950},
  address={Chelsea, Vermont},
  publisher={Chelsea Publishing}
}

@book{kay1993,
  title={Fundamentals of Statistical Signal processing: Estimation Theory},
  author={Kay, Steven M},
  year={1993},
  address={Upper Saddle River, NJ},
  publisher={Prentice Hall}
}

@inproceedings{zhang2016,
  title={Learning-Aided Scheduling for Mobile Virtual Network Operators with {QoS} Constraints},
  author={Zhang, Tianxiao and Wu, Huasen and Liu, Xin and Huang, Longbo},
  booktitle={Proc. WiOpt},
  month=May,
  address={Tempe, AZ},
  year={2016}
}

@article{sun2016,
author={S. Sun and M. Dong and B. Liang}, 
journal=IEEE_J_SG, 
title={Distributed Real-Time Power Balancing in Renewable-Integrated Power Grids With Storage and Flexible Loads}, 
year={2016, to appear}, 
}

@article{gregoire2015, 
author={J. Gregoire and X. Qian and E. Frazzoli and A. de La Fortelle and T. Wongpiromsarn}, 
journal=IEEE_J_CNS,
title={Capacity-Aware Backpressure Traffic Signal Control}, 
year={2015}, 
volume={2}, 
number={2}, 
pages={164-173}, 
month={June}
}

@article{nemirovski2009,
  title={Robust stochastic approximation approach to stochastic programming},
  author={Nemirovski, Arkadi and Juditsky, Anatoli and Lan, Guanghui and Shapiro, Alexander},
  journal={SIAM J. Optimization},
  volume={19},
  number={4},
  pages={1574--1609},
  year={2009}
}

@article{duchi2012,
  title={Ergodic mirror descent},
  author={Duchi, John C and Agarwal, Alekh and Johansson, Mikael and Jordan, Michael I},
  journal={SIAM J. Optimization},
  volume={22},
  number={4},
  pages={1549--1578},
  year={2012}
}

@article{yuan2016,
  title={On the Influence of Momentum Acceleration on Online Learning},
  author={Yuan, Kun and Ying, Bicheng and Sayed, Ali H},
  journal={arXiv preprint:1603.04136},
  month=Mar,
  year={2016}
}

@book{polyak1987,
  title={Introduction to Optimization},
  author={Polyak, Boris T},
  address={New York, NY},
  publisher={Optimization Software},
  year={1987}
}

@article{lan2012,
  title={An optimal method for stochastic composite optimization},
  author={Lan, Guanghui},
  journal={Mathematical Programming},
  volume={133},
  number={1-2},
  pages={365--397},
  month=Jun,
  year={2012}
}

 
@article{low1999,
  title={Optimization flow control-{I}: {B}asic algorithm and convergence},
  author={Low, Steven H and Lapsley, David E},
  journal=IEEE_J_NET,
  volume={7},
  number={6},
  pages={861--874},
  year={1999},
  month=Dec
}

@article{yu2016,
  title={A Low Complexity Algorithm with $ \mathcal{O}(\sqrt{T}) $ Regret and Constraint Violations for Online Convex Optimization with Long Term Constraints},
  author={Yu, Hao and Neely, Michael J},
  journal={arXiv preprint:1604.02218},
  month=Apr,
  year={2016}
}

@inproceedings{bao2016,
  title={From Prediction to Action: A Closed-Loop Approach for Data-Guided Network Resource Allocation},
  author={Bao, Yanan and Wu, Huasen and Liu, Xin}
}

@article{chen2017tcns,
  title={Learn-and-Adapt Stochastic Dual Gradients for Network Resource Allocation},
  author={Chen, Tianyi and Qing Ling and Giannakis, Georgios B},
  volume={5},
  number={4},
  pages={1941-1951},
  year={2018},
  month=dec,
  journal=IEEE_J_CNS
}

@article{koppel2015,
  title={A saddle point algorithm for networked online convex optimization},
  author={Koppel, Alec and Jakubiec, Felicia Y and Ribeiro, Alejandro},
  journal=IEEE_J_SP,
  volume={63},
  number={19},
  pages={5149--5164},
  year={2015},
  month=Oct
}

@article{besbes2015,
  title={Non-stationary stochastic optimization},
  author={Besbes, Omar and Gur, Yonatan and Zeevi, Assaf},
  journal={Operations Research},
  volume={63},
  number={5},
  pages={1227--1244},
  year={2015},
  month=Sep
}

@article{paternain2016,
  title={Online Learning of Feasible Strategies in Unknown Environments},
  author={Paternain, Santiago and Ribeiro, Alejandro},
  journal=IEEE_J_AC,
  url = {https://arxiv.org/pdf/1604.02137v1.pdf},
  year={to appear, 2016}
}

@article{shalev2011,
  title={Online learning and online convex optimization},
  author={Shalev-Shwartz, Shai},
  journal={Found. and Trends in Mach. Learn.},
  volume={4},
  number={2},
  pages={107--194},
  year={2011}
}

@article{hazan2016,
  title={Introduction to Online Convex Optimization},
  author={Hazan, Elad},
  journal={Found. and Trends in Mach. Learn.},
  volume={2},
  number={3-4},
  pages={157--325},
  year={2016}
}

@inproceedings{mokhtari2016b,
  title={Online Optimization in Dynamic Environments: Improved Regret Rates for Strongly Convex Problems},
  author={Mokhtari, Aryan and Shahrampour, Shahin and Jadbabaie, Ali and Ribeiro, Alejandro},
  booktitle={Proc. {IEEE} Conf. on Decision and Control},
  month=Dec,
  address={Las Vegas, NV},
  year={2016}
}

@article{hall2015,
  title={Online convex optimization in dynamic environments},
  author={Hall, Eric C and Willett, Rebecca M},
  journal=IEEE_J_STSP,
  volume={9},
  number={4},
  pages={647--662},
  year={2015},
  month=Jun
}

@inproceedings{jadbabaie2015,
  title={Online Optimization: Competing with Dynamic Comparators},
  author={Jadbabaie, Ali and Rakhlin, Alexander and Shahrampour, Shahin and Sridharan, Karthik},
  booktitle={Intl. Conf. on Artificial Intelligence and Statistics},
 address={San Diego, CA},
  month=May,
  year={2015}
}

@article{mahdavi2012,
  title={Trading regret for efficiency: {O}nline convex optimization with long term constraints},
  author={Mahdavi, Mehrdad and Jin, Rong and Yang, Tianbao},
  journal={Journal of Machine Learning Research},
  volume={13},
  month={Sep},
  pages={2503--2528},
  year={2012}
}

@inproceedings{zinkevich2003,
  title={Online convex programming and generalized infinitesimal gradient ascent},
  author={Zinkevich, Martin},
  booktitle={Proc. Intl. Conf. on Machine Learning},
  address={Washington D.C.},
  year={2003},
  month=Aug
}

@article{zhang2016oco,
  title={Improved dynamic regret for non-degeneracy functions},
  author={Zhang, Lijun and Yang, Tianbao and Yi, Jinfeng and Jin, Rong and Zhou, Zhi-Hua},
  journal={arXiv preprint:1608.03933},
  month=Aug,
  year={2016}
}

@article{hazan2007,
  title={Logarithmic regret algorithms for online convex optimization},
  author={Hazan, Elad and Agarwal, Amit and Kale, Satyen},
  journal={Machine Learning},
  volume={69},
  number={2-3},
  pages={169--192},
  year={2007},
  month=Dec
}

@article{chen2016tsp,
  title={Stochastic Averaging for Constrained Optimization with Application to Online Resource Allocation},
  author={Chen, T. and Mokhtari, A. and Wang, X. and Ribeiro, A. and Giannakis, G. B.},
  journal=IEEE_J_SP,
  year={2017},
  volume={65},
  number={12},
  pages={3078--3093},
  month=Jun
}

@inproceedings{chenadam2016,
  title={Using Predictions in Online Optimization: Looking Forward with an Eye on the Past},
  author={Chen, Niangjun and Comden, Joshua and Liu, Zhenhua and Gandhi, Anshul and Wierman, Adam},
  booktitle={Proc. ACM SIGMETRICS},
  pages={193--206},
  year={2016},
  month=Jun,
  address={Antibes Juan-les-Pins, France}
}

@inproceedings{andrew2013,
  title={A Tale of Two Metrics: Simultaneous Bounds on Competitiveness and Regret},
  author={Andrew, Lachlan LH and Barman, Siddharth and Ligett, Katrina and Lin, Minghong and Meyerson, Adam and Roytman, Alan and Wierman, Adam},
   booktitle={Proc. Annual Conf. on Learning Theory},
     month=Jun,
     year={2013},
  address={Princeton, NJ}
}

@ARTICLE{huang2016, 
author={L. Huang and S. Zhang and M. Chen and X. Liu}, 
journal=IEEE_J_NET,
title={When Backpressure Meets Predictive Scheduling}, 
year={2016}, 
volume={24}, 
number={4}, 
pages={2237-2250}, 
month=Aug
}

@article{little1961,
  title={A proof for the queuing formula: L=$\lambda$W},
  author={Little, John DC},
  journal={Operations research},
  volume={9},
  number={3},
  pages={383--387},
  year={1961},
  month=Jun
}

@ARTICLE{kim2017, 
author={S. J. Kim and G. Giannakis}, 
journal=IEEE_J_SG,
title={An Online Convex Optimization Approach to Real-Time Energy Pricing for Demand Response}, 
year={to appear, 2017}
}

@article{tadrous2013,
  title={Proactive resource allocation: Harnessing the diversity and multicast gains},
  author={Tadrous, John and Eryilmaz, Atilla and El Gamal, Hesham},
  journal=IEEE_J_IT,
  volume={59},
  number={8},
  pages={4833--4854},
  year={2013},
  month=Aug
}

@inproceedings{wang2012,
  author    = {Wang, Huahua and Banerjee, Arindam},
  title     = {Online Alternating Direction Method},
  booktitle={Proc. Intl. Conf. on Machine Learning},
  year      = {2012},
  address={Edinburgh, Scotland},
  month = Jun
}


@article{chen2017tsp,
  title={An Online Convex Optimization Approach to Proactive Network Resource Allocation},
  author={Chen, T. and Ling, Q. and Giannakis, G. B.},
  journal=IEEE_J_SP,
  year={2017},
  month=Dec,
  volume={65},
  number={24}, 
  pages={6350--6364}
}


@article{duchi2011jmlr,
  title={Adaptive subgradient methods for online learning and stochastic optimization},
  author={Duchi, John C and Hazan, Elad and Singer, Yoram},
  journal={Journal of Machine Learning Research},
  volume={12},
  month=Jul,
  pages={2121--2159},
  year={2011}
}

@article{mach2017,
  title={Mobile Edge Computing: {A} Survey on Architecture and Computation Offloading},
  author={Mach, Pavel and Becvar, Zdenek},
  journal={IEEE Comm. Surveys \& Tutorials},
  year={2017, to appear}
}

@article{huang2017,
  title={Collaborative Resource Allocation Over A Hybrid Cloud Center And Edge Server Network},
  author={Huang, Houfeng and Ling, Qing and Shi, Wei and Wang, Jinlin},
  journal={Journal of Computational Mathematics},
  year={2017, to appear}
}

@article{lee2017,
  title={An Online Secretary Framework for Fog Network Formation with Minimal Latency},
  author={Lee, Gilsoo and Saad, Walid and Bennis, Mehdi},
  journal={arXiv:1702.05569},
  month=Apr,
  year={2017}
}

@inproceedings{samie2016,
  title={Computation offloading and resource allocation for low-power {IoT} edge devices},
  author={Samie, Farzad and Tsoutsouras, Vasileios and Bauer, Lars and Xydis, Sotirios and Soudris, Dimitrios and Henkel, Jorg},
  booktitle={Proc. World Forum Internet Things},
  pages={7--12},
  year={2016},
  month=Dec
}

@article{chiang2016,
  title={Fog and {IoT}: An overview of research opportunities},
  author={Chiang, Mung and Zhang, Tao},
  journal={IEEE Internet Things J.},
  volume={3},
  number={6},
  pages={854--864},
  year={2016}
}

@article{sardellitti2015,
  title={Joint optimization of radio and computational resources for multicell mobile-edge computing},
  author={Sardellitti, Stefania and Scutari, Gesualdo and Barbarossa, Sergio},
  journal={IEEE Trans. Signal Info. Process. Netw.},
  volume={1},
  number={2},
  pages={89--103},
  year={2015},
  month=Jun
}

@inproceedings{flaxman2005,
  title={Online convex optimization in the bandit setting: gradient descent without a gradient},
  author={Flaxman, Abraham D and Kalai, Adam Tauman and McMahan, H Brendan},
  booktitle={Proc. of ACM SODA},
  pages={385--394},
  year={2005},
  month=Jan,
  address={Vancouver, Canada}
}

@inproceedings{saha2011,
  title={Improved Regret Guarantees for Online Smooth Convex Optimization with Bandit Feedback.},
  author={Saha, Ankan and Tewari, Ambuj},
  booktitle={Proc. of AISTATS},
  pages={636--642},
  month=Apr,
  address={Fort Lauderdale, FL},
  year={2011}
}

@article{neely2017,
  title={Online Convex Optimization with Time-Varying Constraints},
  author={Neely, Michael J and Yu, Hao},
  journal={arXiv preprint:1702.04783},
  year={2017},
  month=Feb
}

@inproceedings{agarwal2010,
  title={Optimal Algorithms for Online Convex Optimization with Multi-Point Bandit Feedback.},
  author={Agarwal, Alekh and Dekel, Ofer and Xiao, Lin},
  booktitle={Proc. Annual Conf. on Learning Theory},
  pages={28--40},
  year={2010},
  address={Haifa, Israel}
}

@book{spall2005,
  title={Introduction to Stochastic Search and Optimization: Estimation, Simulation, and Control},
  author={Spall, James C},
  year={2005},
  address={Hoboken, New Jersey},
  publisher={John Wiley \& Sons}
}

@article{wang2017,
  title={Joint offloading and computing optimization in wireless powered mobile-edge computing systems},
  author={Wang, Feng and Xu, Jie and Wang, Xin and Cui, Shuguang},
  journal=IEEE_J_WCOM,
  url={https://arxiv.org/abs/1702.00606},
  month=Feb,
  year={2017, submitted}
}

@article{duchi2015,
  title={Optimal rates for zero-order convex optimization: The power of two function evaluations},
  author={Duchi, John C and Jordan, Michael I and Wainwright, Martin J and Wibisono, Andre},
  journal=IEEE_J_IT,
  volume={61},
  number={5},
  pages={2788--2806},
  year={2015},
  month=May
}

@article{ghadimi-lan2013,
  title={Stochastic first-and zeroth-order methods for nonconvex stochastic programming},
  author={Ghadimi, Saeed and Lan, Guanghui},
  journal={SIAM Journal on Optimization},
  volume={23},
  number={4},
  pages={2341--2368},
  year={2013},
  month=Dec
}

@article{nesterov2017,
  title={Random gradient-free minimization of convex functions},
  author={Nesterov, Yurii and Spokoiny, Vladimir},
  journal={Foundations of Computational Mathematics},
  volume={17},
  number={2},
  pages={527--566},
  year={2017},
  month=Apr
}

@article{bubeck2016,
  title={Kernel-based methods for bandit convex optimization},
  author={Bubeck, S{\'e}bastien and Eldan, Ronen and Lee, Yin Tat},
  journal={arXiv preprint:1607.03084},
  year={2016},
  month=Jul
}

@article{bubeck2012,
  title={Regret analysis of stochastic and nonstochastic multi-armed bandit problems},
  author={Bubeck, S{\'e}bastien and Cesa-Bianchi, Nicolo},
  journal={Found. and Trends in Mach. Learn.},
  volume={5},
  number={1},
  pages={1--122},
  year={2012}
}

@article{mao2017,
  title={Mobile edge computing: {S}urvey and research outlook},
  author={Mao, Yuyi and You, Changsheng and Zhang, Jun and Huang, Kaibin and Letaief, Khaled B},
  journal={arXiv preprint:1701.01090},
  year={2017},
  month=Jan
}

@article{chen2016ton,
  title={Efficient multi-user computation offloading for mobile-edge cloud computing},
  author={Chen, Xu and Jiao, Lei and Li, Wenzhong and Fu, Xiaoming},
  journal=IEEE_J_NET,
  volume={24},
  number={5},
  pages={2795--2808},
  year={2016},
  month=Oct
}

@inproceedings{samie2016b,
  title={Distributed {QoS} management for {Internet of Things} under resource constraints},
  author={Samie, Farzad and Tsoutsouras, Vasileios and Xydis, Sotirios and Bauer, Lars and Soudris, Dimitrios and Henkel, J{\"o}rg},
  booktitle={Proc. Intl. Conf. on Hardware/Software Codesign and System Synthesis},
  pages={1--10},
  year={2016},
  month=Oct,
  address={Pittsburgh, PA}
}

@inproceedings{awerbuch2004,
  title={Adaptive routing with end-to-end feedback: Distributed learning and geometric approaches},
  author={Awerbuch, Baruch and Kleinberg, Robert D},
  booktitle={Proc. ACM Symp. on Theory of Computing},
  pages={45--53},
  year={2004},
  address={Chicago, IL},
  month=Jun
}

@article{kao2016,
  title={Online learning for wireless distributed computing},
  author={Kao, Yi-Hsuan and Wright, Kwame and Krishnamachari, Bhaskar and Bai, Fan},
  journal={arXiv preprint:1611.02830},
  year={2016},
  month=Nov,
  url={https://arxiv.org/abs/1611.02830}
}

@article{shamir2017,
  title={An Optimal Algorithm for Bandit and Zero-Order Convex Optimization with Two-Point Feedback},
  author={Shamir, Ohad},
  journal={Journal of Machine Learning Research},
  volume={18},
  number={52},
  pages={1--11},
  year={2017}
}

@inproceedings{abernethy2008,
  title={Competing in the Dark: An Efficient Algorithm for Bandit Linear Optimization.},
  author={Abernethy, Jacob D and Hazan, Elad and Rakhlin, Alexander},
  booktitle={Proc. Annual Conf. on Learning Theory},
  pages={263--274},
  year={2008},
  month=Jul,
  address={Helsinki, Finland}
}

@inproceedings{narang2013signal,
  title={Signal processing techniques for interpolation in graph structured data},
  author={Narang, Sunil K and Gadde, Akshay and Ortega, Antonio},
  booktitle={Proc. Intl. Conf. Acoust. Speech Signal Process.},
  pages={5445--5449},
  year={2013},
  address={Vancouver, Canada},
  month=May
}


@inproceedings{shen2018aistats,
title={Online Ensemble Multi-kernel Learning Adaptive to Non-stationary and Adversarial Environments},
author={Shen, Y. and Chen, T. and Giannakis, G. B.},
booktitle={Proc. of Intl. Conf. on Artificial Intelligence and Statistics},
year={2018},
address={Lanzarote, Canary Islands},
month=apr
}


