@string{TSP = "IEEE Trans. Sig. Proc."}
@string{JMLR = "J. Machine Learning Res."}
@string{JSTSP = "IEEE J. Sel. Topics Sig. Proc."}
@string{JSAC = "IEEE J. Sel. Areas Commun."}
@string{TWC = "IEEE Trans. Wireless Commun."}
@string{TVT = "IEEE Trans. Veh. Technol."}
@string{SPM = "IEEE Sig. Proc. Mag."}
@string{TIT = "IEEE Trans. Info. Theory"}
@string{TMC = "IEEE Trans. Mobile Comput."}
@string{TMI = "IEEE Trans. Medical Imaging"}
@string{NIPS= "Proc. Advances in Neural Information Processing Systems"}
@string{ICML= "Proc. International Conference on Machine Learning"}
@string{ICLR= "Proc. International Conference on Learning Representations"}
@string{AISTATS= "Proc. International Conference on Artificial Intelligence and Statistics"}
@string{AAAI= "Proc. Association for the Advancement of Artificial Intelligence"}
@string{ICASSP= "Proc. IEEE International Conference on Acoustics, Speech and Signal Processing"}
@string{UAI = "Uncertainty in Artificial Intelligence"}
@string{CVPR = "Proc. IEEE/CVF Conference on Computer Vision and Pattern Recognition"}


@string{UAI2020_loc= "Toronto, Canada"}

@string{NIPS2016_loc= "Barcelona, Spain"}
@string{NIPS2017_loc= "Long Beach, CA"}
@string{NIPS2018_loc= "Montreal, Canada"}
@string{NIPS2019_loc= "Vancouver, Canada"}
@string{NIPS2020_loc= "virtual"}
@string{NIPS2021_loc= "virtual"}
@string{NIPS2022_loc= "New Orleans, LA"}
@string{NIPS2023_loc= "New Orleans, LA"}
@string{NIPS2024_loc= "Vancouver, BC, Canada"}

@string{ICML2015_loc= "Lille, France"}
@string{ICML2016_loc= "New York City, NY"}
@string{ICML2017_loc= "Sydney, Australia"}
@string{ICML2018_loc= "Stockholm, Sweden"}
@string{ICML2019_loc= "Long Beach, CA"}
@string{ICML2020_loc= "virtual"}
@string{ICML2021_loc= "virtual"}
@string{ICML2022_loc= "Baltimore, MD"}
@string{ICML2023_loc= "Honolulu, HI"}
@string{ICML2024_loc= "Vienna, Austria"}



@string{ICLR2016_loc= "Caribe Hilton, Puerto Rico"}
@string{ICLR2017_loc= "Palais des Congr√®s Neptune, France"}
@string{ICLR2018_loc= "Vancouver, Canada"}
@string{ICLR2019_loc= "New Orleans, LA"}
@string{ICLR2020_loc= "virtual"}
@string{ICLR2021_loc= "virtual"}
@string{ICLR2022_loc= "virtual"}
@string{ICLR2023_loc= "Kigali, Rwanda"}
@string{ICLR2024_loc= "Vienna, Austria"}

@string{AISTATS2016_loc = "Cadiz, Spain"}
@string{AISTATS2017_loc = "Fort Lauderdale, FL"}
@string{AISTATS2018_loc = "Playa Blanca, Canary Islands"}
@string{AISTATS2019_loc = "Naha, Japan"}
@string{AISTATS2020_loc = "virtual"}
@string{AISTATS2021_loc = "virtual"}
@string{AISTATS2022_loc = "virtual"}
@string{AISTATS2023_loc = "Valencia, Spain"}

@string{AAAI2016_loc = "Phoenix, AZ"}
@string{AAAI2017_loc = "San Francisco, CA"}
@string{AAAI2018_loc = "New Orleans, LA"}
@string{AAAI2019_loc = "Honolulu, HI"}
@string{AAAI2020_loc = "New York City, NY"}
@string{AAAI2021_loc = "virtual"}
@string{AAAI2021_loc = "virtual"}
@string{AAAI2022_loc = "virtual"}
@string{AAAI2023_loc = "Washington, D.C."}

@string{CVPR2022_loc= "New Orleans, LA"}
@string{CVPR2024_loc= "Seattle, WA"}

@book{luo1996mathematical,
  title={{Mathematical Programs with Equilibrium Constraints}},
  author={Luo, Zhi-Quan and Pang, Jong-Shi and Ralph, Daniel},
  year={1996},
  publisher={{Cambridge University Press}}
}

@article{nesterov2013gradient,
  title={Gradient methods for minimizing composite functions},
  author={Nesterov, Yu},
  journal={Mathematical programming},
  volume={140},
  number={1},
  pages={125--161},
  year={2013},
}

@article{wang2017inexact,
  title={Inexact proximal stochastic gradient method for convex composite optimization},
  author={Wang, Xiao and Wang, Shuxiong and Zhang, Hongchao},
  journal={Computational Optimization and Applications},
  volume={68},
  number={3},
  pages={579--618},
  year={2017},
}

@book{dontchev2014implicit,
  title={Implicit Functions and Solution Mappings: A View from Variational Analysis},
  author={Dontchev, Asen L and Rockafellar, R Tyrrell},
  year={2014},
  publisher={Springer}
}

@inproceedings{tsaknakis2022implicit,
  title={An Implicit Gradient-Type Method for Linearly Constrained Bilevel Problems},
  author={Tsaknakis, Ioannis and Khanduri, Prashant and Hong, Mingyi},
  booktitle=ICASSP,
  year={2022},
  address={Singapore}
}

@article{chen2023learning,
  title={Learning with Limited Samples: Meta-Learning and Applications to Communication Systems},
  author={Chen, Lisha and Jose, Sharu Theresa and Nikoloska, Ivana and Park, Sangwoo and Chen, Tianyi and Simeone, Osvaldo},
  journal={Foundations and Trends{\textregistered} in Signal Processing},
  volume={17},
  number={2},
  pages={79--208},
  year={2023}
}


@article{crockett2022bilevel,
  title={Bilevel methods for image reconstruction},
  author={Crockett, Caroline and Fessler, Jeffrey},
  journal={Foundations and Trends{\textregistered} in Signal Processing},
  volume={15},
  number={2-3},
  pages={121--289},
  year={2022}
}


@article{yen1995lipschitz,
  title={Lipschitz continuity of solutions of variational inequalities with a parametric polyhedral constraint},
  author={Yen, Nguyen Dong},
  journal={Mathematics of Operations Research},
  volume={20},
  number={3},
  pages={695--708},
  year={1995},
  publisher={INFORMS}
}

@article{bednarczuk2021lipschitz,
  title={On Lipschitz continuity of projections onto polyhedral moving sets},
  author={Bednarczuk, Ewa M and Rutkowski, Krzysztof E},
  journal={Applied Mathematics \& Optimization},
  volume={84},
  number={2},
  pages={2147--2175},
  year={2021},
  publisher={Springer}
}

@article{bolte2021conservative,
  title={Conservative set valued fields, automatic differentiation, stochastic gradient methods and deep learning},
  author={Bolte, J{\'e}r{\^o}me and Pauwels, Edouard},
  journal={Mathematical Programming},
  volume={188},
  number={1},
  pages={19--51},
  year={2021},
  publisher={Springer}
}

@article{bolte2009tame,
  title={Tame functions are semismooth},
  author={Bolte, J{\'e}r{\^o}me and Daniilidis, Aris and Lewis, Adrian},
  journal={Mathematical Programming},
  volume={117},
  number={1},
  pages={5--19},
  year={2009},
  publisher={Springer}
}

@article{ruszczynski2020convergence,
  title={Convergence of a stochastic subgradient method with averaging for nonsmooth nonconvex constrained optimization},
  author={Ruszczy{\'n}ski, Andrzej},
  journal={Optimization Letters},
  volume={14},
  number={7},
  pages={1615--1625},
  year={2020},
  publisher={Springer}
}

@article{davis2021conservative,
  title={Conservative and semismooth derivatives are equivalent for semialgebraic maps},
  author={Davis, Damek and Drusvyatskiy, Dmitriy},
  journal={Set-Valued and Variational Analysis},
  pages={1--11},
  year={2021},
  publisher={Springer}
}


@incollection{dempe2020bilevel,
  title={Bilevel optimization},
  author={Dempe, Stephan and Zemkoho, Alain},
  publisher={Springer}
}


@inproceedings{mishchenko2022proxskip,
  title={ProxSkip: Yes! Local Gradient Steps Provably Lead to Communication Acceleration! Finally!},
  author={Mishchenko, Konstantin and Malinovsky, Grigory and Stich, Sebastian and Richt{\'a}rik, Peter},
  booktitle=ICML,
  year={2022},
  address=ICML2022_loc
}


@inproceedings{chen2022single,
  title={A single-timescale method for stochastic bilevel optimization},
  author={Chen, Tianyi and Sun, Yuejiao and Xiao, Quan and Yin, Wotao},
  booktitle=AISTATS,
  year={2022},
  address=AISTATS2022_loc
}

@article{ye2010new,
  title={New necessary optimality conditions for bilevel programs by combining the {MPEC} and value function approaches},
  author={Ye, Jane J and Zhu, Daoli},
  journal={SIAM Journal on Optimization},
  volume={20},
  number={4},
  pages={1885--1905},
  year={2010},
  publisher={SIAM}
}

@inproceedings{maclaurin2015gradient,
  title={Gradient-based hyperparameter optimization through reversible learning},
  author={Maclaurin, Dougal and Duvenaud, David and Adams, Ryan},
  booktitle=ICML,
  year={2015},
  address=ICML2015_loc
}

@inproceedings{franceschi2017forward,
  title={Forward and reverse gradient-based hyperparameter optimization},
  author={Franceschi, Luca and Donini, Michele and Frasconi, Paolo and Pontil, Massimiliano},
  booktitle=ICML,
  year={2017},
  address=ICML2017_loc
}

@inproceedings{finn2017model,
  title={Model-agnostic meta-learning for fast adaptation of deep networks},
  author={Finn, Chelsea and Abbeel, Pieter and Levine, Sergey},
  booktitle=ICML,
  year={2017},
  address=ICML2017_loc
}

@book{sutton2018reinforcement,
  title={Reinforcement Learning: An Introduction},
  author={Sutton, Richard S and Barto, Andrew G},
  year={2018},
  publisher={MIT press}
}

@inproceedings{liu2018darts,
  title={{DARTS}: Differentiable Architecture Search},
  author={Liu, Hanxiao and Simonyan, Karen and Yang, Yiming},
  booktitle=ICLR,
  year={2019},
  address=ICLR2019_loc
}

@inproceedings{tarzanagh2022fednest,
  title={{FEDNEST}: Federated Bilevel, Minimax, and Compositional Optimization},
  author={Tarzanagh, Davoud Ataee and Li, Mingchen and Thrampoulidis, Christos and Oymak, Samet},
  booktitle=ICML,
  year={2022},
  address=ICML2022_loc
}

@article{gould2016differentiating,
  title={On differentiating parameterized argmin and argmax problems with application to bi-level optimization},
  author={Gould, Stephen and Fernando, Basura and Cherian, Anoop and Anderson, Peter and Cruz, Rodrigo Santa and Guo, Edison},
  journal={arXiv preprint arXiv:1607.05447},
  year={2016}
}

@article{james1978generalised,
  title={The generalised inverse},
  author={James, M},
  journal={The Mathematical Gazette},
  volume={62},
  number={420},
  pages={109--114},
  year={1978},
  publisher={Cambridge University Press}
}

@article{davis2019stochastic,
  title={Stochastic model-based minimization of weakly convex functions},
  author={Davis, Damek and Drusvyatskiy, Dmitriy},
  journal={SIAM Journal on Optimization},
  volume={29},
  number={1},
  pages={207--239},
  year={2019},
  publisher={SIAM}
}

@article{drusvyatskiy2019efficiency,
  title={Efficiency of minimizing compositions of convex functions and smooth maps},
  author={Drusvyatskiy, Dmitriy and Paquette, Courtney},
  journal={Mathematical Programming},
  volume={178},
  number={1},
  pages={503--558},
  year={2019},
  publisher={Springer}
}




@inproceedings{franceschi2018bilevel,
  title = {Bilevel Programming for Hyperparameter Optimization and Meta-Learning},
  author = {Franceschi, Luca and Frasconi, Paolo and Salzo, Saverio and Grazzi, Riccardo and Pontil, Massimilano},
  booktitle=ICML,
  year = {2018},
  address = ICML2018_loc
}

@article{barata2012moore,
  title={The {Moore--Penrose} pseudoinverse: A tutorial review of the theory},
  author={Barata, Jo{\~a}o Carlos Alves and Hussein, Mahir Saleh},
  journal={Brazilian Journal of Physics},
  volume={42},
  number={1},
  pages={146--165},
  year={2012},
  publisher={Springer}
}

@article{parikh2014proximal,
  title={Proximal algorithms},
  author={Parikh, Neal and Boyd, Stephen and others},
  journal={Foundations and trends{\textregistered} in Optimization},
  volume={1},
  number={3},
  pages={127--239},
  year={2014},
  publisher={Now Publishers, Inc.}
}

@inproceedings{mcmahan2017communication,
  title={Communication-efficient learning of deep networks from decentralized data},
  author={McMahan, Brendan and Moore, Eider and Ramage, Daniel and Hampson, Seth and y Arcas, Blaise Aguera},
  booktitle=AISTATS,
  year={2017},
  address=AISTATS2017_loc
}

@article{stich2020error,
  title={The error-feedback framework: Better rates for {SGD} with delayed gradients and compressed updates},
  author={Stich, Sebastian U and Karimireddy, Sai Praneeth},
  journal={Journal of Machine Learning Research},
  volume={21},
  pages={1--36},
  year={2020}
}

@inproceedings{stich2018local,
  title={Local {SGD} Converges Fast and Communicates Little},
  author={Stich, Sebastian U},
  booktitle=ICLR,
  year={2019},
  address=ICLR2019_loc
}

@inproceedings{yu2019parallel,
  title={Parallel restarted {SGD} with faster convergence and less communication: Demystifying why model averaging works for deep learning},
  author={Yu, Hao and Yang, Sen and Zhu, Shenghuo},
  booktitle=AAAI,
  year={2019},
  address=AAAI2019_loc
}

@inproceedings{woodworth2020local,
  title={Is local {SGD} better than minibatch {SGD}?},
  author={Woodworth, Blake and Patel, Kumar Kshitij and Stich, Sebastian and Dai, Zhen and Bullins, Brian and Mcmahan, Brendan and Shamir, Ohad and Srebro, Nathan},
  booktitle=ICML,
  year={2020},
  address=ICML2020_loc
}

@article{kairouz2021advances,
  title={Advances and open problems in federated learning},
  author={Kairouz, Peter and McMahan, H Brendan and Avent, Brendan and Bellet, Aur{\'e}lien and Bennis, Mehdi and Bhagoji, Arjun Nitin and Bonawitz, Kallista and Charles, Zachary and Cormode, Graham and Cummings, Rachel and others},
  journal={Foundations and Trends{\textregistered} in Machine Learning},
  volume={14},
  number={1--2},
  pages={1--210},
  year={2021}
}

@article{bracken1973mathematical,
  title={Mathematical programs with optimization problems in the constraints},
  author={Bracken, Jerome and McGill, James T},
  journal={Operations Research},
  volume={21},
  number={1},
  pages={37--44},
  year={1973}
}

@article{ye1995optimality,
  title={Optimality conditions for bilevel programming problems},
  author={Ye, Jane J and Zhu, Daoli},
  journal={Optimization},
  volume={33},
  number={1},
  pages={9--27},
  year={1995}
}

@article{vicente1994bilevel,
  title={Bilevel and multilevel programming: A bibliography review},
  author={Vicente, Luis N and Calamai, Paul H},
  journal={Journal of Global optimization},
  volume={5},
  number={3},
  pages={291--306},
  year={1994}
}

@article{colson2007overview,
  title={An overview of bilevel optimization},
  author={Colson, Beno{\^\i}t and Marcotte, Patrice and Savard, Gilles},
  journal={Annals of operations research},
  volume={153},
  number={1},
  pages={235--256},
  year={2007}
}

@article{sinha2017review,
  title={A review on bilevel optimization: from classical to evolutionary approaches and applications},
  author={Sinha, Ankur and Malo, Pekka and Deb, Kalyanmoy},
  journal={IEEE Transactions on Evolutionary Computation},
  volume={22},
  number={2},
  pages={276--295},
  year={2017}
}

@inproceedings{grazzi2020iteration,
  title={On the iteration complexity of hypergradient computation},
  author={Grazzi, Riccardo and Franceschi, Luca and Pontil, Massimiliano and Salzo, Saverio},
  booktitle=ICML,
  year={2020},
  address=ICML2020_loc
}

@inproceedings{lorraine2020optimizing,
  title={Optimizing millions of hyperparameters by implicit differentiation},
  author={Lorraine, Jonathan and Vicol, Paul and Duvenaud, David},
  booktitle=AISTATS,
  year={2020},
  address=AISTATS2020_loc
}

@inproceedings{yang2021provably,
  title={Provably faster algorithms for bilevel optimization},
  author={Yang, Junjie and Ji, Kaiyi and Liang, Yingbin},
  booktitle=NIPS,
  year={2021},
  address=NIPS2021_loc
}


@article{liu2021investigating,
  title={Investigating bi-level optimization for learning and vision from a unified perspective: A survey and beyond},
  author={Liu, Risheng and Gao, Jiaxin and Zhang, Jin and Meng, Deyu and Lin, Zhouchen},
  journal={IEEE Transactions on Pattern Analysis and Machine Intelligence},
  year={2021}
}


@article{chen2022fast,
  title={A Fast and Convergent Proximal Algorithm for Regularized Nonconvex and Nonsmooth Bi-level Optimization},
  author={Chen, Ziyi and Kailkhura, Bhavya and Zhou, Yi},
  journal={arXiv preprint arXiv:2203.16615},
  year={2022}
}

@article{hu2022improved,
  title={An Improved Unconstrained Approach for Bilevel Optimization},
  author={Hu, Xiaoyin and Xiao, Nachuan and Liu, Xin and Toh, Kim-Chuan},
  journal={arXiv preprint arXiv:2208.00732},
  year={2022}
}

@article{liu2021towards,
  title={Towards gradient-based bilevel optimization with non-convex followers and beyond},
  author={Liu, Risheng and Liu, Yaohua and Zeng, Shangzhi and Zhang, Jin},
  journal=NIPS,
  year={2021},
  address=NIPS2021_loc
}

@inproceedings{gao2022value,
  title={Value Function Based Difference-of-Convex Algorithm for Bilevel Hyperparameter Selection Problems},
  author={Gao, Lucy L and Ye, Jane and Yin, Haian and Zeng, Shangzhi and Zhang, Jin},
  booktitle=ICML,
  year={2022},
  address=ICML2022_loc
}

@article{dempe2007new,
  title={New necessary optimality conditions in optimistic bilevel programming},
  author={Dempe, Stephan and Dutta, Joydeep and Mordukhovich, Boris},
  journal={Optimization},
  volume={56},
  number={5-6},
  pages={577--604},
  year={2007},
  publisher={Taylor \& Francis}
}

@article{dempe2013bilevel,
  title={The bilevel programming problem: reformulations, constraint qualifications and optimality conditions},
  author={Dempe, Stephan and Zemkoho, Alain B},
  journal={Mathematical Programming},
  volume={138},
  number={1},
  pages={447--473},
  year={2013},
  publisher={Springer}
}

@article{brotcorne2013one,
  title={One-level reformulation of the bilevel knapsack problem using dynamic programming},
  author={Brotcorne, Luce and Hanafi, Sa{\"\i}d and Mansi, Ra{\"\i}d},
  journal={Discrete Optimization},
  volume={10},
  number={1},
  pages={1--10},
  year={2013},
  publisher={Elsevier}
}

@article{drusvyatskiy2018error,
  title={Error bounds, quadratic growth, and linear convergence of proximal methods},
  author={Drusvyatskiy, Dmitriy and Lewis, Adrian S},
  journal={Mathematics of Operations Research},
  volume={43},
  number={3},
  pages={919--948},
  year={2018},
  publisher={INFORMS}
}

@inproceedings{yang2020achieving,
  title={Achieving Linear Speedup with Partial Worker Participation in Non-IID Federated Learning},
  author={Yang, Haibo and Fang, Minghong and Liu, Jia},
  booktitle=ICLR,
  year={2021},
  address=ICLR2021_loc
}

@inproceedings{mitra2021linear,
  title={Linear convergence in federated learning: Tackling client heterogeneity and sparse gradients},
  author={Mitra, Aritra and Jaafar, Rayana and Pappas, George J and Hassani, Hamed},
  booktitle=NIPS,
  address=NIPS2021_loc,
  year={2021}
}

@article{huang2022federated,
  title={Federated Learning on Adaptively Weighted Nodes by Bilevel Optimization},
  author={Huang, Yankun and Lin, Qihang and Street, Nick and Baek, Stephen},
  journal={arXiv preprint arXiv:2207.10751},
  year={2022}
}

@article{li2022local,
  title={Local Stochastic Bilevel Optimization with Momentum-Based Variance Reduction},
  author={Li, Junyi and Huang, Feihu and Huang, Heng},
  journal={arXiv preprint arXiv:2205.01608},
  year={2022}
}


@inproceedings{yang2022decentralized,
  title={Decentralized Gossip-Based Stochastic Bilevel Optimization over Communication Networks},
  author={Yang, Shuoguang and Zhang, Xuezhou and Wang, Mengdi},
  booktitle=NIPS,
  year={2022},
  address=NIPS2022_loc
}

@article{chen2022decentralized,
  title={Decentralized Bilevel Optimization},
  author={Chen, Xuxing and Huang, Minhui and Ma, Shiqian},
  journal={arXiv preprint arXiv:2206.05670},
  year={2022}
}

@article{gao2022stochastic,
  title={Stochastic Bilevel Distributed Optimization over a Network},
  author={Gao, Hongchang and Gu, Bin and Thai, My T},
  journal={arXiv preprint arXiv:2206.15025},
  year={2022}
}


@inproceedings{lu2022decentralized,
  title={Decentralized Bilevel Optimization for Personalized Client Learning},
  author={Lu, Songtao and Cui, Xiaodong and Squillante, Mark S and Kingsbury, Brian and Horesh, Lior},
  booktitle={Proc. of IEEE International Conference on Acoustics, Speech and Signal Processing},
  year={2022},
  address={Singapore}
}

@article{ghadimi2016mini,
  title={Mini-batch stochastic approximation methods for nonconvex stochastic composite optimization},
  author={Ghadimi, Saeed and Lan, Guanghui and Zhang, Hongchao},
  journal={Mathematical Programming},
  volume={155},
  number={1},
  pages={267--305},
  year={2016},
  publisher={Springer}
}


@inproceedings{Li2021autobalance,
  title={AutoBalance: Optimized Loss Functions for Imbalanced Data},
  author={Li, Mingchen and Zhang, Xuechen and Thrampoulidis, Christos and Chen, Jiasi and Oymak, Samet},
  booktitle=NIPS,
  year={2021},
  address=NIPS2021_loc
}

@inproceedings{kini2021labelimba,
  title={Label-Imbalanced and Group-Sensitive Classification under Overparameterization},
  author={Kini, Ganesh Ramachandra and Paraskevas, Orestis and Oymak, Samet and Thrampoulidis, Christos},
  booktitle=NIPS,
  year={2021},
  address=NIPS2021_loc
}

@book{boyd2004convex,
  title={Convex optimization},
  author={Boyd, Stephen and Boyd, Stephen P and Vandenberghe, Lieven},
  year={2004},
  publisher={Cambridge university press}
}

@article{aharon2006k,
  title={K-SVD: An algorithm for designing overcomplete dictionaries for sparse representation},
  author={Aharon, Michal and Elad, Michael and Bruckstein, Alfred},
  journal={IEEE Transactions on signal processing},
  volume={54},
  number={11},
  pages={4311--4322},
  year={2006},
  publisher={IEEE}
}

@article{gumucs2001global,
  title={Global optimization of nonlinear bilevel programming problems},
  author={G{\"u}m{\"u}{\c{s}}, Zeynep H and Floudas, Christodoulos A},
  journal={Journal of Global Optimization},
  volume={20},
  number={1},
  pages={1--31},
  year={2001},
  publisher={Springer}
}

@article{guo2011one,
  title={A one-layer recurrent neural network for pseudoconvex optimization subject to linear equality constraints},
  author={Guo, Zhishan and Liu, Qingshan and Wang, Jun},
  journal={IEEE Transactions on Neural Networks},
  volume={22},
  number={12},
  pages={1892--1900},
  year={2011},
  publisher={IEEE}
}

@article{marcotte1986network,
  title={Network design problem with congestion effects: A case of bilevel programming},
  author={Marcotte, Patrice},
  journal={Mathematical programming},
  volume={34},
  number={2},
  pages={142--162},
  year={1986},
  publisher={Springer}
}

@article{alizadeh2013two,
  title={Two-stage stochastic bilevel programming over a transportation network},
  author={Alizadeh, Seyed Mehdi and Marcotte, Patrice and Savard, Gilles},
  journal={Transportation Research Part B: Methodological},
  volume={58},
  pages={92--105},
  year={2013},
  publisher={Elsevier}
}

@article{luise2018differential,
  title={Differential properties of Sinkhorn approximation for learning with Wasserstein distance},
  author={Luise, Giulia and Rudi, Alessandro and Pontil, Massimiliano and Ciliberto, Carlo},
  journal=NIPS,
  year={2018},
  address=NIPS2018_loc
}

@article{gould2022exploiting,
  title={Exploiting Problem Structure in Deep Declarative Networks: Two Case Studies},
  author={Gould, Stephen and Campbell, Dylan and Ben-Shabat, Itzik and Koneputugodage, Chamin Hewa and Xu, Zhiwei},
  journal={arXiv preprint arXiv:2202.12404},
  year={2022}
}

@inproceedings{shen2022single,
  title={A Single-Timescale Analysis For Stochastic Approximation With Multiple Coupled Sequences},
  author={Shen, Han and Chen, Tianyi},
  booktitle=NIPS,
  year={2022},
  address=NIPS2022_loc
}

@inproceedings{dyro2022second,
  title={Second-Order Sensitivity Analysis for Bilevel Optimization},
  author={Dyro, Robert and Schmerling, Edward and Arechiga, Nikos and Pavone, Marco},
  booktitle=AISTATS,
  year={2022},
  address=AISTATS2022_loc
}

@article{ji2022will,
  title={Will Bilevel Optimizers Benefit from Loops},
  author={Ji, Kaiyi and Liu, Mingrui and Liang, Yingbin and Ying, Lei},
  journal={arXiv preprint arXiv:2205.14224},
  year={2022}
}

@article{de2020matrix,
  title={Matrix concentration for products},
  author={De Huang, Jonathan Niles-Weed and Tropp, Joel A and Ward, Rachel},
  journal={arXiv preprint arXiv:2003.05437},
  volume={52},
  year={2020}
}

@inproceedings{lu2022stochastic,
  title={A Stochastic Linearized Augmented Lagrangian Method for Decentralized Bilevel Optimization},
  author={Lu, Songtao and Zeng, Siliang and Cui, Xiaodong and Squillante, Mark and Horesh, Lior and Kingsbury, Brian and Liu, Jia and Hong, Mingyi},
  booktitle=NIPS,
  year={2022},
  address=NIPS2022_loc
}

@inproceedings{bolte2021nonsmooth,
  title={Nonsmooth implicit differentiation for machine-learning and optimization},
  author={Bolte, J{\'e}r{\^o}me and Le, Tam and Pauwels, Edouard and Silveti-Falls, Tony},
  booktitle=NIPS,
  year={2021},
  address=NIPS2021_loc
}

@article{bertrand2022implicit,
  title={Implicit differentiation for fast hyperparameter selection in non-smooth convex learning},
  author={Bertrand, Quentin and Klopfenstein, Quentin and Massias, Mathurin and Blondel, Mathieu and Vaiter, Samuel and Gramfort, Alexandre and Salmon, Joseph},
  journal={Journal of Machine Learning Research},
  volume={23},
  number={149},
  pages={1--43},
  year={2022}
}

@article{gao2022convergence,
  title={On the Convergence of Momentum-Based Algorithms for Federated Stochastic Bilevel Optimization Problems},
  author={Gao, Hongchang},
  journal={arXiv preprint arXiv:2204.13299},
  year={2022}
}

@inproceedings{dagreou2022framework,
  title={A framework for bilevel optimization that enables stochastic and global variance reduction algorithms},
  author={Dagr{\'e}ou, Mathieu and Ablin, Pierre and Vaiter, Samuel and Moreau, Thomas},
  booktitle=NIPS,
  year={2022},
  address=NIPS2022_loc
}

@article{abdulaal1979continuous,
  title={Continuous equilibrium network design models},
  author={Abdulaal, Mustafa and LeBlanc, Larry J},
  journal={Transportation Research Part B: Methodological},
  volume={13},
  number={1},
  pages={19--32},
  year={1979}
}

@article{labbe1998bilevel,
  title={A bilevel model of taxation and its application to optimal highway pricing},
  author={Labb{\'e}, Martine and Marcotte, Patrice and Savard, Gilles},
  journal={Management science},
  volume={44},
  number={12-part-1},
  pages={1608--1622},
  year={1998},
  publisher={INFORMS}
}

@article{santambrogio2015optimal,
  title={Optimal transport for applied mathematicians},
  author={Santambrogio, Filippo},
  journal={Birk{\"a}user, NY},
  volume={55},
  number={58-63},
  pages={94},
  year={2015},
  publisher={Springer}
}

@inproceedings{xiao2022alternating,
  title={Alternating Implicit Projected SGD and Its Efficient Variants for Equality-constrained Bilevel Optimization},
  author={Xiao, Quan and Shen, Han and Yin, Wotao and Chen, Tianyi},
  booktitle=AISTATS,
  year={2023},
  address= AISTATS2023_loc
}

@inproceedings{vicol2022implicit,
  title={On implicit bias in overparameterized bilevel optimization},
  author={Vicol, Paul and Lorraine, Jonathan P and Pedregosa, Fabian and Duvenaud, David and Grosse, Roger B},
  booktitle=ICML,
  year={2022},
  address=ICML2022_loc
}

@inproceedings{nouiehed2019solving,
  title={Solving a class of non-convex min-max games using iterative first order methods},
  author={Nouiehed, Maher and Sanjabi, Maziar and Huang, Tianjian and Lee, Jason D and Razaviyayn, Meisam},
  booktitle=NIPS,
  year={2019},
  address=NIPS2019_loc
}

@inproceedings{yang2022faster,
  title={Faster single-loop algorithms for minimax optimization without strong concavity},
  author={Yang, Junchi and Orvieto, Antonio and Lucchi, Aurelien and He, Niao},
  booktitle=AISTATS,
  year={2022},
  address=AISTATS2022_loc
}

@inproceedings{arbel2021amortized,
  title={Amortized Implicit Differentiation for Stochastic Bilevel Optimization},
  author={Arbel, Michael and Mairal, Julien},
  booktitle=ICLR,
  year={2022},
  address=ICLR2022_loc
}

@inproceedings{arbel2022nonconvex,
  title={Non-Convex Bilevel Games with Critical Point Selection Maps},
  author={Arbel, Michael and Mairal, Julien},
  booktitle=NIPS,
  year={2022},
  address=NIPS2022_loc
}

@article{burke1991exact,
  title={An exact penalization viewpoint of constrained optimization},
  author={Burke, James V},
  journal={SIAM Journal on control and optimization},
  volume={29},
  number={4},
  pages={968--998},
  year={1991},
  publisher={SIAM}
}

@inproceedings{liubome,
  title={BOME! Bilevel Optimization Made Easy: A Simple First-Order Approach},
  author={Liu, Bo and Ye, Mao and Wright, Stephen and Stone, Peter and others},
  booktitle=NIPS,
  year = 2022,
  address = NIPS2022_loc
}

@article{ye2021variational,
  title={Variational analysis perspective on linear convergence of some first order methods for nonsmooth convex optimization problems},
  author={Ye, Jane J and Yuan, Xiaoming and Zeng, Shangzhi and Zhang, Jin},
  journal={Set-Valued and Variational Analysis},
  pages={1--35},
  year={2021},
  publisher={Springer}
}

@article{shen2023penalty,
  title={On Penalty-based Bilevel Gradient Descent Method},
  author={Shen, Han and Xiao, Quan and Chen, Tianyi},
  journal={arXiv preprint:2302.05185},
  year={2023}
}

@article{stewart1977perturbation,
  title={On the perturbation of pseudo-inverses, projections and linear least squares problems},
  author={Stewart, Gilbert W},
  journal={SIAM review},
  volume={19},
  number={4},
  pages={634--662},
  year={1977},
  publisher={SIAM}
}

@inproceedings{pham2021contextual,
  title={Contextual transformation networks for online continual learning},
  author={Pham, Quang and Liu, Chenghao and Sahoo, Doyen and Steven, HOI},
  booktitle=ICLR,
  year={2021},
  address=ICLR2021_loc
}

@inproceedings{zhang2022revisiting,
  title={Revisiting and advancing fast adversarial training through the lens of bi-level optimization},
  author={Zhang, Yihua and Zhang, Guanhua and Khanduri, Prashant and Hong, Mingyi and Chang, Shiyu and Liu, Sijia},
  booktitle=ICML,
  year={2022},
  address=ICML2022_loc
}

@article{migdalas1995bilevel,
  title={Bilevel programming in traffic planning: Models, methods and challenge},
  author={Migdalas, Athanasios},
  journal={Journal of global optimization},
  volume={7},
  number={4},
  pages={381--405},
  year={1995},
  publisher={Springer}
}

@book{stackelberg,
	Author = {Heinrich Von Stackelberg},
	Publisher = {Oxford University Press},
	Title = {The Theory of Market Economy},
	Year = {1952}
}

@book{dempe2002foundations,
  title={Foundations of bilevel programming},
  author={Dempe, Stephan},
  year={2002},
  publisher={Springer Science \& Business Media}
}

@inproceedings{arora2020provable,
  title={Provable representation learning for imitation learning via bi-level optimization},
  author={Arora, Sanjeev and Du, Simon and Kakade, Sham and Luo, Yuping and Saunshi, Nikunj},
  booktitle=ICML,
  year={2020},
  address=ICML2020_loc
}

@inproceedings{stadie2020learning,
  title={Learning intrinsic rewards as a bi-level optimization problem},
  author={Stadie, Bradly and Zhang, Lunjun and Ba, Jimmy},
  booktitle={Conference on Uncertainty in Artificial Intelligence},
  year={2020},
  address={virtual}
}

@inproceedings{borsos2020coresets,
  title={Coresets via Bilevel Optimization for Continual Learning and Streaming},
  author={Borsos, Zal{\'a}n and Mutn{\`y}, Mojm{\'\i}r and Krause, Andreas},
  booktitle=NIPS,
  address=NIPS2020_loc,
  year={2020}
}

@article{jeroslow1985polynomial,
  title={The polynomial hierarchy and a simple model for competitive analysis},
  author={Jeroslow, Robert G},
  journal={Mathematical programming},
  volume={32},
  number={2},
  pages={146--164},
  year={1985},
  publisher={Springer}
}

@article{hansen1992new,
  title={New branch-and-bound rules for linear bilevel programming},
  author={Hansen, Pierre and Jaumard, Brigitte and Savard, Gilles},
  journal={SIAM Journal on scientific and Statistical Computing},
  volume={13},
  number={5},
  pages={1194--1217},
  year={1992},
  publisher={SIAM}
}

@article{chen2023bilevel,
  title={On Finding Small Hyper-Gradients in Bilevel Optimization:Hardness Results and Improved Analysis},
  author={Chen, Lesi and Xu, Jing and Zhang, Jingzhao},
  journal={arXiv preprint arXiv:2301.00712},
  year={2023}
}

@inproceedings{liu2023averaged,
  title={Averaged Method of Multipliers for Bi-Level Optimization without Lower-Level Strong Convexity},
  author={Liu, Risheng and Liu, Yaohua and Yao, Wei and Zeng, Shangzhi and Zhang, Jin},
  booktitle=ICML,
  year={2023},
  address=ICML2023_loc
}

@inproceedings{liu2021value,
  title={A value-function-based interior-point method for non-convex bi-level optimization},
  author={Liu, Risheng and Liu, Xuan and Yuan, Xiaoming and Zeng, Shangzhi and Zhang, Jin},
  booktitle=ICML,
  pages={6882--6892},
  year={2021},
  address=ICML2021_loc
}

@book{janin1984directional,
  title={Directional derivative of the marginal function in nonlinear programming},
  author={Janin, Robert},
  year={1984},
  publisher={Springer}
}

@article{lin2014solving,
  title={On solving simple bilevel programs with a nonconvex lower level program},
  author={Lin, Gui-Hua and Xu, Mengwei and Ye, Jane J},
  journal={Mathematical Programming},
  volume={144},
  number={1-2},
  pages={277--305},
  year={2014},
  publisher={Springer}
}

@article{liu2022loss,
  title={Loss landscapes and optimization in over-parameterized non-linear systems and neural networks},
  author={Liu, Chaoyue and Zhu, Libin and Belkin, Mikhail},
  journal={Applied and Computational Harmonic Analysis},
  volume={59},
  pages={85--116},
  year={2022},
  publisher={Elsevier}
}

@inproceedings{fazel2018global,
  title={Global convergence of policy gradient methods for the linear quadratic regulator},
  author={Fazel, Maryam and Ge, Rong and Kakade, Sham and Mesbahi, Mehran},
  booktitle=ICML,
  year={2018},
  address=ICML2018_loc
}

@article{sun2018geometric,
  title={A geometric analysis of phase retrieval},
  author={Sun, Ju and Qu, Qing and Wright, John},
  journal={Foundations of Computational Mathematics},
  volume={18},
  pages={1131--1198},
  year={2018},
  publisher={Springer}
}

@article{carmon2020lower,
  title={Lower bounds for finding stationary points I},
  author={Carmon, Yair and Duchi, John C and Hinder, Oliver and Sidford, Aaron},
  journal={Mathematical Programming},
  volume={184},
  number={1-2},
  pages={71--120},
  year={2020},
  publisher={Springer}
}

@article{dempe2012karush,
  title={On the Karush--Kuhn--Tucker reformulation of the bilevel optimization problem},
  author={Dempe, Stephan and Zemkoho, Alain B},
  journal={Nonlinear Analysis: Theory, Methods \& Applications},
  volume={75},
  number={3},
  pages={1202--1218},
  year={2012},
  publisher={Elsevier}
}

@article{dempe2006optimality,
  title={Optimality conditions for bilevel programming problems},
  author={Dempe, Stephan and Kalashnikov, Vyatcheslav V and Kalashnykova, Nataliya},
  journal={Optimization with Multivalued Mappings: Theory, Applications, and Algorithms},
  pages={3--28},
  year={2006},
  publisher={Springer}
}

@article{ye2020constraint,
  title={Constraint qualifications and optimality conditions in bilevel optimization},
  author={Ye, Jane J},
  journal={Bilevel Optimization: Advances and Next Challenges},
  pages={227--251},
  year={2020},
  publisher={Springer}
}

@article{henrion2011calmness,
  title={On calmness conditions in convex bilevel programming},
  author={Henrion, Ren{\'e} and Surowiec, Thomas},
  journal={Applicable Analysis},
  volume={90},
  number={6},
  pages={951--970},
  year={2011},
  publisher={Taylor \& Francis}
}

@inproceedings{hataya2023nystrom,
  title={Nystr{\"o}m Method for Accurate and Scalable Implicit Differentiation},
  author={Hataya, Ryuichiro and Yamada, Makoto},
  booktitle=AISTATS,
  year={2023},
  address=AISTATS2023_loc
}

@inproceedings{pedregosa2016hyperparameter,
  title={Hyperparameter optimization with approximate gradient},
  author={Pedregosa, Fabian},
  booktitle=ICML,
  year={2016},
  address=ICML2016_loc
}

@inproceedings{oymak2019overparameterized,
  title={Overparameterized nonlinear learning: Gradient descent takes the shortest path?},
  author={Oymak, Samet and Soltanolkotabi, Mahdi},
  booktitle=ICML,
  year={2019},
  address=ICML2019_loc
}

@article{nesterov2013gradient,
  title={Gradient methods for minimizing composite functions},
  author={Nesterov, Yu},
  journal={Mathematical programming},
  volume={140},
  number={1},
  pages={125--161},
  year={2013},
}

@inproceedings{liu2019acceleration,
  title={Acceleration of {SVRG} and {Katyusha X} by inexact preconditioning},
  author={Liu, Yanli and Feng, Fei and Yin, Wotao},
  booktitle=ICML,
  year={2019},
  address=ICML2019_loc
}

@article{wang2017inexact,
  title={Inexact proximal stochastic gradient method for convex composite optimization},
  author={Wang, Xiao and Wang, Shuxiong and Zhang, Hongchao},
  journal={Computational Optimization and Applications},
  volume={68},
  number={3},
  pages={579--618},
  year={2017},
}



@article{yen1995lipschitz,
  title={Lipschitz continuity of solutions of variational inequalities with a parametric polyhedral constraint},
  author={Yen, Nguyen Dong},
  journal={Mathematics of Operations Research},
  volume={20},
  number={3},
  pages={695--708},
  year={1995},
  publisher={INFORMS}
}

@article{bednarczuk2021lipschitz,
  title={On Lipschitz continuity of projections onto polyhedral moving sets},
  author={Bednarczuk, Ewa M and Rutkowski, Krzysztof E},
  journal={Applied Mathematics \& Optimization},
  volume={84},
  number={2},
  pages={2147--2175},
  year={2021},
  publisher={Springer}
}

@article{bolte2021conservative,
  title={Conservative set valued fields, automatic differentiation, stochastic gradient methods and deep learning},
  author={Bolte, J{\'e}r{\^o}me and Pauwels, Edouard},
  journal={Mathematical Programming},
  volume={188},
  number={1},
  pages={19--51},
  year={2021},
  publisher={Springer}
}

@article{bolte2009tame,
  title={Tame functions are semismooth},
  author={Bolte, J{\'e}r{\^o}me and Daniilidis, Aris and Lewis, Adrian},
  journal={Mathematical Programming},
  volume={117},
  number={1},
  pages={5--19},
  year={2009},
  publisher={Springer}
}

@article{ruszczynski2020convergence,
  title={Convergence of a stochastic subgradient method with averaging for nonsmooth nonconvex constrained optimization},
  author={Ruszczy{\'n}ski, Andrzej},
  journal={Optimization Letters},
  volume={14},
  number={7},
  pages={1615--1625},
  year={2020},
  publisher={Springer}
}

@article{davis2021conservative,
  title={Conservative and semismooth derivatives are equivalent for semialgebraic maps},
  author={Davis, Damek and Drusvyatskiy, Dmitriy},
  journal={Set-Valued and Variational Analysis},
  pages={1--11},
  year={2021},
  publisher={Springer}
}

@article{mifflin1977semismooth,
  title={Semismooth and semiconvex functions in constrained optimization},
  author={Mifflin, Robert},
  journal={SIAM Journal on Control and Optimization},
  volume={15},
  number={6},
  pages={959--972},
  year={1977},
  publisher={SIAM}
}

@article{shamir2020can,
  title={Can We Find Near-Approximately-Stationary Points of Nonsmooth Nonconvex Functions?},
  author={Shamir, Ohad},
  journal={arXiv preprint arXiv:2002.11962},
  year={2020}
}



@inproceedings{chen2021closing,
  title={Closing the Gap: Tighter Analysis of Alternating Stochastic Gradient Methods for Bilevel Problems},
  author={Chen, Tianyi and Sun, Yuejiao and Yin, Wotao},
  booktitle=NIPS,
  year={2021},
  address=NIPS2021_loc
}

@inproceedings{karimi2016linear,
  title={Linear convergence of gradient and proximal-gradient methods under the polyak-{\l}ojasiewicz condition},
  author={Karimi, Hamed and Nutini, Julie and Schmidt, Mark},
  booktitle={Joint European Conference on Machine Learning and Knowledge Discovery in Databases},
  year={2016},
  address={Riva del Garda, Italy}
}


@misc{banerjee1973generalized,
  title={Generalized inverse of matrices and its applications},
  author={Banerjee, KS},
  year={1973},
  publisher={Taylor \& Francis}
}

@book{clarke2008nonsmooth,
  title={Nonsmooth analysis and control theory},
  author={Clarke, Francis H and Ledyaev, Yuri S and Stern, Ronald J and Wolenski, Peter R},
  volume={178},
  year={2008},
  publisher={Springer Science \& Business Media}
}


@article{zeng2022moreau,
  title={Moreau envelope augmented Lagrangian method for nonconvex optimization with linear constraints},
  author={Zeng, Jinshan and Yin, Wotao and Zhou, Ding-Xuan},
  journal={Journal of Scientific Computing},
  volume={91},
  number={2},
  pages={1--36},
  year={2022},
  publisher={Springer}
}

@article{kornowski2021oracle,
  title={Oracle complexity in nonsmooth nonconvex optimization},
  author={Kornowski, Guy and Shamir, Ohad},
  journal={Advances in Neural Information Processing Systems},
  volume={34},
  year={2021}
}

@article{grobeta1999explicit,
  title={Explicit solutions to the matrix inverse problem AX= B},
  author={Gro$\beta$, Ju{\"{}} rgen},
  journal={Linear algebra and its applications},
  volume={289},
  number={1-3},
  pages={131--134},
  year={1999},
  publisher={Elsevier}
}

@inproceedings{penrose1955generalized,
  title={A generalized inverse for matrices},
  author={Penrose, Roger},
  booktitle={Mathematical proceedings of the Cambridge philosophical society},
  volume={51},
  number={3},
  pages={406--413},
  year={1955},
  organization={Cambridge University Press}
}

@article{hong2020two,
  title={A two-timescale stochastic algorithm framework for bilevel optimization: Complexity analysis and application to actor-critic},
  author={Hong, Mingyi and Wai, Hoi-To and Wang, Zhaoran and Yang, Zhuoran},
  journal={SIAM Journal on Optimization},
  volume={33},
  number={1},
  pages={147--180},
  year={2023},
  publisher={SIAM}
}

@article{charisopoulos2022superlinearly,
  title={A superlinearly convergent subgradient method for sharp semismooth problems},
  author={Charisopoulos, Vasileios and Davis, Damek},
  journal={arXiv preprint arXiv:2201.04611},
  year={2022}
}



@article{shapiro1990concepts,
  title={On concepts of directional differentiability},
  author={Shapiro, Alexander},
  journal={Journal of optimization theory and applications},
  volume={66},
  number={3},
  pages={477--487},
  year={1990},
  publisher={Springer}
}


@book{clarke1990optimization,
  title={Optimization and nonsmooth analysis},
  author={Clarke, Frank H},
  year={1990},
  publisher={SIAM}
}

@article{ghadimi2018approximation,
  title={Approximation methods for bilevel programming},
  author={Ghadimi, Saeed and Wang, Mengdi},
  journal={arXiv preprint arXiv:1802.02246},
  year={2018}
}

@inproceedings{ji2021bilevel,
  title={Bilevel optimization: Convergence analysis and enhanced design},
  author={Ji, Kaiyi and Yang, Junjie and Liang, Yingbin},
  booktitle=ICML,
  year={2021},
  address=ICML2021_loc
}

@inproceedings{li2022fully,
  title={A fully single loop algorithm for bilevel optimization without hessian inverse},
  author={Li, Junyi and Gu, Bin and Huang, Heng},
  booktitle=AAAI,
  year={2022},
  address=AAAI2022_loc
}

@article{wachsmuth2013licq,
  title={On {LICQ} and the uniqueness of Lagrange multipliers},
  author={Wachsmuth, Gerd},
  journal={Operations Research Letters},
  volume={41},
  number={1},
  pages={78--80},
  year={2013},
  publisher={Elsevier}
}

@article{liu2022towards,
  title={Towards Extremely Fast Bilevel Optimization with Self-governed Convergence Guarantees},
  author={Liu, Risheng and Liu, Xuan and Yao, Wei and Zeng, Shangzhi and Zhang, Jin},
  journal={arXiv preprint arXiv:2205.10054},
  year={2022}
}

@inproceedings{khanduri2021near,
  title={A near-optimal algorithm for stochastic bilevel optimization via double-momentum},
  author={Khanduri, Prashant and Zeng, Siliang and Hong, Mingyi and Wai, Hoi-To and Wang, Zhaoran and Yang, Zhuoran},
  booktitle=NIPS,
  year={2021},
  address=NIPS2021_loc
}

@article{ye2000constraint,
  title={Constraint qualifications and necessary optimality conditions for optimization problems with variational inequality constraints},
  author={Ye, JJ},
  journal={SIAM Journal on Optimization},
  volume={10},
  number={4},
  pages={943--962},
  year={2000},
  publisher={SIAM}
}

@article{huang2023momentum,
  title={On Momentum-Based Gradient Methods for Bilevel Optimization with Nonconvex Lower-Level},
  author={Huang, Feihu},
  journal={arXiv preprint arXiv:2303.03944},
  year={2023}
}

@article{pearlmutter1994fast,
  title={Fast exact multiplication by the Hessian},
  author={Pearlmutter, Barak A},
  journal={Neural computation},
  volume={6},
  number={1},
  pages={147--160},
  year={1994},
  publisher={MIT Press}
}

@inproceedings{mehra2021penalty,
  title={Penalty method for inversion-free deep bilevel optimization},
  author={Mehra, Akshay and Hamm, Jihun},
  booktitle={Asian Conference on Machine Learning},
  year={2021},
  address={virtual}
}

@article{sow2022constrained,
  title={A constrained optimization approach to bilevel optimization with multiple inner minima},
  author={Sow, Daouda and Ji, Kaiyi and Guan, Ziwei and Liang, Yingbin},
  journal={arXiv preprint arXiv:2203.01123},
  year={2022}
}

@inproceedings{liu2020generic,
  title={A generic first-order algorithmic framework for bi-level programming beyond lower-level singleton},
  author={Liu, Risheng and Mu, Pan and Yuan, Xiaoming and Zeng, Shangzhi and Zhang, Jin},
  booktitle=ICML,
  year={2020},
  address=ICML2020_loc
}


@article{ye2022difference,
  title={Difference of convex algorithms for bilevel programs with applications in hyperparameter selection},
  author={Ye, Jane J and Yuan, Xiaoming and Zeng, Shangzhi and Zhang, Jin},
  journal={Mathematical Programming},
  pages={1--34},
  year={2022}
}

@inproceedings{jiang2023conditional,
  title={A conditional gradient-based method for simple bilevel optimization with convex lower-level problem},
  author={Jiang, Ruichen and Abolfazli, Nazanin and Mokhtari, Aryan and Hamedani, Erfan Yazdandoost},
  booktitle=AISTATS,
  year={2023},
  address=AISTATS2023_loc
}



@article{dutta2006bilevel,
  title={Bilevel programming with convex lower level problems},
  author={Dutta, Joydeep and Dempe, Stephan},
  journal={Optimization with Multivalued Mappings: Theory, Applications, and Algorithms},
  pages={51--71},
  year={2006}
}

@article{sabach2017first,
  title={A first order method for solving convex bilevel optimization problems},
  author={Sabach, Shoham and Shtern, Shimrit},
  journal={SIAM Journal on Optimization},
  volume={27},
  number={2},
  pages={640--660},
  year={2017},
  publisher={SIAM}
}

@article{pang1996complementarity,
  title={Complementarity formulations and existence of solutions of dynamic multi-rigid-body contact problems with coulomb friction},
  author={Pang, Jong-Shi and Trinkle, Jeffrey C},
  journal={Mathematical programming},
  volume={73},
  number={2},
  pages={199--226},
  year={1996},
  publisher={Springer}
}

@article{zhang2023introduction,
  title={An Introduction to Bi-level Optimization: Foundations and Applications in Signal Processing and Machine Learning},
  author={Zhang, Yihua and Khanduri, Prashant and Tsaknakis, Ioannis and Yao, Yuguang and Hong, Mingyi and Liu, Sijia},
  journal={arXiv preprint arXiv:2308.00788},
  year={2023}
}

@inproceedings{khanduri2023linearly,
  title={Linearly constrained bilevel optimization: A smoothed implicit gradient approach},
  author={Khanduri, Prashant and Tsaknakis, Ioannis and Zhang, Yihua and Liu, Jia and Liu, Sijia and Zhang, Jiawei and Hong, Mingyi},
  booktitle=ICML,
  year={2023},
  address=ICML2023_loc
}

@inproceedings{goktas2021convex,
  title={Convex-concave min-max stackelberg games},
  author={Goktas, Denizalp and Greenwald, Amy},
  booktitle=NIPS,
  year={2021},
  address=NIPS2021_loc 
}

@inproceedings{xiao2023generalized,
  title={A Generalized Alternating Method for Bilevel Optimization under the Polyak-{\L}ojasiewicz Condition},
  author={Xiao, Quan and Lu, Songtao and Chen, Tianyi},
  booktitle=NIPS,
  year={2023},
  address=NIPS2023_loc
}

@inproceedings{kwon2023fully,
  title={A fully first-order method for stochastic bilevel optimization},
  author={Kwon, Jeongyeol and Kwon, Dohyun and Wright, Stephen and Nowak, Robert D},
  booktitle=ICML,
  year={2023},
  address=ICML2023_loc
}

@article{sow2022primal,
  title={A Primal-Dual Approach to Bilevel Optimization with Multiple Inner Minima},
  author={Sow, Daouda and Ji, Kaiyi and Guan, Ziwei and Liang, Yingbin},
  journal={arXiv preprint arXiv:2203.01123},
  year={2022}
}

@article{chen2023near,
  title={Near-Optimal Fully First-Order Algorithms for Finding Stationary Points in Bilevel Optimization},
  author={Chen, Lesi and Ma, Yaohua and Zhang, Jingzhao},
  journal={arXiv preprint arXiv:2306.14853},
  year={2023}
}

@inproceedings{gong2021automatic,
  title={Automatic and harmless regularization with constrained and lexicographic optimization: A dynamic barrier approach},
  author={Gong, Chengyue and Liu, Xingchao and Liu, Qiang},
  booktitle=NIPS,
  year={2021}
}

@article{lu2023first,
  title={First-order penalty methods for bilevel optimization},
  author={Lu, Zhaosong and Mei, Sanyou},
  journal={arXiv preprint arXiv:2301.01716},
  year={2023}
}

@article{wang2023effective,
  title={Effective Bilevel Optimization via Minimax Reformulation},
  author={Wang, Xiaoyu and Pan, Rui and Pi, Renjie and Zhang, Tong},
  journal={arXiv preprint arXiv:2305.13153},
  year={2023}
}

@article{liu2023value,
  title={Value-Function-Based Sequential Minimization for Bi-Level Optimization},
  author={Liu, Risheng and Liu, Xuan and Zeng, Shangzhi and Zhang, Jin and Zhang, Yixuan},
  journal={IEEE Transactions on Pattern Analysis and Machine Intelligence},
  year={2023},
  publisher={IEEE}
}

@article{boob2023stochastic,
  title={Stochastic first-order methods for convex and nonconvex functional constrained optimization},
  author={Boob, Digvijay and Deng, Qi and Lan, Guanghui},
  journal={Mathematical Programming},
  volume={197},
  number={1},
  pages={215--279},
  year={2023}
}

@article{ma2019proximally,
  title={Proximally constrained methods for weakly convex optimization with weakly convex constraints},
  author={Ma, Runchao and Lin, Qihang and Yang, Tianbao},
  journal={arXiv preprint arXiv:1908.01871},
  year={2019}
}

@article{lin2022complexity,
  title={Complexity of an inexact proximal-point penalty method for constrained smooth non-convex optimization},
  author={Lin, Qihang and Ma, Runchao and Xu, Yangyang},
  journal={Computational optimization and applications},
  volume={82},
  number={1},
  pages={175--224},
  year={2022}
}

@inproceedings{lu2022single,
  title={A single-loop gradient descent and perturbed ascent algorithm for nonconvex functional constrained optimization},
  author={Lu, Songtao},
  booktitle=ICML,
  pages={14315--14357},
  year={2022},
  address=ICML2022_loc
}

@inproceedings{lu2023meta,
  title={Meta-{Dag}: Meta Causal Discovery Via Bilevel Optimization},
  author={Lu, Songtao and Gao, Tian},
  booktitle=ICASSP,
  year={Greece}
}

@book{rockafellar2009variational,
  title={Variational analysis},
  author={Rockafellar, R Tyrrell and Wets, Roger J-B},
  volume={317},
  year={2009},
  publisher={Springer Science \& Business Media}
}

@inproceedings{roh2021fairbatch,
  title={FairBatch: Batch Selection for Model Fairness},
  author={Roh, Yuji and Lee, Kangwook and Whang, Steven Euijong and Suh, Changho},
  booktitle=ICLR,
  year={2021},
  address=ICLR2021_loc
}

@article{ajalloeian2020convergence,
  title={On the convergence of SGD with biased gradients},
  author={Ajalloeian, Ahmad and Stich, Sebastian U},
  journal={arXiv preprint arXiv:2008.00051},
  year={2020}
}

@inproceedings{zhang2020complexity,
  title={Complexity of finding stationary points of nonconvex nonsmooth functions},
  author={Zhang, Jingzhao and Lin, Hongzhou and Jegelka, Stefanie and Sra, Suvrit and Jadbabaie, Ali},
  booktitle=ICML,
  year={2020},
  address=ICML2020_loc
}

@inproceedings{blondel2022efficient,
  title={Efficient and modular implicit differentiation},
  author={Blondel, Mathieu and Berthet, Quentin and Cuturi, Marco and Frostig, Roy and Hoyer, Stephan and Llinares-L{\'o}pez, Felipe and Pedregosa, Fabian and Vert, Jean-Philippe},
  booktitle=NIPS,
  year={2022},
  address=NIPS2022_loc
}

@inproceedings{bertrand2020implicit,
  title={Implicit differentiation of lasso-type models for hyperparameter optimization},
  author={Bertrand, Quentin and Klopfenstein, Quentin and Blondel, Mathieu and Vaiter, Samuel and Gramfort, Alexandre and Salmon, Joseph},
  booktitle=ICML,
  year={2020},
  address=ICML2020_loc
}

@article{boob2022level,
  title={Level constrained first order methods for function constrained optimization},
  author={Boob, Digvijay and Deng, Qi and Lan, Guanghui},
  journal={arXiv preprint arXiv:2205.08011},
  year={2022}
}

@article{beck2014first,
  title={A first order method for finding minimal norm-like solutions of convex optimization problems},
  author={Beck, Amir and Sabach, Shoham},
  journal={Mathematical Programming},
  volume={147},
  number={1-2},
  pages={25--46},
  year={2014},
  publisher={Springer}
}

@article{kaushik2021method,
  title={A method with convergence rates for optimization problems with variational inequality constraints},
  author={Kaushik, Harshal D and Yousefian, Farzad},
  journal={SIAM Journal on Optimization},
  volume={31},
  number={3},
  pages={2171--2198},
  year={2021},
  publisher={SIAM}
}

@inproceedings{kwon2023penalty,
  title={On Penalty Methods for Nonconvex Bilevel Optimization and First-Order Stochastic Approximation},
  author={Kwon, Jeongyeol and Kwon, Dohyun and Wright, Steve and Nowak, Robert},
  booktitle=ICLR,
  year={2024},
  address=ICLR2024_loc
}

@article{lasry1986remark,
  title={A remark on regularization in Hilbert spaces},
  author={Lasry, Jean-Michel and Lions, Pierre-Louis},
  journal={Israel Journal of Mathematics},
  volume={55},
  pages={257--266},
  year={1986},
  publisher={Springer}
}

@article{scaman2020simple,
  title={A simple and efficient smoothing method for faster optimization and local exploration},
  author={Scaman, Kevin and Dos Santos, Ludovic and Barlier, Merwan and Colin, Igor},
  journal={Advances in Neural Information Processing Systems},
  volume={33},
  pages={6503--6513},
  year={2020}
}

@article{sow2022convergence,
  title={On the convergence theory for hessian-free bilevel algorithms},
  author={Sow, Daouda and Ji, Kaiyi and Liang, Yingbin},
  journal={Advances in Neural Information Processing Systems},
  volume={35},
  pages={4136--4149},
  year={2022}
}

@article{solodov2007explicit,
  title={An explicit descent method for bilevel convex optimization},
  author={Solodov, Mikhail},
  journal={Journal of Convex Analysis},
  volume={14},
  number={2},
  pages={227},
  year={2007}
}

@article{cabot2005proximal,
  title={Proximal point algorithm controlled by a slowly vanishing term: applications to hierarchical minimization},
  author={Cabot, Alexandre},
  journal={SIAM Journal on Optimization},
  volume={15},
  number={2},
  pages={555--572},
  year={2005}
}

@article{grefenstette2019generalized,
  title={Generalized Inner Loop Meta-Learning},
  author={Grefenstette, Edward and Amos, Brandon and Yarats, Denis and Htut, Phu Mon and Molchanov, Artem and Meier, Franziska and Kiela, Douwe and Cho, Kyunghyun and Chintala, Soumith},
  journal={arXiv preprint arXiv:1910.01727},
  year={2019}
}

@article{guanghui2020algorithms,
  title={Algorithms for stochastic optimization with function or expectation constraints},
  author={Guanghui, Lan and Zhou, Zhiqiang},
  journal={Computational Optimization and Applications},
  volume={76},
  number={2},
  pages={461--498},
  year={2020}
}

@inproceedings{
choe2023betty,
title={Betty: An Automatic Differentiation Library for Multilevel Optimization},
author={Sang Keun Choe and Willie Neiswanger and Pengtao Xie and Eric Xing},
booktitle=ICLR,
year={2023}
}

@article{torchopt,
  title   = {TorchOpt: An Efficient Library for Differentiable Optimization},
  author  = {Ren, Jie and Feng, Xidong and Liu, Bo and Pan, Xuehai and Fu, Yao and Mai, Luo and Yang, Yaodong},
  journal = {arXiv preprint arXiv:2211.06934},
  year    = {2022}
}

@inproceedings{aicher2020adaptively,
  title={Adaptively truncating backpropagation through time to control gradient bias},
  author={Aicher, Christopher and Foti, Nicholas J and Fox, Emily B},
  booktitle=UAI,
  year={2020},
  address=UAI2020_loc
}

@inproceedings{shaban2019truncated,
  title={Truncated back-propagation for bilevel optimization},
  author={Shaban, Amirreza and Cheng, Ching-An and Hatch, Nathan and Boots, Byron},
  booktitle=AISTATS,
  year={2019},
  address=AISTATS2019_loc
}

@inproceedings{robey2023adversarial,
  title={Adversarial Training Should Be Cast as a Non-Zero-Sum Game},
  author={Robey, Alexander and Latorre, Fabian and Pappas, George J and Hassani, Hamed and Cevher, Volkan},
  booktitle=ICLR,
  year={2024},
  address=ICLR2024_loc
}

@inproceedings{hao2023bilevel,
  title={Bilevel Coreset Selection in Continual Learning: A New Formulation and Algorithm},
  author={Hao, Jie and Ji, Kaiyi and Liu, Mingrui},
  booktitle=NIPS,
  year={2023}
}

@inproceedings{li2018visualizing,
  title={Visualizing the loss landscape of neural nets},
  author={Li, Hao and Xu, Zheng and Taylor, Gavin and Studer, Christoph and Goldstein, Tom},
  booktitle=NIPS,
  year={2018},
  address=NIPS2018_loc
}

@article{fatkhullin2023stochastic,
  title={Stochastic Optimization under Hidden Convexity},
  author={Fatkhullin, Ilyas and He, Niao and Hu, Yifan},
  journal={arXiv preprint arXiv:2401.00108},
  year={2023}
}

@article{li2015global,
  title={Global convergence of splitting methods for nonconvex composite optimization},
  author={Li, Guoyin and Pong, Ting Kei},
  journal={SIAM Journal on Optimization},
  volume={25},
  number={4},
  pages={2434--2460},
  year={2015},
  publisher={SIAM}
}

@inproceedings{bruckner2011stackelberg,
  title={Stackelberg games for adversarial prediction problems},
  author={Br{\"u}ckner, Michael and Scheffer, Tobias},
  booktitle={Proc. ACM SIGKDD international conference on Knowledge discovery and data mining},
  year={2011}
}

@inproceedings{wang2021fast,
  title={Fast algorithms for stackelberg prediction game with least squares loss},
  author={Wang, Jiali and Chen, He and Jiang, Rujun and Li, Xudong and Li, Zihao},
  booktitle=ICML,
  year={2021},
  address=ICML2021_loc
}


@inproceedings{wang2022solving,
  title={Solving Stackelberg Prediction Game with Least Squares Loss via Spherically Constrained Least Squares Reformulation},
  author={Wang, Jiali and Huang, Wen and Jiang, Rujun and Li, Xudong and Wang, Alex L},
  booktitle=ICML,
  year={2022},
  address=ICML2022_loc
}

@incollection{hoffman2003approximate,
  title={On approximate solutions of systems of linear inequalities},
  author={Hoffman, Alan J},
  booktitle={Selected Papers Of Alan J Hoffman: With Commentary},
  pages={174--176},
  year={2003},
  publisher={World Scientific}
}

@inproceedings{zou2020global,
  title={ON THE GLOBAL CONVERGENCE OF TRAINING DEEP LINEAR RESNETS},
  author={Zou, Difan and Long, Philip M and Gu, Quanquan},
  booktitle=ICLR,
  year={2020},
  address=ICLR2020_loc
}

@inproceedings{bishop2020optimal,
  title={Optimal learning from verified training data},
  author={Bishop, Nicholas and Tran-Thanh, Long and Gerding, Enrico},
  booktitle=NIPS,
  year={2020},
  address=NIPS2020_loc
}


@article{xu2023local,
  title={A local {Polayk}-{{\L}ojasiewicz} and descent lemma of gradient descent for overparameterized linear models},
  author={Xu, Ziqing and Min, Hancheng and Tarmoun, Salma and Mallada, Enrique and Vidal, Rene},
  year={2024},
  url={https://openreview.net/forum?id=O0FOVYV4yo}
}

@inproceedings{xu2023linear,
  title={Linear Convergence of Gradient Descent for Finite Width Over-parametrized Linear Networks with General Initialization},
  author={Xu, Ziqing and Min, Hancheng and Tarmoun, Salma and Mallada, Enrique and Vidal, Ren{\'e}},
  booktitle=AISTATS,
  year={2023},
  address=AISTATS2023_loc
}

@inproceedings{wang2023efficient,
  title={Efficient bi-level optimization for recommendation denoising},
  author={Wang, Zongwei and Gao, Min and Li, Wentao and Yu, Junliang and Guo, Linxin and Yin, Hongzhi},
  booktitle={Proceedings of the 29th ACM SIGKDD Conference on Knowledge Discovery and Data Mining},
  year={2023}
}

@article{chen2022unbiased,
  title={Unbiased implicit feedback via bi-level optimization},
  author={Chen, Can and Ma, Chen and Chen, Xi and Song, Sirui and Liu, Hao and Liu, Xue},
  journal={arXiv preprint arXiv:2206.00147},
  year={2022}
}

@article{fan2023fast,
  title={Fast Convergence of Random Reshuffling under Over-Parameterization and the Polyak-$\backslash$L ojasiewicz Condition},
  author={Fan, Chen and Thrampoulidis, Christos and Schmidt, Mark},
  journal={arXiv preprint arXiv:2304.00459},
  year={2023}
}

@inproceedings{zhai2022understanding,
  title={Understanding Why Generalized Reweighting Does Not Improve Over {ERM}},
  author={Zhai, Runtian and Dan, Chen and Kolter, J Zico and Ravikumar, Pradeep Kumar},
  booktitle=ICLR,
  year={2023},
  address=ICLR2023_loc
}

@article{ivanova2023challenge,
  title={A Challenge in Reweighting Data with Bilevel Optimization},
  author={Ivanova, Anastasia and Ablin, Pierre},
  journal={arXiv preprint arXiv:2310.17386},
  year={2023}
}

@article{greville1966note,
  title={Note on the generalized inverse of a matrix product},
  author={Greville, Thomas Nall Eden},
  journal={Siam Review},
  volume={8},
  number={4},
  pages={518--521},
  year={1966},
  publisher={SIAM}
}

https://faculty.etsu.edu/gardnerr/5090/notes/Chapter-3-3.pdf

@online{matrixrank,
    title = {Matrix Rank and the Inverse of a Full Rank Matrix},
    author = {Gardner, Robert},
    url = {https://faculty.etsu.edu/gardnerr/5090/notes/Chapter-3-3.pdf}
}

@article{cline1964representations,
  title={Representations for the generalized inverse of a partitioned matrix},
  author={Cline, Randall E},
  journal={Journal of the Society for Industrial and Applied Mathematics},
  volume={12},
  number={3},
  pages={588--600},
  year={1964}
}

@article{fakih2023bi,
  title={Bi-level and multi-objective optimization of renewable energy sources and storage planning to support existing overloaded electricity grids},
  author={Fakih, Sara and Mabrouk, Mohamed Tahar and Batton-Hubert, Mireille and Lacarri{\`e}re, Bruno},
  journal={Energy Reports},
  volume={10},
  pages={1450--1466},
  year={2023}
}

@article{razmara2016bilevel,
  title={Bilevel optimization framework for smart building-to-grid systems},
  author={Razmara, Meysam and Bharati, Guna R and Shahbakhti, Mahdi and Paudyal, Sumit and Robinett, Rush D},
  journal={IEEE transactions on Smart Grid},
  volume={9},
  number={2},
  pages={582--593},
  year={2016}
}

@article{wu2019bi,
  title={A bi-level robust planning model for active distribution networks considering uncertainties of renewable energies},
  author={Wu, Ming and Kou, Lingfeng and Hou, Xiaogang and Ji, Yu and Xu, Bin and Gao, Hongjun},
  journal={International Journal of Electrical Power \& Energy Systems},
  volume={105},
  pages={814--822},
  year={2019}
}

@article{gao2020deep,
  title={Deep reinforcement learning based optimal schedule for a battery swapping station considering uncertainties},
  author={Gao, Yuan and Yang, Jiajun and Yang, Ming and Li, Zhengshuo},
  journal={IEEE Transactions on Industry Applications},
  volume={56},
  number={5},
  pages={5775--5784},
  year={2020},
  publisher={IEEE}
}

@article{gao2005solution,
  title={Solution algorithm for the bi-level discrete network design problem},
  author={Gao, Ziyou and Wu, Jianjun and Sun, Huijun},
  journal={Transportation Research Part B: Methodological},
  volume={39},
  number={6},
  pages={479--495},
  year={2005}
}

@article{huang2019bilevel,
  title={A bilevel optimization approach for joint offloading decision and resource allocation in cooperative mobile edge computing},
  author={Huang, Pei-Qiu and Wang, Yong and Wang, Kezhi and Liu, Zhi-Zhong},
  journal={IEEE transactions on cybernetics},
  volume={50},
  number={10},
  pages={4228--4241},
  year={2019}
}

@article{dempe2019solving,
  title={Solving inverse optimal control problems via value functions to global optimality},
  author={Dempe, Stephan and Harder, Felix and Mehlitz, Patrick and Wachsmuth, Gerd},
  journal={Journal of Global Optimization},
  volume={74},
  number={2},
  pages={297--325},
  year={2019}
}

@inproceedings{dempe2019computing,
  title={Computing locally optimal solutions of the bilevel optimization problem using the kkt approach},
  author={Dempe, Stephan},
  booktitle={International conference on mathematical optimization theory and operations research},
  pages={147--157},
  year={2019},
  organization={Springer}
}

@article{huang2022efficiently,
  title={Efficiently escaping saddle points in bilevel optimization},
  author={Huang, Minhui and Ji, Kaiyi and Ma, Shiqian and Lai, Lifeng},
  journal={arXiv preprint arXiv:2202.03684},
  year={2022}
}


@article{jeyakumar2016convergent,
  title={Convergent semidefinite programming relaxations for global bilevel polynomial optimization problems},
  author={Jeyakumar, Vaithilingam and Lasserre, Jean B and Li, Guoyin and Ph·∫°m, TS},
  journal={SIAM Journal on Optimization},
  volume={26},
  number={1},
  pages={753--780},
  year={2016}
}

@article{muu2003global,
  title={A global optimization method for solving convex quadratic bilevel programming problems},
  author={Muu, Le Dung and Quy, Nguyen Van},
  journal={Journal of Global Optimization},
  volume={26},
  pages={199--219},
  year={2003}
}

@article{wang2007globally,
  title={A globally convergent algorithm for a class of bilevel nonlinear programming problem},
  author={Wang, Guangmin and Wang, Xianjia and Wan, Zhongping and Lv, Yibing},
  journal={Applied Mathematics and Computation},
  volume={188},
  number={1},
  pages={166--172},
  year={2007}
}

@article{vicente1994descent,
  title={Descent approaches for quadratic bilevel programming},
  author={Vicente, Luis and Savard, Gilles and J{\'u}dice, Joaquim},
  journal={Journal of Optimization theory and applications},
  volume={81},
  number={2},
  pages={379--399},
  year={1994}
}

@article{shi2017bi,
  title={Bi-level programming approach for the optimal allocation of energy storage systems in distribution networks},
  author={Shi, Nian and Luo, Yi},
  journal={Applied Sciences},
  volume={7},
  number={4},
  pages={398},
  year={2017}
}

@article{modares2015optimized,
  title={Optimized assistive human--robot interaction using reinforcement learning},
  author={Modares, Hamidreza and Ranatunga, Isura and Lewis, Frank L and Popa, Dan O},
  journal={IEEE transactions on cybernetics},
  volume={46},
  number={3},
  pages={655--667},
  year={2015}
}

@article{biyik2022learning,
  title={Learning reward functions from diverse sources of human feedback: Optimally integrating demonstrations and preferences},
  author={B{\i}y{\i}k, Erdem and Losey, Dylan P and Palan, Malayandi and Landolfi, Nicholas C and Shevchuk, Gleb and Sadigh, Dorsa},
  journal={The International Journal of Robotics Research},
  volume={41},
  number={1},
  pages={45--67},
  year={2022}
}

@article{mitsos2008global,
  title={Global solution of bilevel programs with a nonconvex inner program},
  author={Mitsos, Alexander and Lemonidis, Panayiotis and Barton, Paul I},
  journal={Journal of Global Optimization},
  volume={42},
  pages={475--513},
  year={2008}
}

@inproceedings{xu2023efficient,
  title={Efficient gradient approximation method for constrained bilevel optimization},
  author={Xu, Siyuan and Zhu, Minghui},
  booktitle=AAAI,
  year={2023},
  address=AAAI2023_loc
}

@inproceedings{shen2024principled,
  title={Principled Penalty-based Methods for Bilevel Reinforcement Learning and {RLHF}},
  author={Shen, Han and Yang, Zhuoran and Chen, Tianyi},
  booktitle=ICML,
  year={2024},
  address=ICML2024_loc
}

@article{zhang2015restricted,
  title={Restricted strong convexity and its applications to convergence analysis of gradient-type methods in convex optimization},
  author={Zhang, Hui and Cheng, Lizhi},
  journal={Optimization Letters},
  volume={9},
  pages={961--979},
  year={2015}
}

@article{xiao2024unlocking,
  title={Unlocking Global Optimality in Bilevel Optimization: A Pilot Study},
  author={Xiao, Quan and Chen, Tianyi},
  journal={arXiv preprint arXiv:2408.16087},
  year={2024}
}



@article{zakarias2024bissl,
  title={BiSSL: Bilevel Optimization for Self-Supervised Pre-Training and Fine-Tuning},
  author={Zakarias, Gustav Wagner and Hansen, Lars Kai and Tan, Zheng-Hua},
  journal={arXiv preprint arXiv:2410.02387},
  year={2024}
}

@article{shen2024seal,
  title={SEAL: Safety-enhanced Aligned LLM Fine-tuning via Bilevel Data Selection},
  author={Shen, Han and Chen, Pin-Yu and Das, Payel and Chen, Tianyi},
  journal={arXiv preprint arXiv:2410.07471},
  year={2024}
}


@article{qin2024bidora,
  title={BiDoRA: Bi-level Optimization-Based Weight-Decomposed Low-Rank Adaptation},
  author={Qin, Peijia and Zhang, Ruiyi and Xie, Pengtao},
  journal={arXiv preprint arXiv:2410.09758},
  year={2024}
}

@inproceedings{gong2022bi,
  title={Bi-level alignment for cross-domain crowd counting},
  author={Gong, Shenjian and Zhang, Shanshan and Yang, Jian and Dai, Dengxin and Schiele, Bernt},
  booktitle=CVPR,
  year={2022},
  address=CVPR2022_loc
}

@article{scellier2017equilibrium,
  title={Equilibrium propagation: Bridging the gap between energy-based models and backpropagation},
  author={Scellier, Benjamin and Bengio, Yoshua},
  journal={Frontiers in computational neuroscience},
  volume={11},
  pages={24},
  year={2017},
  publisher={Frontiers Media SA}
}

@article{zucchet2022beyond,
  title={Beyond backpropagation: bilevel optimization through implicit differentiation and equilibrium propagation},
  author={Zucchet, Nicolas and Sacramento, Jo{\~a}o},
  journal={Neural Computation},
  volume={34},
  number={12},
  pages={2309--2346},
  year={2022}
}

@inproceedings{kingma2014adam,
  title={Adam: A method for stochastic optimization},
  author={Kingma, Diederik P},
  booktitle=ICLR,
  year={2015}
}

@inproceedings{mackayself,
  title={Self-Tuning Networks: Bilevel Optimization of Hyperparameters using Structured Best-Response Functions},
  author={Mackay, Matthew and Vicol, Paul and Lorraine, Jonathan and Duvenaud, David and Grosse, Roger},
  booktitle=ICLR,
  year=2019
}

@inproceedings{snoek2012practical,
  title={Practical bayesian optimization of machine learning algorithms},
  author={Snoek, Jasper and Larochelle, Hugo and Adams, Ryan P},
  booktitle=NIPS,
  year={2012}
}

@article{scellier2021deep,
  title={A deep learning theory for neural networks grounded in physics},
  author={Scellier, Benjamin},
  journal={arXiv preprint arXiv:2103.09985},
  year={2021}
}

@inproceedings{jiang2024primal,
  title={A primal-dual-assisted penalty approach to bilevel optimization with coupled constraints},
  author={Jiang, Liuyuan and Xiao, Quan and Tenorio, Victor M and Real-Rojas, Fernando and Marques, Antonio G and Chen, Tianyi},
  booktitle=NIPS,
  year={2024},
  address=NIPS2024_loc
}

@article{yao2024overcoming,
  title={Overcoming Lower-Level Constraints in Bilevel Optimization: A Novel Approach with Regularized Gap Functions},
  author={Yao, Wei and Yin, Haian and Zeng, Shangzhi and Zhang, Jin},
  journal={arXiv preprint arXiv:2406.01992},
  year={2024}
}

@inproceedings{chen2024finding,
  title={On finding small hyper-gradients in bilevel optimization: Hardness results and improved analysis},
  author={Chen, Lesi and Xu, Jing and Zhang, Jingzhao},
  booktitle={The Thirty Seventh Annual Conference on Learning Theory},
  pages={947--980},
  year={2024},
  organization={PMLR}
}

@inproceedings{petrulionyte2024functional,
  title={Functional Bilevel Optimization for Machine Learning},
  author={Petrulionyte, Ieva and Mairal, Julien and Arbel, Michael},
  booktitle=NIPS,
  year={2024},
  address=NIPS2024_loc
}

@book{nesterov2018lectures,
  title={Lectures on convex optimization},
  author={Nesterov, Yurii and others},
  volume={137},
  year={2018},
  publisher={Springer}
}

@article{tang2024tuning,
  title={Tuning-Free Alignment of Diffusion Models with Direct Noise Optimization},
  author={Tang, Zhiwei and Peng, Jiangweizhi and Tang, Jiasheng and Hong, Mingyi and Wang, Fan and Chang, Tsung-Hui},
  journal={arXiv preprint arXiv:2405.18881},
  year={2024}
}

@article{sambharya2024learning,
  title={Learning to warm-start fixed-point optimization algorithms},
  author={Sambharya, Rajiv and Hall, Georgina and Amos, Brandon and Stellato, Bartolomeo},
  journal={Journal of Machine Learning Research},
  volume={25},
  number={166},
  pages={1--46},
  year={2024}
}

