@string{TSP = "IEEE Trans. Sig. Proc."}
@string{JMLR = "J. Machine Learning Res."}
@string{JSTSP = "IEEE J. Sel. Topics Sig. Proc."}
@string{JSAC = "IEEE J. Sel. Areas Commun."}
@string{TWC = "IEEE Trans. Wireless Commun."}
@string{TVT = "IEEE Trans. Veh. Technol."}
@string{SPM = "IEEE Sig. Proc. Mag."}
@string{TIT = "IEEE Trans. Info. Theory"}
@string{TMC = "IEEE Trans. Mobile Comput."}
@string{TMI = "IEEE Trans. Medical Imaging"}
@string{NIPS= "Proc. Advances in Neural Information Processing Systems"}
@string{ICML= "Proc. International Conference on Machine Learning"}
@string{ICLR= "Proc. International Conference on Learning Representations"}
@string{AISTATS= "Proc. International Conference on Artificial Intelligence and Statistics"}
@string{AAAI= "Proc. Association for the Advancement of Artificial Intelligence"}
@string{ICASSP= "Proc. IEEE International Conference on Acoustics, Speech and Signal Processing"}
@string{UAI = "Uncertainty in Artificial Intelligence"}

@string{UAI2020_loc= "Toronto, Canada"}

@string{NIPS2016_loc= "Barcelona, Spain"}
@string{NIPS2017_loc= "Long Beach, CA"}
@string{NIPS2018_loc= "Montreal, Canada"}
@string{NIPS2019_loc= "Vancouver, Canada"}
@string{NIPS2020_loc= "virtual"}
@string{NIPS2021_loc= "virtual"}
@string{NIPS2022_loc= "New Orleans, LA"}
@string{NIPS2023_loc= "New Orleans, LA"}
@string{NIPS2024_loc= "Vancouver, BC, Canada"}

@string{ICML2015_loc= "Lille, France"}
@string{ICML2016_loc= "New York City, NY"}
@string{ICML2017_loc= "Sydney, Australia"}
@string{ICML2018_loc= "Stockholm, Sweden"}
@string{ICML2019_loc= "Long Beach, CA"}
@string{ICML2020_loc= "virtual"}
@string{ICML2021_loc= "virtual"}
@string{ICML2022_loc= "Baltimore, MD"}
@string{ICML2023_loc= "Honolulu, HI"}
@string{ICML2024_loc= "Vienna, Austria"}



@string{ICLR2016_loc= "Caribe Hilton, Puerto Rico"}
@string{ICLR2017_loc= "Palais des Congr√®s Neptune, France"}
@string{ICLR2018_loc= "Vancouver, Canada"}
@string{ICLR2019_loc= "New Orleans, LA"}
@string{ICLR2020_loc= "virtual"}
@string{ICLR2021_loc= "virtual"}
@string{ICLR2022_loc= "virtual"}
@string{ICLR2023_loc= "Kigali, Rwanda"}
@string{ICLR2024_loc= "Vienna, Austria"}

@string{AISTATS2016_loc = "Cadiz, Spain"}
@string{AISTATS2017_loc = "Fort Lauderdale, FL"}
@string{AISTATS2018_loc = "Playa Blanca, Canary Islands"}
@string{AISTATS2019_loc = "Naha, Japan"}
@string{AISTATS2020_loc = "virtual"}
@string{AISTATS2021_loc = "virtual"}
@string{AISTATS2022_loc = "virtual"}
@string{AISTATS2023_loc = "Valencia, Spain"}

@string{AAAI2016_loc = "Phoenix, AZ"}
@string{AAAI2017_loc = "San Francisco, CA"}
@string{AAAI2018_loc = "New Orleans, LA"}
@string{AAAI2019_loc = "Honolulu, HI"}
@string{AAAI2020_loc = "New York City, NY"}
@string{AAAI2021_loc = "virtual"}
@string{AAAI2021_loc = "virtual"}
@string{AAAI2022_loc = "virtual"}
@string{AAAI2023_loc = "Washington, D.C."}

@string{CVPR2022_loc= "New Orleans, LA"}
@string{CVPR2024_loc= "Seattle, WA"}

@article{chung2022diffusion,
  title={Diffusion posterior sampling for general noisy inverse problems},
  author={Chung, Hyungjin and Kim, Jeongsol and Mccann, Michael T and Klasky, Marc L and Ye, Jong Chul},
  journal={arXiv preprint arXiv:2209.14687},
  year={2022}
}

@article{black2023training,
  title={Training diffusion models with reinforcement learning},
  author={Black, Kevin and Janner, Michael and Du, Yilun and Kostrikov, Ilya and Levine, Sergey},
  journal={arXiv preprint arXiv:2305.13301},
  year={2023}
}


@inproceedings{wallace2023end,
  title={End-to-end diffusion latent optimization improves classifier guidance},
  author={Wallace, Bram and Gokul, Akash and Ermon, Stefano and Naik, Nikhil},
  booktitle={Proceedings of the IEEE/CVF International Conference on Computer Vision},
  pages={7280--7290},
  year={2023}
}

@inproceedings{gao2023scaling,
  title={Scaling laws for reward model overoptimization},
  author={Gao, Leo and Schulman, John and Hilton, Jacob},
  booktitle=ICML,
  pages={10835--10866},
  year={2023},
  address=ICML2023_loc
}


@inproceedings{krishnamoorthy2023diffusion,
  title={Diffusion models for black-box optimization},
  author={Krishnamoorthy, Siddarth and Mashkaria, Satvik Mehul and Grover, Aditya},
  booktitle=ICML,
  year={2023},
  address=ICML2023_loc
}

@article{chiang1987diffusion,
  title={Diffusion for global optimization in R\^{}n},
  author={Chiang, Tzuu-Shuh and Hwang, Chii-Ruey and Sheu, Shuenn Jyi},
  journal={SIAM Journal on Control and Optimization},
  volume={25},
  number={3},
  pages={737--753},
  year={1987}
}

@inproceedings{xu2018global,
  title={Global convergence of Langevin dynamics based algorithms for nonconvex optimization},
  author={Xu, Pan and Chen, Jinghui and Zou, Difan and Gu, Quanquan},
  booktitle=NIPS,
  year={2018},
  address=NIPS2018_loc
}

@article{hu2019diffusion,
  title={On the diffusion approximation of nonconvex stochastic gradient descent},
  author={Hu, Wenqing and Li, Chris Junchi and Li, Lei and Liu, Jian-Guo},
  journal={Annals of Mathematical Sciences and Applications},
  volume={4},
  number={1},
  pages={3--32},
  year={2019}
}

@inproceedings{giannone2023aligning,
  title={Aligning optimization trajectories with diffusion models for constrained design generation},
  author={Giannone, Giorgio and Srivastava, Akash and Winther, Ole and Ahmed, Faez},
  booktitle=NIPS,
  year=2023, 
  address=NIPS2023_loc
}

@article{guo2024gradient,
  title={Gradient Guidance for Diffusion Models: An Optimization Perspective},
  author={Guo, Yingqing and Yuan, Hui and Yang, Yukang and Chen, Minshuo and Wang, Mengdi},
  journal={arXiv preprint arXiv:2404.14743},
  year={2024}
}

@article{kong2024diffusion,
  title={Diffusion models as constrained samplers for optimization with unknown constraints},
  author={Kong, Lingkai and Du, Yuanqi and Mu, Wenhao and Neklyudov, Kirill and De Bortol, Valentin and Wang, Haorui and Wu, Dongxia and Ferber, Aaron and Ma, Yi-An and Gomes, Carla P and others},
  journal={arXiv preprint arXiv:2402.18012},
  year={2024}
}

@article{croitoru2023diffusion,
  title={Diffusion models in vision: A survey},
  author={Croitoru, Florinel-Alin and Hondru, Vlad and Ionescu, Radu Tudor and Shah, Mubarak},
  journal={IEEE Transactions on Pattern Analysis and Machine Intelligence},
  volume={45},
  number={9},
  pages={10850--10869},
  year={2023}
}

@inproceedings{ho2020denoising,
  title={Denoising diffusion probabilistic models},
  author={Ho, Jonathan and Jain, Ajay and Abbeel, Pieter},
  booktitle=NIPS,
  year={2020},
  address=NIPS2020_loc
}

@inproceedings{songdenoising,
  title={Denoising Diffusion Implicit Models},
  author={Song, Jiaming and Meng, Chenlin and Ermon, Stefano},
  booktitle=ICLR,
  year=2021,
  address=ICLR2021_loc
}

@article{li2024diffusion,
  title={Diffusion model for data-driven black-box optimization},
  author={Li, Zihao and Yuan, Hui and Huang, Kaixuan and Ni, Chengzhuo and Ye, Yinyu and Chen, Minshuo and Wang, Mengdi},
  journal={arXiv preprint arXiv:2403.13219},
  year={2024}
}

@inproceedings{clarkdirectly,
  title={Directly Fine-Tuning Diffusion Models on Differentiable Rewards},
  author={Clark, Kevin and Vicol, Paul and Swersky, Kevin and Fleet, David J},
  booktitle=ICLR, 
  year = 2024,
  address=ICLR2024_loc
}

@inproceedings{yang2024using,
  title={Using human feedback to fine-tune diffusion models without any reward model},
  author={Yang, Kai and Tao, Jian and Lyu, Jiafei and Ge, Chunjiang and Chen, Jiaxin and Shen, Weihan and Zhu, Xiaolong and Li, Xiu},
  booktitle=CVPR,
  year={2024},
  address=CVPR2024_loc
}

@inproceedings{blacktraining,
  title={Training Diffusion Models with Reinforcement Learning},
  author={Black, Kevin and Janner, Michael and Du, Yilun and Kostrikov, Ilya and Levine, Sergey},
  booktitle=ICLR,
  year=2024,
  address=ICLR2024_loc
}

@article{marion2024implicit,
  title={Implicit Diffusion: Efficient Optimization through Stochastic Sampling},
  author={Marion, Pierre and Korba, Anna and Bartlett, Peter and Blondel, Mathieu and De Bortoli, Valentin and Doucet, Arnaud and Llinares-L{\'o}pez, Felipe and Paquette, Courtney and Berthet, Quentin},
  journal={arXiv preprint arXiv:2402.05468},
  year={2024}
}

@inproceedings{songscore,
  title={Score-Based Generative Modeling through Stochastic Differential Equations},
  author={Song, Yang and Sohl-Dickstein, Jascha and Kingma, Diederik P and Kumar, Abhishek and Ermon, Stefano and Poole, Ben},
  booktitle=ICLR,
  year={2021},
  address=ICLR2021_loc 
}

@inproceedings{ronneberger2015u,
  title={U-net: Convolutional networks for biomedical image segmentation},
  author={Ronneberger, Olaf and Fischer, Philipp and Brox, Thomas},
  booktitle={Medical image computing and computer-assisted intervention--MICCAI 2015: 18th international conference, Munich, Germany, October 5-9, 2015, proceedings, part III 18},
  pages={234--241},
  year={2015}
}

@article{uehara2024fine,
  title={Fine-tuning of continuous-time diffusion models as entropy-regularized control},
  author={Uehara, Masatoshi and Zhao, Yulai and Black, Kevin and Hajiramezanali, Ehsan and Scalia, Gabriele and Diamant, Nathaniel Lee and Tseng, Alex M and Biancalani, Tommaso and Levine, Sergey},
  journal={arXiv preprint arXiv:2402.15194},
  year={2024}
}

@inproceedings{jing2022torsional,
  title={Torsional diffusion for molecular conformer generation},
  author={Jing, Bowen and Corso, Gabriele and Chang, Jeffrey and Barzilay, Regina and Jaakkola, Tommi},
  booktitle=NIPS,
  year={2022},
  address=NIPS2022_loc
}

@inproceedings{wu2022diffusion,
  title={Diffusion-based molecule generation with informative prior bridges},
  author={Wu, Lemeng and Gong, Chengyue and Liu, Xingchao and Ye, Mao and Liu, Qiang},
  booktitle={Advances in Neural Information Processing Systems},
  year={2022},
  address=NIPS2022_loc
}

@article{yang2023diffsound,
  title={Diffsound: Discrete diffusion model for text-to-sound generation},
  author={Yang, Dongchao and Yu, Jianwei and Wang, Helin and Wang, Wen and Weng, Chao and Zou, Yuexian and Yu, Dong},
  journal={IEEE/ACM Transactions on Audio, Speech, and Language Processing},
  volume={31},
  pages={1720--1733},
  year={2023}
}

@inproceedings{liu2023audioldm,
  title={AudioLDM: Text-to-Audio Generation with Latent Diffusion Models},
  author={Liu, Haohe and Chen, Zehua and Yuan, Yi and Mei, Xinhao and Liu, Xubo and Mandic, Danilo and Wang, Wenwu and Plumbley, Mark D},
  booktitle=ICML,
  pages={21450--21474},
  year={2023},
  address=ICML2023_loc
}


@article{chen2023importance,
  title={On the importance of noise scheduling for diffusion models},
  author={Chen, Ting},
  journal={arXiv preprint arXiv:2301.10972},
  year={2023}
}

@inproceedings{nichol2021improved,
  title={Improved denoising diffusion probabilistic models},
  author={Nichol, Alexander Quinn and Dhariwal, Prafulla},
  booktitle=ICML,
  pages={8162--8171},
  year={2021}
}

@article{tang2024fine,
  title={Fine-tuning of diffusion models via stochastic control: entropy regularization and beyond},
  author={Tang, Wenpin},
  journal={arXiv preprint arXiv:2403.06279},
  year={2024}
}

@misc{Seitzer2020FID,
  author={Maximilian Seitzer},
  title={{pytorch-fid: FID Score for PyTorch}},
  month={August},
  year={2020},
  note={Version 0.3.0},
  howpublished={\url{https://github.com/mseitzer/pytorch-fid}},
}


@inproceedings{denker2024deft,
  title={DEFT: Efficient Fine-tuning of Diffusion Models by Learning the Generalised $ h $-transform},
  author={Denker, Alexander and Vargas, Francisco and Padhy, Shreyas and Didi, Kieran and Mathis, Simon V and Barbano, Riccardo and Dutordoir, Vincent and Mathieu, Emile and Komorowska, Urszula Julia and Lio, Pietro},
  booktitle=NIPS,
  year={2024},
  address=NIPS2024_loc
}

@inproceedings{hoogeboom2023simple,
  title={simple diffusion: End-to-end diffusion for high resolution images},
  author={Hoogeboom, Emiel and Heek, Jonathan and Salimans, Tim},
  booktitle=ICML,
  year={2023},
  address=ICML2023_loc
}

@inproceedings{watson2022learning,
  title={Learning fast samplers for diffusion models by differentiating through sample quality},
  author={Watson, Daniel and Chan, William and Ho, Jonathan and Norouzi, Mohammad},
  booktitle=ICLR,
  address=ICLR2022_loc,
  year={2022}
}

@article{mathiasen2020backpropagating,
  title={Backpropagating through Frechet Inception Distance},
  author={Mathiasen, Alexander and Hvilsh{\o}j, Frederik},
  journal={arXiv preprint arXiv:2009.14075},
  year={2020}
}


@misc{analyticsvidhya2024noise,
  author       = {Analytics Vidhya},
  title        = {Noise Schedules in Stable Diffusion},
  year         = {2024},
  howpublished = {\url{https://www.analyticsvidhya.com/blog/2024/07/noise-schedules-in-stable-diffusion/}}
}

@inproceedings{fan2024reinforcement,
  title={Reinforcement learning for fine-tuning text-to-image diffusion models},
  author={Fan, Ying and Watkins, Olivia and Du, Yuqing and Liu, Hao and Ryu, Moonkyung and Boutilier, Craig and Abbeel, Pieter and Ghavamzadeh, Mohammad and Lee, Kangwook and Lee, Kimin},
  booktitle=NIPS,
  year={2024},
  address=NIPS2024_loc
}

@inproceedings{yuan2024reward,
  title={Reward-directed conditional diffusion: Provable distribution estimation and reward improvement},
  author={Yuan, Hui and Huang, Kaixuan and Ni, Chengzhuo and Chen, Minshuo and Wang, Mengdi},
  booktitle=NIPS,
  year={2024},
  address=NIPS2024_loc
}

@inproceedings{lin2024common,
  title={Common diffusion noise schedules and sample steps are flawed},
  author={Lin, Shanchuan and Liu, Bingchen and Li, Jiashi and Yang, Xiao},
  booktitle={Proceedings of the IEEE/CVF winter conference on applications of computer vision},
  pages={5404--5411},
  year={2024}
}

@article{wang2023context,
  title={In-context learning unlocked for diffusion models},
  author={Wang, Zhendong and Jiang, Yifan and Lu, Yadong and He, Pengcheng and Chen, Weizhu and Wang, Zhangyang and Zhou, Mingyuan},
  journal={Advances in Neural Information Processing Systems},
  pages={8542--8562},
  year={2023}
}

@article{wang2024discrete,
  title={On discrete prompt optimization for diffusion models},
  author={Wang, Ruochen and Liu, Ting and Hsieh, Cho-Jui and Gong, Boqing},
  journal={arXiv preprint arXiv:2407.01606},
  year={2024}
}

@article{clark2023directly,
  title={Directly fine-tuning diffusion models on differentiable rewards},
  author={Clark, Kevin and Vicol, Paul and Swersky, Kevin and Fleet, David J},
  journal={arXiv preprint arXiv:2309.17400},
  year={2023}
}

@inproceedings{vempala2019rapid,
  title={Rapid convergence of the unadjusted langevin algorithm: Isoperimetry suffices},
  author={Vempala, Santosh and Wibisono, Andre},
  booktitle=NIPS,
  year={2019},
  address=NIPS2019_loc
}

@inproceedings{bansal2023universal,
  title={Universal guidance for diffusion models},
  author={Bansal, Arpit and Chu, Hong-Min and Schwarzschild, Avi and Sengupta, Soumyadip and Goldblum, Micah and Geiping, Jonas and Goldstein, Tom},
  booktitle={Proceedings of the IEEE/CVF Conference on Computer Vision and Pattern Recognition},
  pages={843--852},
  year={2023}
}

@article{ho2022cascaded,
  title={Cascaded diffusion models for high fidelity image generation},
  author={Ho, Jonathan and Saharia, Chitwan and Chan, William and Fleet, David J and Norouzi, Mohammad and Salimans, Tim},
  journal={Journal of Machine Learning Research},
  volume={23},
  number={47},
  pages={1--33},
  year={2022}
}

@inproceedings{karras2022elucidating,
  title={Elucidating the design space of diffusion-based generative models},
  author={Karras, Tero and Aittala, Miika and Aila, Timo and Laine, Samuli},
  booktitle=NIPS,
  year={2022},
  address=NIPS2022_loc
}

