@article{black2023training,
  title={Training diffusion models with reinforcement learning},
  author={Black, Kevin and Janner, Michael and Du, Yilun and Kostrikov, Ilya and Levine, Sergey},
  journal={arXiv preprint arXiv:2305.13301},
  year={2023}
}

@article{chen2023importance,
  title={On the importance of noise scheduling for diffusion models},
  author={Chen, Ting},
  journal={arXiv preprint arXiv:2301.10972},
  year={2023}
}

@article{chung2022diffusion,
  title={Diffusion posterior sampling for general noisy inverse problems},
  author={Chung, Hyungjin and Kim, Jeongsol and Mccann, Michael T and Klasky, Marc L and Ye, Jong Chul},
  journal={arXiv preprint arXiv:2209.14687},
  year={2022}
}

@inproceedings{clarkdirectly,
  title={Directly Fine-Tuning Diffusion Models on Differentiable Rewards},
  author={Clark, Kevin and Vicol, Paul and Swersky, Kevin and Fleet, David J},
  booktitle=ICLR, 
  year = 2024,
  address=ICLR2024_loc
}

@inproceedings{fan2024reinforcement,
  title={Reinforcement learning for fine-tuning text-to-image diffusion models},
  author={Fan, Ying and Watkins, Olivia and Du, Yuqing and Liu, Hao and Ryu, Moonkyung and Boutilier, Craig and Abbeel, Pieter and Ghavamzadeh, Mohammad and Lee, Kangwook and Lee, Kimin},
  booktitle=NIPS,
  year={2024},
  address=NIPS2024_loc
}

@article{guo2024gradient,
  title={Gradient Guidance for Diffusion Models: An Optimization Perspective},
  author={Guo, Yingqing and Yuan, Hui and Yang, Yukang and Chen, Minshuo and Wang, Mengdi},
  journal={arXiv preprint arXiv:2404.14743},
  year={2024}
}

@inproceedings{ho2020denoising,
  title={Denoising diffusion probabilistic models},
  author={Ho, Jonathan and Jain, Ajay and Abbeel, Pieter},
  booktitle=NIPS,
  year={2020},
  address=NIPS2020_loc
}

@inproceedings{lin2024common,
  title={Common diffusion noise schedules and sample steps are flawed},
  author={Lin, Shanchuan and Liu, Bingchen and Li, Jiashi and Yang, Xiao},
  booktitle={Proceedings of the IEEE/CVF winter conference on applications of computer vision},
  pages={5404--5411},
  year={2024}
}

@inproceedings{nichol2021improved,
  title={Improved denoising diffusion probabilistic models},
  author={Nichol, Alexander Quinn and Dhariwal, Prafulla},
  booktitle=ICML,
  pages={8162--8171},
  year={2021}
}

@article{uehara2024fine,
  title={Fine-tuning of continuous-time diffusion models as entropy-regularized control},
  author={Uehara, Masatoshi and Zhao, Yulai and Black, Kevin and Hajiramezanali, Ehsan and Scalia, Gabriele and Diamant, Nathaniel Lee and Tseng, Alex M and Biancalani, Tommaso and Levine, Sergey},
  journal={arXiv preprint arXiv:2402.15194},
  year={2024}
}

@inproceedings{wallace2023end,
  title={End-to-end diffusion latent optimization improves classifier guidance},
  author={Wallace, Bram and Gokul, Akash and Ermon, Stefano and Naik, Nikhil},
  booktitle={Proceedings of the IEEE/CVF International Conference on Computer Vision},
  pages={7280--7290},
  year={2023}
}

