@article{nesterov2017random,
  title={Random gradient-free minimization of convex functions},
  author={Nesterov, Yurii and Spokoiny, Vladimir},
  journal={Foundations of Computational Mathematics},
  volume={17},
  number={2},
  pages={527--566},
  year={2017},
  publisher={Springer}
}

@article{shamir2017optimal,
  title={An optimal algorithm for bandit and zero-order convex optimization with two-point feedback},
  author={Shamir, Ohad},
  journal={The Journal of Machine Learning Research},
  volume={18},
  number={1--1},
  pages={1703--1713},
  year={2017},
  publisher={JMLR. org}
}

@article{zhang2020boosting,
  title={Boosting One-Point Derivative-Free Online Optimization via Residual Feedback},
  author={Zhang, Yan and Zhou, Yi and Ji, Kaiyi and Zavlanos, Michael M},
  journal={arXiv preprint: 2010.07378},
  year={2020},
  month=Oct
}

@article{deng2012mnist,
  title={The mnist database of handwritten digit images for machine learning research},
  author={Deng, Li},
  journal={IEEE Signal Processing Magazine},
  volume={29},
  number={6},
  pages={141--142},
  year={2012}
}