% Use this file for citations not found in the ACL Anthology (contained in "anthology.bib").

@inproceedings{liu2023leveraging,
  title={Leveraging Event Schema to Ask Clarifying Questions for Conversational Legal Case Retrieval},
  author={Liu, Bulou and Hu, Yiran and Ai, Qingyao and Liu, Yiqun and Wu, Yueyue and Li, Chenliang and Shen, Weixing},
  booktitle={Proceedings of the 32nd ACM International Conference on Information and Knowledge Management},
  pages={1513--1522},
  year={2023}
}

@article{liu2023reta,
  title={RETA-LLM: A Retrieval-Augmented Large Language Model Toolkit},
  author={Liu, Jiongnan and Jin, Jiajie and Wang, Zihan and Cheng, Jiehan and Dou, Zhicheng and Wen, Ji-Rong},
  journal={arXiv preprint arXiv:2306.05212},
  year={2023}
}

@inproceedings{kim2023tree,
  title={Tree of Clarifications: Answering Ambiguous Questions with Retrieval-Augmented Large Language Models},
  author={Kim, Gangwoo and Kim, Sungdong and Jeon, Byeongguk and Park, Joonsuk and Kang, Jaewoo},
  booktitle={Proceedings of the 2023 Conference on Empirical Methods in Natural Language Processing},
  pages={996--1009},
  year={2023}
}

@inproceedings{robertson1994some,
  title={Some simple effective approximations to the 2-poisson model for probabilistic weighted retrieval},
  author={Robertson, Stephen E and Walker, Steve},
  booktitle={SIGIR’94: Proceedings of the Seventeenth Annual International ACM-SIGIR Conference on Research and Development in Information Retrieval, organised by Dublin City University},
  pages={232--241},
  year={1994},
  organization={Springer}
}

@inproceedings{kenton2019bert,
  title={BERT: Pre-training of Deep Bidirectional Transformers for Language Understanding},
  author={Kenton, Jacob Devlin Ming-Wei Chang and Toutanova, Lee Kristina},
  booktitle={Proceedings of NAACL-HLT},
  pages={4171--4186},
  year={2019}
}

@article{liu2019roberta,
  title={Roberta: A robustly optimized bert pretraining approach},
  author={Liu, Yinhan and Ott, Myle and Goyal, Naman and Du, Jingfei and Joshi, Mandar and Chen, Danqi and Levy, Omer and Lewis, Mike and Zettlemoyer, Luke and Stoyanov, Veselin},
  journal={arXiv preprint arXiv:1907.11692},
  year={2019}
}


@article{lecun1989backpropagation,
  title={Backpropagation applied to handwritten zip code recognition},
  author={LeCun, Yann and Boser, Bernhard and Denker, John S and Henderson, Donnie and Howard, Richard E and Hubbard, Wayne and Jackel, Lawrence D},
  journal={Neural computation},
  volume={1},
  number={4},
  pages={541--551},
  year={1989},
  publisher={MIT Press}
}

@article{Rogers2023,
  title={QA Dataset Explosion: A Taxonomy of NLP Resources for Question Answering and Reading Comprehension},
  author={Anna Rogers and PictureMatt Gardner and PictureIsabelle Augenstein},
  journal={ACM Computing Surveys},
  volume={55},
  number={10},
  pages={1--45},
  year={2023}
}

@article{Baradaran2022, 
title={A Survey on Machine Reading Comprehension Systems}, 
volume={28}, 
number={6}, 
journal={Natural Language Engineering}, 
author={Baradaran, Razieh and Ghiasi, Razieh and Amirkhani, Hossein}, 
year={2022}, 
pages={683–732}} 

@inproceedings{Vladimir2020,
title = "Dense passage retrieval for open-domain question answering",
author = "Vladimir Karpukhin and Barlas Oğuz and Sewon Min and Patrick Lewis and Ledell Wu and Sergey Edunov and Danqi Chen and Yih, {Wen Tau}",
year = "2020",
pages = "6769--6781",
booktitle = "EMNLP",
}
@inproceedings{wang-etal-2022-new,
    title = "A New Concept of Knowledge based Question Answering ({KBQA}) System for Multi-hop Reasoning",
    author = "Wang, Yu and Vijay Srinivasan and Jin, Hongxia",
    booktitle = "Proceedings of the Conference of the North American Chapter of the Association for Computational Linguistics: Human Language Technologies",
    year = "2022",
    pages = "4007--4017"
}

@inproceedings{louis2024interpretable,
  title={Interpretable long-form legal question answering with retrieval-augmented large language models},
  author={Louis, Antoine and van Dijck, Gijs and Spanakis, Gerasimos},
  booktitle={Proceedings of the AAAI Conference on Artificial Intelligence},
  pages={22266--22275},
  year={2024}
}

@inproceedings{lin2004rouge,
  title={Rouge: A package for automatic evaluation of summaries},
  author={Lin, Chin-Yew},
  booktitle={Text summarization branches out},
  pages={74--81},
  year={2004}
}

@inproceedings{mistica2020,
    title = "Information Extraction from Legal Documents: A Study in the Context of Common Law Court Judgements",
    author = "Mistica, Meladel  and
      Zhang, Geordie Z.  and
      Chia, Hui  and
      Shrestha, Kabir Manandhar  and
      Gupta, Rohit Kumar  and
      Khandelwal, Saket  and
      Paterson, Jeannie  and
      Baldwin, Timothy  and
      Beck, Daniel",
    booktitle = "Proceedings of the 18th Annual Workshop of the Australasian Language Technology Association",
    year = "2020",
    pages = "98--103"
}

@inproceedings{Zhang-Nulty-2023,
author = {Zhang, Gechuan and Nulty, Paul and Lillis, David},
title = {Argument Mining with Graph Representation Learning},
year = {2023},
booktitle = {Proceedings of the Nineteenth International Conference on Artificial Intelligence and Law},
pages = {371–380}
}

@article{Sert2022,
author = {Mehmet Fatih Sert and Engin Yıldırım and İrfan Haşlak},
title ={Using Artificial Intelligence to Predict Decisions of the Turkish Constitutional Court},
journal = {Social Science Computer Review},
volume = {40},
number = {6},
pages = {1416-1435},
year = {2022}}

@inproceedings{Mumford2023,
author = {Mumford, Jack and Atkinson, Katie and Bench-Capon, Trevor},
title = {Combining a Legal Knowledge Model with Machine Learning for Reasoning with Legal Cases},
year = {2023},
booktitle = {Proceedings of the Nineteenth International Conference on Artificial Intelligence and Law},
pages = {167--176}
}

@inproceedings{Liu-Zhang-2023,
author = {Liu, Yifei and Wu, Yiquan and Zhang, Yating and Sun, Changlong and Lu, Weiming and Wu, Fei and Kuang, Kun},
title = {ML-LJP: Multi-Law Aware Legal Judgment Prediction},
year = {2023},
booktitle = {Proceedings of the 46th International ACM SIGIR Conference on Research and Development in Information Retrieval},
pages = {1023--1034}
}

@inproceedings{Sun-xu-2023,
    title = "Law Article-Enhanced Legal Case Matching: A Causal Learning Approach",
    author = "Zhongxiang Sun and Jun Xu and Xiao Zhang and Zhenhua Dong and Ji-Rong Wen",
    booktitle = "Proceedings of ACM SIGIR",
    year = "2023",
    pages = "1549--1558"
}

@inproceedings{Zhong2020,
  title={How Does NLP Benefit Legal System: A Summary of Legal Artificial Intelligence},
  author={Haoxi Zhong and Chaojun Xiao and Cunchao Tu and Tianyang Zhang and Zhiyuan Liu and Maosong Sun},
  booktitle={ACL},
  pages={5218--5230},
  year={2020}
}


@inproceedings{Veronica2020,
  title={Explaining Question Answering Models through Text Generation},
  author={Veronica Latcinnik and Jonathan Berant},
  booktitle={arXiv:2004.05569},
  year={2020}
}

@inproceedings{banerjee2005meteor,
  title={METEOR: An automatic metric for MT evaluation with improved correlation with human judgments},
  author={Banerjee, Satanjeev and Lavie, Alon},
  booktitle={Proceedings of the acl workshop on intrinsic and extrinsic evaluation measures for machine translation and/or summarization},
  pages={65--72},
  year={2005}
}

@inproceedings{ryu2023retrieval,
  title={Retrieval-based Evaluation for LLMs: A Case Study in Korean Legal QA},
  author={Ryu, Cheol and Lee, Seolhwa and Pang, Subeen and Choi, Chanyeol and Choi, Hojun and Min, Myeonggee and Sohn, Jy-Yong},
  booktitle={Proceedings of the Natural Legal Language Processing Workshop 2023},
  pages={132--137},
  year={2023}
}

@article{sharma2024retrieval,
  title={Retrieval Augmented Generation for Domain-specific Question Answering},
  author={Sharma, Sanat and Yoon, David Seunghyun and Dernoncourt, Franck and Sultania, Dewang and Bagga, Karishma and Zhang, Mengjiao and Bui, Trung and Kotte, Varun},
  journal={arXiv preprint arXiv:2404.14760},
  year={2024}
}

@inproceedings{feng2024retrieval,
  title={Retrieval-generation synergy augmented large language models},
  author={Feng, Zhangyin and Feng, Xiaocheng and Zhao, Dezhi and Yang, Maojin and Qin, Bing},
  booktitle={ICASSP 2024-2024 IEEE International Conference on Acoustics, Speech and Signal Processing (ICASSP)},
  pages={11661--11665},
  year={2024},
  organization={IEEE}
}

@article{lewis2020retrieval,
  title={Retrieval-augmented generation for knowledge-intensive nlp tasks},
  author={Lewis, Patrick and Perez, Ethan and Piktus, Aleksandra and Petroni, Fabio and Karpukhin, Vladimir and Goyal, Naman and K{\"u}ttler, Heinrich and Lewis, Mike and Yih, Wen-tau and Rockt{\"a}schel, Tim and others},
  journal={Advances in Neural Information Processing Systems},
  volume={33},
  pages={9459--9474},
  year={2020}
}

@inproceedings{liu2020retrieval,
  title={Retrieval-Augmented Generation for Code Summarization via Hybrid GNN},
  author={Liu, Shangqing and Chen, Yu and Xie, Xiaofei and Siow, Jing Kai and Liu, Yang},
  booktitle={International Conference on Learning Representations},
  year={2020}
}

@inproceedings{parvez2021retrieval,
  title={Retrieval Augmented Code Generation and Summarization},
  author={Parvez, Md Rizwan and Ahmad, Wasi and Chakraborty, Saikat and Ray, Baishakhi and Chang, Kai-Wei},
  booktitle={Findings of the Association for Computational Linguistics: EMNLP 2021},
  pages={2719--2734},
  year={2021}
}

@article{mao2020generation,
  title={Generation-augmented retrieval for open-domain question answering},
  author={Mao, Yuning and He, Pengcheng and Liu, Xiaodong and Shen, Yelong and Gao, Jianfeng and Han, Jiawei and Chen, Weizhu},
  journal={arXiv preprint arXiv:2009.08553},
  year={2020}
}

@inproceedings{gu2018search,
  title={Search engine guided neural machine translation},
  author={Gu, Jiatao and Wang, Yong and Cho, Kyunghyun and Li, Victor OK},
  booktitle={Proceedings of the AAAI Conference on Artificial Intelligence},
  year={2018}
}

@article{cui2023chatlaw,
  title={Chatlaw: Open-source legal large language model with integrated external knowledge bases},
  author={Cui, Jiaxi and Li, Zongjian and Yan, Yang and Chen, Bohua and Yuan, Li},
  journal={arXiv preprint arXiv:2306.16092},
  year={2023}
}

@article{wiratunga2024cbr,
  title={CBR-RAG: Case-Based Reasoning for Retrieval Augmented Generation in LLMs for Legal Question Answering},
  author={Wiratunga, Nirmalie and Abeyratne, Ramitha and Jayawardena, Lasal and Martin, Kyle and Massie, Stewart and Nkisi-Orji, Ikechukwu and Weerasinghe, Ruvan and Liret, Anne and Fleisch, Bruno},
  journal={arXiv preprint arXiv:2404.04302},
  year={2024}
}

@article{chouhan2024lexdrafter,
  title={LexDrafter: Terminology Drafting for Legislative Documents using Retrieval Augmented Generation},
  author={Chouhan, Ashish and Gertz, Michael},
  journal={arXiv preprint arXiv:2403.16295},
  year={2024}
}

@inproceedings{wu2023precedent,
  title={Precedent-Enhanced Legal Judgment Prediction with LLM and Domain-Model Collaboration},
  author={Wu, Yiquan and Zhou, Siying and Liu, Yifei and Lu, Weiming and Liu, Xiaozhong and Zhang, Yating and Sun, Changlong and Wu, Fei and Kuang, Kun},
  booktitle={Proceedings of the 2023 Conference on Empirical Methods in Natural Language Processing},
  pages={12060--12075},
  year={2023}
}


@article{mansfield2011new,
  title={New Roles to Solve Old Problems: Lawyering for Ordinary People in Today's Context},
  author={Mansfield, Marsha M and Trubek, Louise G},
  journal={NYL Sch. L. Rev.},
  volume={56},
  pages={367},
  year={2011},
  publisher={HeinOnline}
}

@article{brescia2014embracing,
  title={Embracing disruption: How technological change in the delivery of legal services can improve access to justice},
  author={Brescia, Raymond H and McCarthy, Walter and McDonald, Ashley and Potts, Kellan and Rivais, Cassandra},
  journal={Alb. L. Rev.},
  volume={78},
  pages={553},
  year={2014},
  publisher={HeinOnline}
}

@article{knake2012democratizing,
  title={Democratizing the delivery of legal services},
  author={Knake, Renee Newman},
  journal={Ohio St. LJ},
  volume={73},
  pages={1},
  year={2012},
  publisher={HeinOnline}
}

@article{duranti2012trust,
  title={Trust in digital records: An increasingly cloudy legal area},
  author={Duranti, Luciana and Rogers, Corinne},
  journal={Computer Law \& Security Review},
  volume={28},
  number={5},
  pages={522--531},
  year={2012},
  publisher={Elsevier}
}

@article{dahl2024large,
  title={Large legal fictions: Profiling legal hallucinations in large language models},
  author={Dahl, Matthew and Magesh, Varun and Suzgun, Mirac and Ho, Daniel E},
  journal={arXiv preprint arXiv:2401.01301},
  year={2024}
}

@inproceedings{cheong2024not,
  title={(A) I Am Not a Lawyer, But...: Engaging Legal Experts towards Responsible LLM Policies for Legal Advice},
  author={Cheong, Inyoung and Xia, King and Feng, KJ Kevin and Chen, Quan Ze and Zhang, Amy X},
  booktitle={The 2024 ACM Conference on Fairness, Accountability, and Transparency},
  pages={2454--2469},
  year={2024}
}



@article{li2024enhancing,
  title={Enhancing LLM Factual Accuracy with RAG to Counter Hallucinations: A Case Study on Domain-Specific Queries in Private Knowledge-Bases},
  author={Li, Jiarui and Yuan, Ye and Zhang, Zehua},
  journal={arXiv preprint arXiv:2403.10446},
  year={2024}
}

@inproceedings{huang2013learning,
  title={Learning deep structured semantic models for web search using clickthrough data},
  author={Huang, Po-Sen and He, Xiaodong and Gao, Jianfeng and Deng, Li and Acero, Alex and Heck, Larry},
  booktitle={Proceedings of the 22nd ACM international conference on Information \& Knowledge Management},
  pages={2333--2338},
  year={2013}
}



@inproceedings{wu2024knowledge,
  title={Knowledge-Infused Legal Wisdom: Navigating LLM Consultation through the Lens of Diagnostics and Positive-Unlabeled Reinforcement Learning},
  author={Wu, Yang and Wang, Chenghao and Gumusel, Ece and Liu, Xiaozhong},
  booktitle={Findings of the Association for Computational Linguistics: ACL 2024},
  year={2024}
}


@article{williams1992simple,
  title={Simple statistical gradient-following algorithms for connectionist reinforcement learning},
  author={Williams, Ronald J},
  journal={Machine learning},
  volume={8},
  pages={229--256},
  year={1992},
  publisher={Springer}
}

@inproceedings{zhang2019bertscore,
  title={BERTScore: Evaluating Text Generation with BERT},
  author={Zhang, Tianyi and Kishore, Varsha and Wu, Felix and Weinberger, Kilian Q and Artzi, Yoav},
  booktitle={International Conference on Learning Representations},
  year={2019}
}

@inproceedings{ni2022sentence,
  title={Sentence-T5: Scalable Sentence Encoders from Pre-trained Text-to-Text Models},
  author={Ni, Jianmo and Abrego, Gustavo Hernandez and Constant, Noah and Ma, Ji and Hall, Keith and Cer, Daniel and Yang, Yinfei},
  booktitle={Findings of the Association for Computational Linguistics: ACL 2022},
  pages={1864--1874},
  year={2022}
}

@inproceedings{ni2022large,
  title={Large Dual Encoders Are Generalizable Retrievers},
  author={Ni, Jianmo and Qu, Chen and Lu, Jing and Dai, Zhuyun and Abrego, Gustavo Hernandez and Ma, Ji and Zhao, Vincent and Luan, Yi and Hall, Keith and Chang, Ming-Wei and others},
  booktitle={Proceedings of the 2022 Conference on Empirical Methods in Natural Language Processing},
  pages={9844--9855},
  year={2022}
}

@article{chen2024bge,
  title={Bge m3-embedding: Multi-lingual, multi-functionality, multi-granularity text embeddings through self-knowledge distillation},
  author={Chen, Jianlv and Xiao, Shitao and Zhang, Peitian and Luo, Kun and Lian, Defu and Liu, Zheng},
  journal={arXiv preprint arXiv:2402.03216},
  year={2024}
}


@inproceedings{su2023one,
  title={One Embedder, Any Task: Instruction-Finetuned Text Embeddings},
  author={Su, Hongjin and Shi, Weijia and Kasai, Jungo and Wang, Yizhong and Hu, Yushi and Ostendorf, Mari and Yih, Wen-tau and Smith, Noah A and Zettlemoyer, Luke and Yu, Tao},
  booktitle={Findings of the Association for Computational Linguistics: ACL 2023},
  pages={1102--1121},
  year={2023}
}

@inproceedings{chen2023equals,
  title={Equals: A real-world dataset for legal question answering via reading chinese laws},
  author={Chen, Andong and Yao, Feng and Zhao, Xinyan and Zhang, Yating and Sun, Changlong and Liu, Yun and Shen, Weixing},
  booktitle={Proceedings of the Nineteenth International Conference on Artificial Intelligence and Law},
  pages={71--80},
  year={2023}
}