@article{Baradaran2022, 
title={A Survey on Machine Reading Comprehension Systems}, 
volume={28}, 
number={6}, 
journal={Natural Language Engineering}, 
author={Baradaran, Razieh and Ghiasi, Razieh and Amirkhani, Hossein}, 
year={2022}, 
pages={683–732}}

@inproceedings{Liu-Zhang-2023,
author = {Liu, Yifei and Wu, Yiquan and Zhang, Yating and Sun, Changlong and Lu, Weiming and Wu, Fei and Kuang, Kun},
title = {ML-LJP: Multi-Law Aware Legal Judgment Prediction},
year = {2023},
booktitle = {Proceedings of the 46th International ACM SIGIR Conference on Research and Development in Information Retrieval},
pages = {1023--1034}
}

@inproceedings{Mumford2023,
author = {Mumford, Jack and Atkinson, Katie and Bench-Capon, Trevor},
title = {Combining a Legal Knowledge Model with Machine Learning for Reasoning with Legal Cases},
year = {2023},
booktitle = {Proceedings of the Nineteenth International Conference on Artificial Intelligence and Law},
pages = {167--176}
}

@article{Rogers2023,
  title={QA Dataset Explosion: A Taxonomy of NLP Resources for Question Answering and Reading Comprehension},
  author={Anna Rogers and PictureMatt Gardner and PictureIsabelle Augenstein},
  journal={ACM Computing Surveys},
  volume={55},
  number={10},
  pages={1--45},
  year={2023}
}

@article{Sert2022,
author = {Mehmet Fatih Sert and Engin Yıldırım and İrfan Haşlak},
title ={Using Artificial Intelligence to Predict Decisions of the Turkish Constitutional Court},
journal = {Social Science Computer Review},
volume = {40},
number = {6},
pages = {1416-1435},
year = {2022}}

@inproceedings{Sun-xu-2023,
    title = "Law Article-Enhanced Legal Case Matching: A Causal Learning Approach",
    author = "Zhongxiang Sun and Jun Xu and Xiao Zhang and Zhenhua Dong and Ji-Rong Wen",
    booktitle = "Proceedings of ACM SIGIR",
    year = "2023",
    pages = "1549--1558"
}

@inproceedings{Veronica2020,
  title={Explaining Question Answering Models through Text Generation},
  author={Veronica Latcinnik and Jonathan Berant},
  booktitle={arXiv:2004.05569},
  year={2020}
}

@inproceedings{Vladimir2020,
title = "Dense passage retrieval for open-domain question answering",
author = "Vladimir Karpukhin and Barlas Oğuz and Sewon Min and Patrick Lewis and Ledell Wu and Sergey Edunov and Danqi Chen and Yih, {Wen Tau}",
year = "2020",
pages = "6769--6781",
booktitle = "EMNLP",
}

@inproceedings{Zhang-Nulty-2023,
author = {Zhang, Gechuan and Nulty, Paul and Lillis, David},
title = {Argument Mining with Graph Representation Learning},
year = {2023},
booktitle = {Proceedings of the Nineteenth International Conference on Artificial Intelligence and Law},
pages = {371–380}
}

@inproceedings{Zhong2020,
  title={How Does NLP Benefit Legal System: A Summary of Legal Artificial Intelligence},
  author={Haoxi Zhong and Chaojun Xiao and Cunchao Tu and Tianyang Zhang and Zhiyuan Liu and Maosong Sun},
  booktitle={ACL},
  pages={5218--5230},
  year={2020}
}

@inproceedings{chen2023equals,
  title={Equals: A real-world dataset for legal question answering via reading chinese laws},
  author={Chen, Andong and Yao, Feng and Zhao, Xinyan and Zhang, Yating and Sun, Changlong and Liu, Yun and Shen, Weixing},
  booktitle={Proceedings of the Nineteenth International Conference on Artificial Intelligence and Law},
  pages={71--80},
  year={2023}
}

@article{chouhan2024lexdrafter,
  title={LexDrafter: Terminology Drafting for Legislative Documents using Retrieval Augmented Generation},
  author={Chouhan, Ashish and Gertz, Michael},
  journal={arXiv preprint arXiv:2403.16295},
  year={2024}
}

@article{cui2023chatlaw,
  title={Chatlaw: Open-source legal large language model with integrated external knowledge bases},
  author={Cui, Jiaxi and Li, Zongjian and Yan, Yang and Chen, Bohua and Yuan, Li},
  journal={arXiv preprint arXiv:2306.16092},
  year={2023}
}

@inproceedings{feng2024retrieval,
  title={Retrieval-generation synergy augmented large language models},
  author={Feng, Zhangyin and Feng, Xiaocheng and Zhao, Dezhi and Yang, Maojin and Qin, Bing},
  booktitle={ICASSP 2024-2024 IEEE International Conference on Acoustics, Speech and Signal Processing (ICASSP)},
  pages={11661--11665},
  year={2024},
  organization={IEEE}
}

@inproceedings{gu2018search,
  title={Search engine guided neural machine translation},
  author={Gu, Jiatao and Wang, Yong and Cho, Kyunghyun and Li, Victor OK},
  booktitle={Proceedings of the AAAI Conference on Artificial Intelligence},
  year={2018}
}

@inproceedings{kim2023tree,
  title={Tree of Clarifications: Answering Ambiguous Questions with Retrieval-Augmented Large Language Models},
  author={Kim, Gangwoo and Kim, Sungdong and Jeon, Byeongguk and Park, Joonsuk and Kang, Jaewoo},
  booktitle={Proceedings of the 2023 Conference on Empirical Methods in Natural Language Processing},
  pages={996--1009},
  year={2023}
}

@article{lewis2020retrieval,
  title={Retrieval-augmented generation for knowledge-intensive nlp tasks},
  author={Lewis, Patrick and Perez, Ethan and Piktus, Aleksandra and Petroni, Fabio and Karpukhin, Vladimir and Goyal, Naman and K{\"u}ttler, Heinrich and Lewis, Mike and Yih, Wen-tau and Rockt{\"a}schel, Tim and others},
  journal={Advances in Neural Information Processing Systems},
  volume={33},
  pages={9459--9474},
  year={2020}
}

@inproceedings{liu2020retrieval,
  title={Retrieval-Augmented Generation for Code Summarization via Hybrid GNN},
  author={Liu, Shangqing and Chen, Yu and Xie, Xiaofei and Siow, Jing Kai and Liu, Yang},
  booktitle={International Conference on Learning Representations},
  year={2020}
}

@article{liu2023reta,
  title={RETA-LLM: A Retrieval-Augmented Large Language Model Toolkit},
  author={Liu, Jiongnan and Jin, Jiajie and Wang, Zihan and Cheng, Jiehan and Dou, Zhicheng and Wen, Ji-Rong},
  journal={arXiv preprint arXiv:2306.05212},
  year={2023}
}

@inproceedings{louis2024interpretable,
  title={Interpretable long-form legal question answering with retrieval-augmented large language models},
  author={Louis, Antoine and van Dijck, Gijs and Spanakis, Gerasimos},
  booktitle={Proceedings of the AAAI Conference on Artificial Intelligence},
  pages={22266--22275},
  year={2024}
}

@article{mao2020generation,
  title={Generation-augmented retrieval for open-domain question answering},
  author={Mao, Yuning and He, Pengcheng and Liu, Xiaodong and Shen, Yelong and Gao, Jianfeng and Han, Jiawei and Chen, Weizhu},
  journal={arXiv preprint arXiv:2009.08553},
  year={2020}
}

@inproceedings{mistica2020,
    title = "Information Extraction from Legal Documents: A Study in the Context of Common Law Court Judgements",
    author = "Mistica, Meladel  and
      Zhang, Geordie Z.  and
      Chia, Hui  and
      Shrestha, Kabir Manandhar  and
      Gupta, Rohit Kumar  and
      Khandelwal, Saket  and
      Paterson, Jeannie  and
      Baldwin, Timothy  and
      Beck, Daniel",
    booktitle = "Proceedings of the 18th Annual Workshop of the Australasian Language Technology Association",
    year = "2020",
    pages = "98--103"
}

@inproceedings{parvez2021retrieval,
  title={Retrieval Augmented Code Generation and Summarization},
  author={Parvez, Md Rizwan and Ahmad, Wasi and Chakraborty, Saikat and Ray, Baishakhi and Chang, Kai-Wei},
  booktitle={Findings of the Association for Computational Linguistics: EMNLP 2021},
  pages={2719--2734},
  year={2021}
}

@inproceedings{ryu2023retrieval,
  title={Retrieval-based Evaluation for LLMs: A Case Study in Korean Legal QA},
  author={Ryu, Cheol and Lee, Seolhwa and Pang, Subeen and Choi, Chanyeol and Choi, Hojun and Min, Myeonggee and Sohn, Jy-Yong},
  booktitle={Proceedings of the Natural Legal Language Processing Workshop 2023},
  pages={132--137},
  year={2023}
}

@article{sharma2024retrieval,
  title={Retrieval Augmented Generation for Domain-specific Question Answering},
  author={Sharma, Sanat and Yoon, David Seunghyun and Dernoncourt, Franck and Sultania, Dewang and Bagga, Karishma and Zhang, Mengjiao and Bui, Trung and Kotte, Varun},
  journal={arXiv preprint arXiv:2404.14760},
  year={2024}
}

@inproceedings{wang-etal-2022-new,
    title = "A New Concept of Knowledge based Question Answering ({KBQA}) System for Multi-hop Reasoning",
    author = "Wang, Yu and Vijay Srinivasan and Jin, Hongxia",
    booktitle = "Proceedings of the Conference of the North American Chapter of the Association for Computational Linguistics: Human Language Technologies",
    year = "2022",
    pages = "4007--4017"
}

@article{wiratunga2024cbr,
  title={CBR-RAG: Case-Based Reasoning for Retrieval Augmented Generation in LLMs for Legal Question Answering},
  author={Wiratunga, Nirmalie and Abeyratne, Ramitha and Jayawardena, Lasal and Martin, Kyle and Massie, Stewart and Nkisi-Orji, Ikechukwu and Weerasinghe, Ruvan and Liret, Anne and Fleisch, Bruno},
  journal={arXiv preprint arXiv:2404.04302},
  year={2024}
}

@inproceedings{wu2023precedent,
  title={Precedent-Enhanced Legal Judgment Prediction with LLM and Domain-Model Collaboration},
  author={Wu, Yiquan and Zhou, Siying and Liu, Yifei and Lu, Weiming and Liu, Xiaozhong and Zhang, Yating and Sun, Changlong and Wu, Fei and Kuang, Kun},
  booktitle={Proceedings of the 2023 Conference on Empirical Methods in Natural Language Processing},
  pages={12060--12075},
  year={2023}
}

