@Misc{NREL2025,
  author = {{National Renewable Energy Laboratory}},
  title = {Best Research-Cell Efficiency Chart},
  year = {2025},
  url = {https://www.nrel.gov/pv/interactive-cell-efficiency.html},
  note = {Photovoltaic research, National Renewable Energy Laboratory (NREL)},
}

@article{s1,
  title={s1: Simple test-time scaling},
  author={Muennighoff, Niklas and Yang, Zitong and Shi, Weijia and Li, Xiang Lisa and Fei-Fei, Li and Hajishirzi, Hannaneh and Zettlemoyer, Luke and Liang, Percy and Cand{\`e}s, Emmanuel and Hashimoto, Tatsunori},
  journal={arXiv preprint arXiv:2501.19393},
  year={2025}
}

@article{limo,
  title={LIMO: Less is More for Reasoning},
  author={Ye, Yixin and Huang, Zhen and Xiao, Yang and Chern, Ethan and Xia, Shijie and Liu, Pengfei},
  journal={arXiv preprint arXiv:2502.03387},
  year={2025}
}

@misc{zhou2023lima,
      title={LIMA: Less Is More for Alignment}, 
      author={Chunting Zhou and Pengfei Liu and Puxin Xu and Srini Iyer and Jiao Sun and Yuning Mao and Xuezhe Ma and Avia Efrat and Ping Yu and Lili Yu and Susan Zhang and Gargi Ghosh and Mike Lewis and Luke Zettlemoyer and Omer Levy},
      year={2023},
      eprint={2305.11206},
      archivePrefix={arXiv},
      primaryClass={cs.CL},
      url={https://arxiv.org/abs/2305.11206}, 
}

@misc{bespoke_stratos,  
    author = {Bespoke Labs},  
    title = {Bespoke-Stratos: The unreasonable effectiveness of reasoning distillation},
    url = {https://hf.co/bespokelabs/Bespoke-Stratos-32B},
    note = {Accessed: 2025-01-22},  
    year = {2025}
}

@misc{xu2025redstardoesscalinglongcot,
      title={RedStar: Does Scaling Long-CoT Data Unlock Better Slow-Reasoning Systems?}, 
      author={Haotian Xu and Xing Wu and Weinong Wang and Zhongzhi Li and Da Zheng and Boyuan Chen and Yi Hu and Shijia Kang and Jiaming Ji and Yingying Zhang and Zhijiang Guo and Yaodong Yang and Muhan Zhang and Debing Zhang},
      year={2025},
      eprint={2501.11284},
      archivePrefix={arXiv},
      primaryClass={cs.LG},
      url={https://arxiv.org/abs/2501.11284}, 
}

@misc{sky_t1,
  author       = {NovaSky Team},
  title        = {Sky-T1: Fully open-source reasoning model with o1-preview performance in \$450 budget},
  url = {https://novasky-ai.github.io/posts/sky-t1},
  note         = {Accessed: 2025-01-09},
  year         = {2025}
}

@misc{o1,
    title = {Learning to Reason with LLMs},
    url = {https://openai.com/index/learning-to-reason-with-llms/},
    author = {OpenAI},
    month = {September},
    year = {2024}
}


@misc{k1.5,
      title={Kimi k1.5: Scaling Reinforcement Learning with LLMs}, 
      author={Kimi Team and Angang Du and Bofei Gao and Bowei Xing and Changjiu Jiang and Cheng Chen and Cheng Li and Chenjun Xiao and Chenzhuang Du and Chonghua Liao and Chuning Tang and Congcong Wang and Dehao Zhang and Enming Yuan and Enzhe Lu and Fengxiang Tang and Flood Sung and Guangda Wei and Guokun Lai and Haiqing Guo and Han Zhu and Hao Ding and Hao Hu and Hao Yang and Hao Zhang and Haotian Yao and Haotian Zhao and Haoyu Lu and Haoze Li and Haozhen Yu and Hongcheng Gao and Huabin Zheng and Huan Yuan and Jia Chen and Jianhang Guo and Jianlin Su and Jianzhou Wang and Jie Zhao and Jin Zhang and Jingyuan Liu and Junjie Yan and Junyan Wu and Lidong Shi and Ling Ye and Longhui Yu and Mengnan Dong and Neo Zhang and Ningchen Ma and Qiwei Pan and Qucheng Gong and Shaowei Liu and Shengling Ma and Shupeng Wei and Sihan Cao and Siying Huang and Tao Jiang and Weihao Gao and Weimin Xiong and Weiran He and Weixiao Huang and Wenhao Wu and Wenyang He and Xianghui Wei and Xianqing Jia and Xingzhe Wu and Xinran Xu and Xinxing Zu and Xinyu Zhou and Xuehai Pan and Y. Charles and Yang Li and Yangyang Hu and Yangyang Liu and Yanru Chen and Yejie Wang and Yibo Liu and Yidao Qin and Yifeng Liu and Ying Yang and Yiping Bao and Yulun Du and Yuxin Wu and Yuzhi Wang and Zaida Zhou and Zhaoji Wang and Zhaowei Li and Zhen Zhu and Zheng Zhang and Zhexu Wang and Zhilin Yang and Zhiqi Huang and Zihao Huang and Ziyao Xu and Zonghan Yang},
      year={2025},
      eprint={2501.12599},
      archivePrefix={arXiv},
      primaryClass={cs.AI},
      url={https://arxiv.org/abs/2501.12599}, 
}

@article{wang2023voyager,
  title={Voyager: An open-ended embodied agent with large language models},
  author={Wang, Guanzhi and Xie, Yuqi and Jiang, Yunfan and Mandlekar, Ajay and Xiao, Chaowei and Zhu, Yuke and Fan, Linxi and Anandkumar, Anima},
  journal={arXiv preprint arXiv:2305.16291},
  year={2023}
}


@inproceedings{diao2023active,
    title = "Active Prompting with Chain-of-Thought for Large Language Models",
    author = "Diao, Shizhe  and
      Wang, Pengcheng  and
      Lin, Yong  and
      Pan, Rui  and
      Liu, Xiang  and
      Zhang, Tong",
    editor = "Ku, Lun-Wei  and
      Martins, Andre  and
      Srikumar, Vivek",
    booktitle = "Proceedings of the 62nd Annual Meeting of the Association for Computational Linguistics (Volume 1: Long Papers)",
    month = aug,
    year = "2024",
    address = "Bangkok, Thailand",
    publisher = "Association for Computational Linguistics",
    url = "https://aclanthology.org/2024.acl-long.73",
    doi = "10.18653/v1/2024.acl-long.73",
    pages = "1330--1350",
}

@inproceedings{wang2023multipersona,
  title={Unleashing the Emergent Cognitive Synergy in Large Language Models: A Task-Solving Agent through Multi-Persona Self-Collaboration},
  author={Wang, Zhenhailong and Mao, Shaoguang and Wu, Wenshan and Ge, Tao and Wei, Furu and Ji, Heng},
  booktitle={Proceedings of the 2024 Conference of the North American Chapter of the Association for Computational Linguistics: Human Language Technologies (Volume 1: Long Papers)},
  pages={257--279},
  year={2024}
}

@inproceedings{sirui2024meta,
  author       = {Sirui Hong and
                  Mingchen Zhuge and
                  Jonathan Chen and
                  Xiawu Zheng and
                  Yuheng Cheng and
                  Jinlin Wang and
                  Ceyao Zhang and
                  Zili Wang and
                  Steven Ka Shing Yau and
                  Zijuan Lin and
                  Liyang Zhou and
                  Chenyu Ran and
                  Lingfeng Xiao and
                  Chenglin Wu and
                  J{\"{u}}rgen Schmidhuber},
  title        = {MetaGPT: Meta Programming for {A} Multi-Agent Collaborative Framework},
  booktitle    = {{ICLR}},
  publisher    = {OpenReview.net},
  year         = {2024}
}


@article{Tal2024Alpha,
  author       = {Tal Ridnik and
                  Dedy Kredo and
                  Itamar Friedman},
  title        = {Code Generation with AlphaCodium: From Prompt Engineering to Flow
                  Engineering},
  journal      = {CoRR},
  volume       = {abs/2401.08500},
  year         = {2024}
}

@inproceedings{li2024debug,
  author       = {Li Zhong and
                  Zilong Wang and
                  Jingbo Shang},
  title        = {Debug like a Human: {A} Large Language Model Debugger via Verifying
                  Runtime Execution Step by Step},
  booktitle    = {{ACL} (Findings)},
  pages        = {851--870},
  publisher    = {Association for Computational Linguistics},
  year         = {2024}
}

@article{yu2024hai,
  author       = {Yupeng Xie and
                  Yuyu Luo and
                  Guoliang Li and
                  Nan Tang},
  title        = {HAIChart: Human and {AI} Paired Visualization System},
  journal      = {Proc. {VLDB} Endow.},
  volume       = {17},
  number       = {11},
  pages        = {3178--3191},
  year         = {2024}
}


@article{yi2024gen,
  author       = {Yilin Ye and
                  Jianing Hao and
                  Yihan Hou and
                  Zhan Wang and
                  Shishi Xiao and
                  Yuyu Luo and
                  Wei Zeng},
  title        = {Generative {AI} for visualization: State of the art and future directions},
  journal      = {Vis. Informatics},
  volume       = {8},
  number       = {1},
  pages        = {43--66},
  year         = {2024}
}


@article{zhong2024achieving,
  title={Achieving> 97\% on GSM8K: Deeply Understanding the Problems Makes LLMs Perfect Reasoners},
  author={Zhong, Qihuang and Wang, Kang and Xu, Ziyang and Liu, Juhua and Ding, Liang and Du, Bo and Tao, Dacheng},
  journal={arXiv preprint arXiv:2404.14963},
  year={2024}
}


@inproceedings{xu2024lemur,
  title={Lemur: Harmonizing Natural Language and Code for Language Agents},
  author={Xu, Yiheng and Hongjin, SU and Xing, Chen and Mi, Boyu and Liu, Qian and Shi, Weijia and Hui, Binyuan and Zhou, Fan and Liu, Yitao and Xie, Tianbao and others},
  year={2024},
  booktitle={The Twelfth International Conference on Learning Representations}
}


@article{nori2023medprompt,
  author       = {Harsha Nori and
                  Yin Tat Lee and
                  Sheng Zhang and
                  Dean Carignan and
                  Richard Edgar and
                  Nicol{\`{o}} Fusi and
                  Nicholas King and
                  Jonathan Larson and
                  Yuanzhi Li and
                  Weishung Liu and
                  Renqian Luo and
                  Scott Mayer McKinney and
                  Robert Osazuwa Ness and
                  Hoifung Poon and
                  Tao Qin and
                  Naoto Usuyama and
                  Chris White and
                  Eric Horvitz},
  title        = {Can Generalist Foundation Models Outcompete Special-Purpose Tuning?
                  Case Study in Medicine},
  journal      = {CoRR},
  volume       = {abs/2311.16452},
  year         = {2023}
}

@inproceedings{zhou2024language,
  title={Language Agent Tree Search Unifies Reasoning, Acting, and Planning in Language Models},
  author={Zhou, Andy and Yan, Kai and Shlapentokh-Rothman, Michal and Wang, Haohan and Wang, Yu-Xiong},
  year={2024},
  booktitle={Forty-first International Conference on Machine Learning}
}

@article{zhou2023llm,
  title={Llm as dba},
  author={Zhou, Xuanhe and Li, Guoliang and Liu, Zhiyuan},
  journal={arXiv preprint arXiv:2308.05481},
  year={2023}
}

@article{li2024dawn,
  title={The Dawn of Natural Language to SQL: Are We Fully Ready?},
  author={Li, Boyan and Luo, Yuyu and Chai, Chengliang and Li, Guoliang and Tang, Nan},
  journal={arXiv preprint arXiv:2406.01265},
  year={2024}
}
@inproceedings{madaan2023self,
  title={Self-Refine: Iterative Refinement with Self-Feedback},
  author={Madaan, Aman and Tandon, Niket and Gupta, Prakhar and Hallinan, Skyler and Gao, Luyu and Wiegreffe, Sarah and Alon, Uri and Dziri, Nouha and Prabhumoye, Shrimai and Yang, Yiming and others},
  year = {2023},
  booktitle={Thirty-seventh Conference on Neural Information Processing Systems}
}

@inproceedings{wang2022COTSC,
  title={Self-Consistency Improves Chain of Thought Reasoning in Language Models},
  author={Wang, Xuezhi and Wei, Jason and Schuurmans, Dale and Le, Quoc V and Chi, Ed H and Narang, Sharan and Chowdhery, Aakanksha and Zhou, Denny},
  booktitle={The Eleventh International Conference on Learning Representations},
  year={2022}
}

@article{wei2022COT,
  title={Chain-of-thought prompting elicits reasoning in large language models},
  author={Wei, Jason and Wang, Xuezhi and Schuurmans, Dale and Bosma, Maarten and Xia, Fei and Chi, Ed and Le, Quoc V and Zhou, Denny and others},
  journal={Advances in Neural Information Processing Systems},
  volume={35},
  pages={24824--24837},
  year={2022}
}

@article{jia2024mobile,
  author       = {Jiayi Zhang and
                  Chuang Zhao and
                  Yihan Zhao and
                  Zhaoyang Yu and
                  Ming He and
                  Jianping Fan},
  title        = {MobileExperts: {A} Dynamic Tool-Enabled Agent Team in Mobile Devices},
  journal      = {CoRR},
  volume       = {abs/2407.03913},
  year         = {2024}
}

@article{hong2024data,
  author       = {Sirui Hong and
                  Yizhang Lin and
                  Bang Liu and
                  Bangbang Liu and
                  Binhao Wu and
                  Danyang Li and
                  Jiaqi Chen and
                  Jiayi Zhang and
                  Jinlin Wang and
                  Li Zhang and
                  Lingyao Zhang and
                  Min Yang and
                  Mingchen Zhuge and
                  Taicheng Guo and
                  Tuo Zhou and
                  Wei Tao and
                  Wenyi Wang and
                  Xiangru Tang and
                  Xiangtao Lu and
                  Xiawu Zheng and
                  Xinbing Liang and
                  Yaying Fei and
                  Yuheng Cheng and
                  Zongze Xu and
                  Chenglin Wu},
  title        = {Data Interpreter: An {LLM} Agent For Data Science},
  journal      = {CoRR},
  volume       = {abs/2402.18679},
  year         = {2024}
}

@article{zhuge2023mindstorms,
  title={Mindstorms in natural language-based societies of mind},
  author={Zhuge, Mingchen and Liu, Haozhe and Faccio, Francesco and Ashley, Dylan R and Csord{\'a}s, R{\'o}bert and Gopalakrishnan, Anand and Hamdi, Abdullah and Hammoud, Hasan Abed Al Kader and Herrmann, Vincent and Irie, Kazuki and others},
  journal={arXiv preprint arXiv:2305.17066},
  year={2023}
}

@article{yang2024qwen2,
  title={Qwen2. 5 technical report},
  author={Yang, An and Yang, Baosong and Zhang, Beichen and Hui, Binyuan and Zheng, Bo and Yu, Bowen and Li, Chengyuan and Liu, Dayiheng and Huang, Fei and Wei, Haoran and others},
  journal={arXiv preprint arXiv:2412.15115},
  year={2024}
}

@article{rein2023gpqa,
  title={Gpqa: A graduate-level google-proof q\&a benchmark},
  author={Rein, David and Hou, Betty Li and Stickland, Asa Cooper and Petty, Jackson and Pang, Richard Yuanzhe and Dirani, Julien and Michael, Julian and Bowman, Samuel R},
  journal={arXiv preprint arXiv:2311.12022},
  year={2023}
}

@article{lewkowycz2022solving,
  title={Solving quantitative reasoning problems with language models},
  author={Lewkowycz, Aitor and Andreassen, Anders and Dohan, David and Dyer, Ethan and Michalewski, Henryk and Ramasesh, Vinay and Slone, Ambrose and Anil, Cem and Schlag, Imanol and Gutman-Solo, Theo and others},
  journal={Advances in Neural Information Processing Systems},
  volume={35},
  pages={3843--3857},
  year={2022}
}

@article{guo2025deepseek,
  title={Deepseek-r1: Incentivizing reasoning capability in llms via reinforcement learning},
  author={Guo, Daya and Yang, Dejian and Zhang, Haowei and Song, Junxiao and Zhang, Ruoyu and Xu, Runxin and Zhu, Qihao and Ma, Shirong and Wang, Peiyi and Bi, Xiao and others},
  journal={arXiv preprint arXiv:2501.12948},
  year={2025}
}

@article{swain2016chemdataextractor,
  title={ChemDataExtractor: a toolkit for automated extraction of chemical information from the scientific literature},
  author={Swain, Matthew C and Cole, Jacqueline M},
  journal={Journal of chemical information and modeling},
  volume={56},
  number={10},
  pages={1894--1904},
  year={2016},
  publisher={ACS Publications}
}

@article{kononova2021opportunities,
  title={Opportunities and challenges of text mining in materials research},
  author={Kononova, Olga and He, Tanjin and Huo, Haoyan and Trewartha, Amalie and Olivetti, Elsa A and Ceder, Gerbrand},
  journal={Iscience},
  volume={24},
  number={3},
  year={2021},
  publisher={Elsevier}
}

@article{ref1,
  title={MaScQA: investigating materials science knowledge of large language models},
  author={Zaki, Mohd and Krishnan, NM Anoop and others},
  journal={Digital Discovery},
  volume={3},
  number={2},
  pages={313--327},
  year={2024},
  publisher={Royal Society of Chemistry}
}

@article{sun2023scieval,
  title={SciEval: A Multi-Level Large Language Model Evaluation Benchmark for Scientific Research},
  author={Sun, Liangtai and Han, Yang and Zhao, Zihan and Ma, Da and Shen, Zhennan and Chen, Baocai and Chen, Lu and Yu, Kai},
  journal={arXiv preprint arXiv:2308.13149},
  year={2023}
}

@article{MultiMedQA,
	author = {Singhal, Karan and Azizi, Shekoofeh and Tu, Tao and Mahdavi, S. Sara and Wei, Jason and Chung, Hyung Won and Scales, Nathan and Tanwani, Ajay and Cole-Lewis, Heather and Pfohl, Stephen and Payne, Perry and Seneviratne, Martin and Gamble, Paul and Kelly, Chris and Babiker, Abubakr and Sch{\"a}rli, Nathanael and Chowdhery, Aakanksha and Mansfield, Philip and Demner-Fushman, Dina and Ag{\"u}era y Arcas, Blaise and Webster, Dale and Corrado, Greg S. and Matias, Yossi and Chou, Katherine and Gottweis, Juraj and Tomasev, Nenad and Liu, Yun and Rajkomar, Alvin and Barral, Joelle and Semturs, Christopher and Karthikesalingam, Alan and Natarajan, Vivek},
	date = {2023/08/01},
	date-added = {2024-12-10 13:58:11 +0900},
	date-modified = {2024-12-10 13:58:11 +0900},
	doi = {10.1038/s41586-023-06291-2},
	id = {Singhal2023},
	isbn = {1476-4687},
	journal = {Nature},
	number = {7972},
	pages = {172--180},
	title = {Large language models encode clinical knowledge},
	url = {https://doi.org/10.1038/s41586-023-06291-2},
	volume = {620},
	year = {2023},
	bdsk-url-1 = {https://doi.org/10.1038/s41586-023-06291-2}
}

@misc{guo2023largelanguagemodelschemistry,
      title={What can Large Language Models do in chemistry? A comprehensive benchmark on eight tasks}, 
      author={Taicheng Guo and Kehan Guo and Bozhao Nan and Zhenwen Liang and Zhichun Guo and Nitesh V. Chawla and Olaf Wiest and Xiangliang Zhang},
      year={2023},
      eprint={2305.18365},
      archivePrefix={arXiv},
      primaryClass={cs.CL},
      url={https://arxiv.org/abs/2305.18365}, 
}

@misc{wan2024sciqagframeworkautogeneratedscience,
      title={SciQAG: A Framework for Auto-Generated Science Question Answering Dataset with Fine-grained Evaluation}, 
      author={Yuwei Wan and Yixuan Liu and Aswathy Ajith and Clara Grazian and Bram Hoex and Wenjie Zhang and Chunyu Kit and Tong Xie and Ian Foster},
      year={2024},
      eprint={2405.09939},
      archivePrefix={arXiv},
      primaryClass={cs.CL},
      url={https://arxiv.org/abs/2405.09939}, 
}


@inproceedings{zhang-etal-2024-honeycomb,
    title = "{H}oney{C}omb: A Flexible {LLM}-Based Agent System for Materials Science",
    author = "Zhang, Huan  and
      Song, Yu  and
      Hou, Ziyu  and
      Miret, Santiago  and
      Liu, Bang",
    editor = "Al-Onaizan, Yaser  and
      Bansal, Mohit  and
      Chen, Yun-Nung",
    booktitle = "Findings of the Association for Computational Linguistics: EMNLP 2024",
    month = nov,
    year = "2024",
    address = "Miami, Florida, USA",
    publisher = "Association for Computational Linguistics",
    url = "https://aclanthology.org/2024.findings-emnlp.192",
    doi = "10.18653/v1/2024.findings-emnlp.192",
    pages = "3369--3382",
}

@misc{an2024knowledgegraphquestionanswering,
      title={Knowledge Graph Question Answering for Materials Science (KGQA4MAT): Developing Natural Language Interface for Metal-Organic Frameworks Knowledge Graph (MOF-KG) Using LLM}, 
      author={Yuan An and Jane Greenberg and Alex Kalinowski and Xintong Zhao and Xiaohua Hu and Fernando J. Uribe-Romo and Kyle Langlois and Jacob Furst and Diego A. Gómez-Gualdrón},
      year={2024},
      eprint={2309.11361},
      archivePrefix={arXiv},
      primaryClass={cs.AI},
      url={https://arxiv.org/abs/2309.11361}, 
}

@article{Tshitoyan2019,
  author = {Tshitoyan, Vahe and Dagdelen, John and Weston, Leigh and Dunn, Alexander and Rong, Ziqin and Kononova, Olga and Persson, Kristin A. and Ceder, Gerbrand and Jain, Anubhav},
  title = {Unsupervised word embeddings capture latent knowledge from materials science literature},
  journal = {Nature},
  year = {2019},
  doi = {10.1038/s41586-019-1335-8}
}

@article{TREWARTHA2022100488,
title = {Quantifying the advantage of domain-specific pre-training on named entity recognition tasks in materials science},
journal = {Patterns},
year = {2022},
issn = {2666-3899},
doi = {https://doi.org/10.1016/j.patter.2022.100488},
url = {https://www.sciencedirect.com/science/article/pii/S2666389922000733},
author = {Amalie Trewartha and Nicholas Walker and Haoyan Huo and Sanghoon Lee and Kevin Cruse and John Dagdelen and Alexander Dunn and Kristin A. Persson and Gerbrand Ceder and Anubhav Jain},
}

@article{walker2021impact,
  title={The Impact of Domain-Specific Pre-Training on Named Entity Recognition Tasks in Materials Science},
  author={Walker, Nicholas and Trewartha, Amalie and Huo, Haoyan and Lee, Sanghoon and Cruse, Kevin and Dagdelen, John and Dunn, Alexander and Persson, Kristin and Ceder, Gerbrand and Jain, Anubhav},
  journal={Available at SSRN 3950755},
  year={2021}
}

@article{han2025perovskite,
  title={Perovskite solar cells},
  author={Han, Jiye and Park, Keonwoo and Tan, Shaun and Vaynzof, Yana and Xue, Jingjing and Diau, Eric Wei-Guang and Bawendi, Moungi G and Lee, Jin-Wook and Jeon, Il},
  journal={Nature Reviews Methods Primers},
  volume={5},
  number={1},
  pages={3},
  year={2025},
  publisher={Nature Publishing Group UK London}
}

@article{yang2024achievements,
  title={Achievements, challenges, and future prospects for industrialization of perovskite solar cells},
  author={Yang, Chuang and Hu, Wenjing and Liu, Jiale and Han, Chuanzhou and Gao, Qiaojiao and Mei, Anyi and Zhou, Yinhua and Guo, Fengwan and Han, Hongwei},
  journal={Light: Science \& Applications},
  volume={13},
  number={1},
  pages={227},
  year={2024},
  publisher={Nature Publishing Group UK London}
}

@article{bogdanov2019radical,
  title={Radical transformation pathway towards sustainable electricity via evolutionary steps},
  author={Bogdanov, Dmitrii and Farfan, Javier and Sadovskaia, Kristina and Aghahosseini, Arman and Child, Michael and Gulagi, Ashish and Oyewo, Ayobami Solomon and de Souza Noel Simas Barbosa, Larissa and Breyer, Christian},
  journal={Nature communications},
  volume={10},
  number={1},
  pages={1--16},
  year={2019},
  publisher={Nature Publishing Group}
}

@incollection{sathaye2011renewable,
  title={Renewable energy in the context of sustainable development},
  author={Sathaye, Jayant and Lucon, Oswaldo and Rahman, Atiq and Christensen, John M and Denton, Fatima and Fujino, Junichi and Heath, Garvin and Mirza, Monirul and Rudnick, Hugh and Schlaepfer, August and others},
  booktitle={IPCC special report on renewable energy sources and climate change mitigation},
  year={2011},
  publisher={Cambridge University Press}
}

@article{ang2022comprehensive,
  title={A comprehensive study of renewable energy sources: Classifications, challenges and suggestions},
  author={Ang, Tze-Zhang and Salem, Mohamed and Kamarol, Mohamad and Das, Himadry Shekhar and Nazari, Mohammad Alhuyi and Prabaharan, Natarajan},
  journal={Energy Strategy Reviews},
  volume={43},
  pages={100939},
  year={2022},
  publisher={Elsevier}
}

@article{wu2021main,
  title={The main progress of perovskite solar cells in 2020--2021},
  author={Wu, Tianhao and Qin, Zhenzhen and Wang, Yanbo and Wu, Yongzhen and Chen, Wei and Zhang, Shufang and Cai, Molang and Dai, Songyuan and Zhang, Jing and Liu, Jian and others},
  journal={Nano-Micro Letters},
  volume={13},
  pages={1--18},
  year={2021},
  publisher={Springer}
}

@article{correa2017promises,
  title={Promises and challenges of perovskite solar cells},
  author={Correa-Baena, Juan-Pablo and Saliba, Michael and Buonassisi, Tonio and Gr{\"a}tzel, Michael and Abate, Antonio and Tress, Wolfgang and Hagfeldt, Anders},
  journal={Science},
  volume={358},
  number={6364},
  pages={739--744},
  year={2017},
  publisher={American Association for the Advancement of Science}
}

@article{snaith2018present,
  title={Present status and future prospects of perovskite photovoltaics},
  author={Snaith, Henry J},
  journal={Nature materials},
  volume={17},
  number={5},
  pages={372--376},
  year={2018},
  publisher={Nature Publishing Group UK London}
}

@article{zheng2023judging,
  title={Judging llm-as-a-judge with mt-bench and chatbot arena},
  author={Zheng, Lianmin and Chiang, Wei-Lin and Sheng, Ying and Zhuang, Siyuan and Wu, Zhanghao and Zhuang, Yonghao and Lin, Zi and Li, Zhuohan and Li, Dacheng and Xing, Eric and others},
  journal={Advances in Neural Information Processing Systems},
  volume={36},
  pages={46595--46623},
  year={2023}
}

@article{llama3,
  title={The llama 3 herd of models},
  author={Dubey, Abhimanyu and Jauhri, Abhinav and Pandey, Abhinav and Kadian, Abhishek and Al-Dahle, Ahmad and Letman, Aiesha and Mathur, Akhil and Schelten, Alan and Yang, Amy and Fan, Angela and others},
  journal={arXiv preprint arXiv:2407.21783},
  year={2024}
}

@inproceedings{dao2023flashattention2,
  title={Flash{A}ttention-2: Faster Attention with Better Parallelism and Work Partitioning},
  author={Dao, Tri},
  booktitle={International Conference on Learning Representations (ICLR)},
  year={2024}
}

@book{Aho:72,
    author  = {Alfred V. Aho and Jeffrey D. Ullman},
    title   = {The Theory of Parsing, Translation and Compiling},
    year    = "1972",
    volume  = "1",
    publisher = {Prentice-Hall},
    address = {Englewood Cliffs, NJ}
}

@book{APA:83,
    author  = {{American Psychological Association}},
    title   = {Publications Manual},
    year    = "1983",
   publisher = {American Psychological Association},
   address = {Washington, DC}
}

@article{Chandra:81,
	author = {Ashok K. Chandra and Dexter C. Kozen and Larry J. Stockmeyer},
	year = "1981",
	title = {Alternation},
	journal = {Journal of the Association for Computing Machinery},
	volume = "28",
	number = "1",
	pages = "114--133",
	doi = "10.1145/322234.322243",
}

@inproceedings{andrew2007scalable,
  title={Scalable training of {L1}-regularized log-linear models},
  author={Andrew, Galen and Gao, Jianfeng},
  booktitle={Proceedings of the 24th International Conference on Machine Learning},
  pages={33--40},
  year={2007},
}

@book{Gusfield:97,
    author  = {Dan Gusfield},
    title   = {Algorithms on Strings, Trees and Sequences},
    year    = "1997",
    publisher = {Cambridge University Press},
    address = {Cambridge, UK}
}

@article{rasooli-tetrault-2015,
    author    = {Mohammad Sadegh Rasooli and Joel R. Tetreault},
    title     = {Yara Parser: {A} Fast and Accurate Dependency Parser},
    journal   = {Computing Research Repository},
    volume    = {arXiv:1503.06733},
    year      = {2015},
    url       = {http://arxiv.org/abs/1503.06733},
    note    = {version 2}
}

@article{Ando2005,
	Acmid = {1194905},
	Author = {Ando, Rie Kubota and Zhang, Tong},
	Issn = {1532-4435},
	Issue_Date = {12/1/2005},
	Journal = {Journal of Machine Learning Research},
	Month = dec,
	Numpages = {37},
	Pages = {1817--1853},
	Publisher = {JMLR.org},
	Title = {A Framework for Learning Predictive Structures from Multiple Tasks and Unlabeled Data},
	Volume = {6},
	Year = {2005}}

@article{mrdjenovich2020propnet,
  title={Propnet: a knowledge graph for materials science},
  author={Mrdjenovich, David and Horton, Matthew K and Montoya, Joseph H and Legaspi, Christian M and Dwaraknath, Shyam and Tshitoyan, Vahe and Jain, Anubhav and Persson, Kristin A},
  journal={Matter},
  volume={2},
  number={2},
  pages={464--480},
  year={2020},
  publisher={Elsevier}
}


@inproceedings{zhang2024honeycomb,
  title={HoneyComb: A Flexible LLM-Based Agent System for Materials Science},
  author={Zhang, Huan and Song, Yu and Hou, Ziyu and Miret, Santiago and Liu, Bang},
  booktitle={Findings of the Association for Computational Linguistics: EMNLP 2024},
  pages={3369--3382},
  year={2024}
}

@article{venugopal2024matkg,
  title={MatKG: An autonomously generated knowledge graph in Material Science},
  author={Venugopal, Vineeth and Olivetti, Elsa},
  journal={Scientific Data},
  volume={11},
  number={1},
  pages={217},
  year={2024},
  publisher={Nature Publishing Group UK London}
}

@inproceedings{gupta2023discomat,
  title={DiSCoMaT: Distantly Supervised Composition Extraction from Tables in Materials Science Articles},
  author={Gupta, Tanishq and Zaki, Mohd and Khatsuriya, Devanshi and Hira, Kausik and Krishnan, NM Anoop and others},
  booktitle={Proceedings of the 61st Annual Meeting of the Association for Computational Linguistics (Volume 1: Long Papers)},
  pages={13465--13483},
  year={2023}
}

@article{statt2023materials,
  title={The materials experiment knowledge graph},
  author={Statt, Michael J and Rohr, Brian A and Guevarra, Dan and Suram, Santosh K and Gregoire, John M and others},
  journal={Digital Discovery},
  volume={2},
  number={4},
  pages={909--914},
  year={2023},
  publisher={Royal Society of Chemistry}
}

@inproceedings{an2022building,
  title={Building Open Knowledge Graph for Metal-Organic Frameworks (MOF-KG): Challenges and Case Studies},
  author={An, Yuan and Greenberg, Jane and Zhao, Xintong and Hu, Xiaohua and McCLellan, Scott and Kalinowski, Alex and Uribe-Romo, Fernando J and Langlois, Kyle and Furst, Jacob and G{\'o}mez-Gualdr{\'o}n, Diego A and others},
  booktitle={28TH ACM. SIGKDD. Conference. on Knowledge Discovery. and Data Mining},
  year={2022}
}

@article{song2024scene,
  title={Scene-Driven Multimodal Knowledge Graph Construction for Embodied AI},
  author={Song, Yaoxian and Sun, Penglei and Liu, Haoyu and Li, Zhixu and Song, Wei and Xiao, Yanghua and Zhou, Xiaofang},
  journal={IEEE Transactions on Knowledge and Data Engineering},
  year={2024},
  publisher={IEEE}
}

@article{zhu2022multi,
  title={Multi-modal knowledge graph construction and application: A survey},
  author={Zhu, Xiangru and Li, Zhixu and Wang, Xiaodan and Jiang, Xueyao and Sun, Penglei and Wang, Xuwu and Xiao, Yanghua and Yuan, Nicholas Jing},
  journal={IEEE Transactions on Knowledge and Data Engineering},
  volume={36},
  number={2},
  pages={715--735},
  year={2022},
  publisher={IEEE}
}

@article{pan2024unifying,
  title={Unifying large language models and knowledge graphs: A roadmap},
  author={Pan, Shirui and Luo, Linhao and Wang, Yufei and Chen, Chen and Wang, Jiapu and Wu, Xindong},
  journal={IEEE Transactions on Knowledge and Data Engineering},
  year={2024},
  publisher={IEEE}
}