@article{bougaham2023composite,
  title={Composite score for anomaly detection in imbalanced real-world industrial dataset},
  author={Bougaham, Arnaud and El Adoui, Mohammed and Linden, Isabelle and Fr{\'e}nay, Beno{\^\i}t},
  journal={Machine Learning},
  pages={1--26},
  year={2023},
  publisher={Springer}
}

@inproceedings{bergmann2019mvtec,
  title={MVTec AD--A comprehensive real-world dataset for unsupervised anomaly detection},
  author={Bergmann, Paul and Fauser, Michael and Sattlegger, David and Steger, Carsten},
  booktitle={Proceedings of the IEEE/CVF conference on computer vision and pattern recognition},
  pages={9592--9600},
  year={2019}
}

@misc{breast_cancer_wisconsin_(diagnostic)_17,
  author       = {Wolberg, William and Mangasarian, Olvi and Street, Nick and Street, W.},
  title        = {{Breast Cancer Wisconsin (Diagnostic)}},
  year         = {1993},
  howpublished = {UCI Machine Learning Repository},
  note         = {{DOI}: https://doi.org/10.24432/C5DW2B}
}

@misc{CCF,
  title={Credit Card Fraud Detection},
  author={{Machine Learning Group - ULB}},
  year={2018},
  publisher={Kaggle},
  howpublished={\url{https://www.kaggle.com/datasets/mlg-ulb/creditcardfraud}},
  note={Accessed: 27 Nov. 2024}
}

@inproceedings{zhu2022auc,
  title={When auc meets dro: Optimizing partial auc for deep learning with non-convex convergence guarantee},
  author={Zhu, Dixian and Li, Gang and Wang, Bokun and Wu, Xiaodong and Yang, Tianbao},
  booktitle={International Conference on Machine Learning},
  pages={27548--27573},
  year={2022},
  organization={PMLR}
}

@article{nunes2023challenges,
  title={Challenges in predictive maintenance--A review},
  author={Nunes, P and Santos, J and Rocha, E},
  journal={CIRP Journal of Manufacturing Science and Technology},
  volume={40},
  pages={53--67},
  year={2023},
  publisher={Elsevier}
}

@article{zonta2020predictive,
  title={Predictive maintenance in the Industry 4.0: A systematic literature review},
  author={Zonta, Tiago and Da Costa, Cristiano Andr{\'e} and da Rosa Righi, Rodrigo and de Lima, Miromar Jose and da Trindade, Eduardo Silveira and Li, Guann Pyng},
  journal={Computers \& Industrial Engineering},
  volume={150},
  pages={106889},
  year={2020},
  publisher={Elsevier}
}

@article{weichert2019review,
  title={A review of machine learning for the optimization of production processes},
  author={Weichert, Dorina and Link, Patrick and Stoll, Anke and R{\"u}ping, Stefan and Ihlenfeldt, Steffen and Wrobel, Stefan},
  journal={The International Journal of Advanced Manufacturing Technology},
  volume={104},
  number={5},
  pages={1889--1902},
  year={2019},
  publisher={Springer}
}

@inproceedings{cheriyan2018intelligent,
  title={Intelligent sales prediction using machine learning techniques},
  author={Cheriyan, Sunitha and Ibrahim, Shaniba and Mohanan, Saju and Treesa, Susan},
  booktitle={2018 International Conference on Computing, Electronics \& Communications Engineering (iCCECE)},
  pages={53--58},
  year={2018},
  organization={IEEE}
}

@article{el2021machine,
  title={Machine learning in patient flow: a review},
  author={El-Bouri, Rasheed and Taylor, Thomas and Youssef, Alexey and Zhu, Tingting and Clifton, David A},
  journal={Progress in Biomedical Engineering},
  volume={3},
  number={2},
  pages={022002},
  year={2021},
  publisher={IOP Publishing}
}

@article{falcetta2023automatic,
  title={Automatic documentation of professional health interactions: A systematic review},
  author={Falcetta, Frederico Soares and De Almeida, Fernando Kude and Lemos, Jana{\'\i}na Concei{\c{c}}{\~a}o Sutil and Goldim, Jos{\'e} Roberto and Da Costa, Cristiano Andr{\'e}},
  journal={Artificial Intelligence in Medicine},
  volume={137},
  pages={102487},
  year={2023},
  publisher={Elsevier}
}

@article{chatterjee2023ai,
  title={AI and semantic ontology for personalized activity eCoaching in healthy lifestyle recommendations: a meta-heuristic approach},
  author={Chatterjee, Ayan and Pahari, Nibedita and Prinz, Andreas and Riegler, Michael},
  journal={BMC Medical Informatics and Decision Making},
  volume={23},
  number={1},
  pages={278},
  year={2023},
  publisher={Springer}
}

@article{bougaham2025industrial,
  title={Industrial and medical anomaly detection through cycle-consistent adversarial networks},
  author={Bougaham, Arnaud and Delchevalerie, Valentin and El Adoui, Mohammed and Fr{\'e}nay, Beno{\^\i}t},
  journal={Neurocomputing},
  volume={614},
  pages={128762},
  year={2025},
  publisher={Elsevier}
}

@article{wen2024survey,
  title={The survey of industrial anomaly detection for industry 5.0},
  author={Wen, Long and Zhang, Yang and Hu, Wentao and Li, Xinyu},
  journal={International Journal of Computer Integrated Manufacturing},
  pages={1--22},
  year={2024},
  publisher={Taylor \& Francis}
}

@article{li2024intelligent,
  title={An intelligent monitoring approach for urban natural gas pipeline leak using semi-supervised learning generative adversarial networks},
  author={Li, Xinhong and Li, Runquan and Han, Ziyue and Liu, Xiuquan and others},
  journal={Journal of Loss Prevention in the Process Industries},
  volume={92},
  pages={105476},
  year={2024},
  publisher={Elsevier}
}

@article{abou2024generative,
  title={Generative adversarial network applications in industry 4.0: A review},
  author={Abou Akar, Chafic and Abdel Massih, Rachelle and Yaghi, Anthony and Khalil, Joe and Kamradt, Marc and Makhoul, Abdallah},
  journal={International Journal of Computer Vision},
  volume={132},
  number={6},
  pages={2195--2254},
  year={2024},
  publisher={Springer}
}

@inproceedings{yang2021all,
  title={When all we need is a piece of the pie: A generic framework for optimizing two-way partial auc},
  author={Yang, Zhiyong and Xu, Qianqian and Bao, Shilong and He, Yuan and Cao, Xiaochun and Huang, Qingming},
  booktitle={International Conference on Machine Learning},
  pages={11820--11829},
  year={2021},
  organization={PMLR}
}

@article{ahsan2022comparative,
  title={A comparative analysis of CGAN-based oversampling for anomaly detection},
  author={Ahsan, Rahbar and Shi, Wei and Ma, Xiangyu and Lee Croft, William},
  journal={IET Cyber-Physical Systems: Theory \& Applications},
  volume={7},
  number={1},
  pages={40--50},
  year={2022},
  publisher={Wiley Online Library}
}

@book{fernandez2018learning,
  title={Learning from imbalanced data sets},
  author={Fern{\'a}ndez, Alberto and Garc{\'\i}a, Salvador and Galar, Mikel and Prati, Ronaldo C and Krawczyk, Bartosz and Herrera, Francisco},
  volume={10},
  number={2018},
  year={2018},
  publisher={Springer}
}

@inproceedings{cui2019class,
  title={Class-balanced loss based on effective number of samples},
  author={Cui, Yin and Jia, Menglin and Lin, Tsung-Yi and Song, Yang and Belongie, Serge},
  booktitle={Proceedings of the IEEE/CVF conference on computer vision and pattern recognition},
  pages={9268--9277},
  year={2019}
}

@inproceedings{bougaham2021ganodip,
  title={Ganodip-gan anomaly detection through intermediate patches: a pcba manufacturing case},
  author={Bougaham, Arnaud and Bibal, Adrien and Linden, Isabelle and Frenay, Benoit},
  booktitle={Third international workshop on learning with imbalanced domains: Theory and applications},
  pages={104--117},
  year={2021},
  organization={PMLR}
}

@inproceedings{yan2003optimizing,
  title={Optimizing classifier performance via an approximation to the Wilcoxon-Mann-Whitney statistic},
  author={Yan, Lian and Dodier, Robert H and Mozer, Michael and Wolniewicz, Richard H},
  booktitle={Proceedings of the 20th international conference on machine learning (icml-03)},
  pages={848--855},
  year={2003}
}

@inproceedings{roth2022towards,
  title={Towards total recall in industrial anomaly detection},
  author={Roth, Karsten and Pemula, Latha and Zepeda, Joaquin and Sch{\"o}lkopf, Bernhard and Brox, Thomas and Gehler, Peter},
  booktitle={Proceedings of the IEEE/CVF conference on computer vision and pattern recognition},
  pages={14318--14328},
  year={2022}
}

@inproceedings{ross2017focal,
  title={Focal loss for dense object detection},
  author={Ross, T-YLPG and Doll{\'a}r, GKHP},
  booktitle={proceedings of the IEEE conference on computer vision and pattern recognition},
  pages={2980--2988},
  year={2017}
}

@article{cao2019learning,
  title={Learning imbalanced datasets with label-distribution-aware margin loss},
  author={Cao, Kaidi and Wei, Colin and Gaidon, Adrien and Arechiga, Nikos and Ma, Tengyu},
  journal={Advances in neural information processing systems},
  volume={32},
  year={2019}
}

@article{chawla2002smote,
  title={SMOTE: synthetic minority over-sampling technique},
  author={Chawla, Nitesh V and Bowyer, Kevin W and Hall, Lawrence O and Kegelmeyer, W Philip},
  journal={Journal of artificial intelligence research},
  volume={16},
  pages={321--357},
  year={2002}
}

@inproceedings{drummond2003c4,
  title={C4. 5, class imbalance, and cost sensitivity: why under-sampling beats over-sampling},
  author={Drummond, Chris and Holte, Robert C and others},
  booktitle={Workshop on learning from imbalanced datasets II},
  volume={11},
  number={1--8},
  year={2003}
}

@article{mann1947test,
  title={On a test of whether one of two random variables is stochastically larger than the other},
  author={Mann, Henry B and Whitney, Donald R},
  journal={The annals of mathematical statistics},
  pages={50--60},
  year={1947},
  publisher={JSTOR}
}

@article{dodd2003partial,
  title={Partial AUC estimation and regression},
  author={Dodd, Lori E and Pepe, Margaret S},
  journal={Biometrics},
  volume={59},
  number={3},
  pages={614--623},
  year={2003},
  publisher={Oxford University Press}
}
@inproceedings{Bouadi2024trust,
  title={Trust in Artificial Intelligence: Beyond Interpretability},
  author={Bouadi, Tassadit and Fr{\'e}nay, Beno{\^\i}t and Gal{\'a}rraga, Luis and Geurts, Pierre and Hammer, Barbara and Perrouin, Gilles},
  booktitle={ESANN 2024},
  year={2024},
}