@article{ahsan2022comparative,
  title={A comparative analysis of CGAN-based oversampling for anomaly detection},
  author={Ahsan, Rahbar and Shi, Wei and Ma, Xiangyu and Lee Croft, William},
  journal={IET Cyber-Physical Systems: Theory \& Applications},
  volume={7},
  number={1},
  pages={40--50},
  year={2022},
  publisher={Wiley Online Library}
}

@inproceedings{bougaham2021ganodip,
  title={Ganodip-gan anomaly detection through intermediate patches: a pcba manufacturing case},
  author={Bougaham, Arnaud and Bibal, Adrien and Linden, Isabelle and Frenay, Benoit},
  booktitle={Third international workshop on learning with imbalanced domains: Theory and applications},
  pages={104--117},
  year={2021},
  organization={PMLR}
}

@article{cao2019learning,
  title={Learning imbalanced datasets with label-distribution-aware margin loss},
  author={Cao, Kaidi and Wei, Colin and Gaidon, Adrien and Arechiga, Nikos and Ma, Tengyu},
  journal={Advances in neural information processing systems},
  volume={32},
  year={2019}
}

@article{chawla2002smote,
  title={SMOTE: synthetic minority over-sampling technique},
  author={Chawla, Nitesh V and Bowyer, Kevin W and Hall, Lawrence O and Kegelmeyer, W Philip},
  journal={Journal of artificial intelligence research},
  volume={16},
  pages={321--357},
  year={2002}
}

@inproceedings{cui2019class,
  title={Class-balanced loss based on effective number of samples},
  author={Cui, Yin and Jia, Menglin and Lin, Tsung-Yi and Song, Yang and Belongie, Serge},
  booktitle={Proceedings of the IEEE/CVF conference on computer vision and pattern recognition},
  pages={9268--9277},
  year={2019}
}

@article{dodd2003partial,
  title={Partial AUC estimation and regression},
  author={Dodd, Lori E and Pepe, Margaret S},
  journal={Biometrics},
  volume={59},
  number={3},
  pages={614--623},
  year={2003},
  publisher={Oxford University Press}
}

@inproceedings{drummond2003c4,
  title={C4. 5, class imbalance, and cost sensitivity: why under-sampling beats over-sampling},
  author={Drummond, Chris and Holte, Robert C and others},
  booktitle={Workshop on learning from imbalanced datasets II},
  volume={11},
  number={1--8},
  year={2003}
}

@book{fernandez2018learning,
  title={Learning from imbalanced data sets},
  author={Fern{\'a}ndez, Alberto and Garc{\'\i}a, Salvador and Galar, Mikel and Prati, Ronaldo C and Krawczyk, Bartosz and Herrera, Francisco},
  volume={10},
  number={2018},
  year={2018},
  publisher={Springer}
}

@article{mann1947test,
  title={On a test of whether one of two random variables is stochastically larger than the other},
  author={Mann, Henry B and Whitney, Donald R},
  journal={The annals of mathematical statistics},
  pages={50--60},
  year={1947},
  publisher={JSTOR}
}

@inproceedings{ross2017focal,
  title={Focal loss for dense object detection},
  author={Ross, T-YLPG and Doll{\'a}r, GKHP},
  booktitle={proceedings of the IEEE conference on computer vision and pattern recognition},
  pages={2980--2988},
  year={2017}
}

@inproceedings{roth2022towards,
  title={Towards total recall in industrial anomaly detection},
  author={Roth, Karsten and Pemula, Latha and Zepeda, Joaquin and Sch{\"o}lkopf, Bernhard and Brox, Thomas and Gehler, Peter},
  booktitle={Proceedings of the IEEE/CVF conference on computer vision and pattern recognition},
  pages={14318--14328},
  year={2022}
}

@inproceedings{yan2003optimizing,
  title={Optimizing classifier performance via an approximation to the Wilcoxon-Mann-Whitney statistic},
  author={Yan, Lian and Dodier, Robert H and Mozer, Michael and Wolniewicz, Richard H},
  booktitle={Proceedings of the 20th international conference on machine learning (icml-03)},
  pages={848--855},
  year={2003}
}

@inproceedings{zhu2022auc,
  title={When auc meets dro: Optimizing partial auc for deep learning with non-convex convergence guarantee},
  author={Zhu, Dixian and Li, Gang and Wang, Bokun and Wu, Xiaodong and Yang, Tianbao},
  booktitle={International Conference on Machine Learning},
  pages={27548--27573},
  year={2022},
  organization={PMLR}
}

