@article{JMLR:v22:20-1307,
  author  = {Angela Fan and Shruti Bhosale and Holger Schwenk and Zhiyi Ma and Ahmed El-Kishky and Siddharth Goyal and Mandeep Baines and Onur Celebi and Guillaume Wenzek and Vishrav Chaudhary and Naman Goyal and Tom Birch and Vitaliy Liptchinsky and Sergey Edunov and Michael Auli and Armand Joulin},
  title   = {Beyond English-Centric Multilingual Machine Translation},
  journal = {Journal of Machine Learning Research},
  year    = {2021},
  volume  = {22},
  number  = {107},
  pages   = {1--48},
  url     = {http://jmlr.org/papers/v22/20-1307.html}
}

@misc{bonifacio2022mmarcomultilingualversionms,
      title={mMARCO: A Multilingual Version of the MS MARCO Passage Ranking Dataset}, 
      author={Luiz Bonifacio and Vitor Jeronymo and Hugo Queiroz Abonizio and Israel Campiotti and Marzieh Fadaee and Roberto Lotufo and Rodrigo Nogueira},
      year={2022},
      eprint={2108.13897},
      archivePrefix={arXiv},
      primaryClass={cs.CL},
      url={https://arxiv.org/abs/2108.13897}, 
}

@inproceedings{cer2017semeval, 
    title={{S}em{E}val-2017 Task 1: {Semantic} Textual Similarity Multilingual and Crosslingual Focused Evaluation},
    author={Cer, Daniel  and Diab, Mona  and Agirre, Eneko  and Lopez-Gazpio, I{\~n}igo  and Specia, Lucia},
    editor={Bethard, Steven  and Carpuat, Marine  and Apidianaki, Marianna  and Mohammad, Saif M.  and Cer, Daniel  and Jurgens, David},
    booktitle={Proceedings of the 11th International Workshop on Semantic Evaluation ({S}em{E}val-2017)},
    month={aug},
    year={2017},
    address={Vancouver, Canada},
    publisher={Association for Computational Linguistics},
    url={https://aclanthology.org/S17-2001},
    doi={10.18653/v1/S17-2001},
    pages={1--14},
}

@inproceedings{chen-etal-2023-xsim, 
    title={x{SIM}++: {An} Improved Proxy to Bitext Mining Performance for Low-Resource Languages},
    author={Chen, Mingda  and Heffernan, Kevin  and {\c{C}}elebi, Onur  and Mourachko, Alexandre  and Schwenk, Holger},
    booktitle={Proceedings of the 61st Annual Meeting of the Association for Computational Linguistics (Volume 2: Short Papers)},
    month={jul},
    year={2023},
    address={Toronto, Canada},
    publisher={Association for Computational Linguistics},
    url={https://aclanthology.org/2023.acl-short.10},
    doi={10.18653/v1/2023.acl-short.10},
    pages={101--109},
}

@misc{lawrie2023overviewtrec2022neuclir,
      title={Overview of the TREC 2022 NeuCLIR Track}, 
      author={Dawn Lawrie and Sean MacAvaney and James Mayfield and Paul McNamee and Douglas W. Oard and Luca Soldaini and Eugene Yang},
      year={2023},
      eprint={2304.12367},
      archivePrefix={arXiv},
      primaryClass={cs.IR},
      url={https://arxiv.org/abs/2304.12367}, 
}

@misc{lawrie2024overviewtrec2023neuclir,
      title={Overview of the TREC 2023 NeuCLIR Track}, 
      author={Dawn Lawrie and Sean MacAvaney and James Mayfield and Paul McNamee and Douglas W. Oard and Luca Soldaini and Eugene Yang},
      year={2024},
      eprint={2404.08071},
      archivePrefix={arXiv},
      primaryClass={cs.IR},
      url={https://arxiv.org/abs/2404.08071}, 
}

@inproceedings{lewis-etal-2020-mlqa,
    title = "{MLQA}: Evaluating Cross-lingual Extractive Question Answering",
    author = "Lewis, Patrick  and
      Oguz, Barlas  and
      Rinott, Ruty  and
      Riedel, Sebastian  and
      Schwenk, Holger",
    editor = "Jurafsky, Dan  and
      Chai, Joyce  and
      Schluter, Natalie  and
      Tetreault, Joel",
    booktitle = "Proceedings of the 58th Annual Meeting of the Association for Computational Linguistics",
    month = jul,
    year = "2020",
    address = "Online",
    publisher = "Association for Computational Linguistics",
    url = "https://aclanthology.org/2020.acl-main.653/",
    doi = "10.18653/v1/2020.acl-main.653",
    pages = "7315--7330",
}

@inproceedings{muennighoff-etal-2023-mteb, 
    title={{MTEB}: {Massive} Text Embedding Benchmark},
    author={Muennighoff, Niklas  and Tazi, Nouamane  and Magne, Loic  and Reimers, Nils},
    booktitle={Proceedings of the 17th Conference of the European Chapter of the Association for Computational Linguistics},
    month={may},
    year={2023},
    address={Dubrovnik, Croatia},
    publisher={Association for Computational Linguistics},
    url={https://aclanthology.org/2023.eacl-main.148},
    doi={10.18653/v1/2023.eacl-main.148},
    pages={2014--2037},
}

@software{tatoeba, 
    author={Facebook Research},
    title={Tatoeba multilingual Bitext Mining test set},
    url={https://github.com/facebookresearch/LASER/tree/main/data/tatoeba/v1},
}

@inproceedings{yang2019paws, 
    title={{PAWS}-{X}: A Cross-lingual Adversarial Dataset for Paraphrase Identification},
    author={Yang, Yinfei  and Zhang, Yuan  and Tar, Chris  and Baldridge, Jason},
    editor={Inui, Kentaro  and Jiang, Jing  and Ng, Vincent  and Wan, Xiaojun},
    booktitle={Proceedings of the 2019 Conference on Empirical Methods in Natural Language Processing and the 9th International Joint Conference on Natural Language Processing (EMNLP-IJCNLP)},
    month={nov},
    year={2019},
    address={Hong Kong, China},
    publisher={Association for Computational Linguistics},
    url={https://aclanthology.org/D19-1382},
    doi={10.18653/v1/D19-1382},
    pages={3687--3692},
}

@inproceedings{zhang-etal-2019-paws, 
    title={{PAWS}: {Paraphrase} Adversaries from Word Scrambling},
    author={Zhang, Yuan  and Baldridge, Jason  and He, Luheng},
    editor={Burstein, Jill  and Doran, Christy  and Solorio, Thamar},
    booktitle={Proceedings of the 2019 Conference of the North {A}merican Chapter of the Association for Computational Linguistics: Human Language Technologies, Volume 1 (Long and Short Papers)},
    month={jun},
    year={2019},
    address={Minneapolis, Minnesota},
    publisher={Association for Computational Linguistics},
    url={https://aclanthology.org/N19-1131},
    doi={10.18653/v1/N19-1131},
    pages={1298--1308},
}

@inproceedings{zweigenbaum2018overview, 
    title={Overview of the Second {BUCC} Shared Task: {Spotting} Parallel Sentences in Comparable Corpora},
    author={Zweigenbaum, Pierre  and Sharoff, Serge  and Rapp, Reinhard},
    editor={Sharoff, Serge  and Zweigenbaum, Pierre  and Rapp, Reinhard},
    booktitle={Proceedings of the 10th Workshop on Building and Using Comparable Corpora},
    month={aug},
    year={2017},
    address={Vancouver, Canada},
    publisher={Association for Computational Linguistics},
    url={https://aclanthology.org/W17-2512},
    doi={10.18653/v1/W17-2512},
    pages={60--67},
}

