@article{abdullah2024effects,
  title={Effects of Different Datasets, Models, Face-parts on Accuracy and Performance of Intelligent Facial Expression Recognition Systems},
  author={Abdullah, Sharmeen M Salim and Zeebaree, Subhi RM and Abdulrazzaq, Maiwan B},
  journal={International Journal of Intelligent Systems and Applications in Engineering},
  volume={12},
  number={15s},
  pages={366--381},
  year={2024}
}

@article{aldahoul2024exploring,
  title={Exploring Vision Language Models for Facial Attribute Recognition: Emotion, Race, Gender, and Age},
  author={AlDahoul, Nouar and Tan, Myles Joshua Toledo and Kasireddy, Harishwar Reddy and Zaki, Yasir},
  journal={arXiv preprint arXiv:2410.24148},
  year={2024}
}

@article{amigo2023mitigating,
  title={Mitigating Algorithmic Bias on Facial Expression Recognition},
  author={Amigo, Glauco and Perea, Pablo Rivas and Marks, Robert J},
  journal={arXiv preprint arXiv:2312.15307},
  year={2023}
}

@inproceedings{cheong2023causal,
  title={Causal structure learning of bias for fair affect recognition},
  author={Cheong, Jiaee and Kalkan, Sinan and Gunes, Hatice},
  booktitle={Proceedings of the IEEE/CVF Winter Conference on Applications of Computer Vision},
  pages={340--349},
  year={2023}
}

@article{dominguez2022assessing,
 title={Assessing Demographic Bias Transfer from Dataset to Model: A Case Study in Facial Expression Recognition},
 author={Dominguez-Catena, Iris and Paternain, Daniel and Galar, Mikel},
 journal={arXiv preprint arXiv:2205.10049},
 year={2022}
}

@inproceedings{dominguez2022gender,
  title={Gender stereotyping impact in facial expression recognition},
  author={Dominguez-Catena, Iris and Galar, Mikel and Paternain, Daniel},
  booktitle={Joint European Conference on Machine Learning and Knowledge Discovery in Databases},
  pages={9--22},
  year={2022},
  organization={Springer}
}

@article{dominguez2024less,
  title={Less can be more: representational vs. stereotypical gender bias in facial expression recognition},
  author={Dominguez-Catena, Iris and Paternain, Daniel and Jurio, Aranzazu and Galar, Mikel},
  journal={Progress in Artificial Intelligence},
  pages={1--21},
  year={2024},
  publisher={Springer}
}

@article{dominguez2024metrics,
  title={Metrics for Dataset Demographic Bias: A Case Study on Facial Expression Recognition},
  author={Dominguez-Catena, Iris and Paternain, Daniel and Galar, Mikel},
  journal={IEEE Transactions on Pattern Analysis and Machine Intelligence},
  year={2024},
  publisher={IEEE}
}

@article{dooley2024rethinking,
  title={Rethinking bias mitigation: Fairer architectures make for fairer face recognition},
  author={Dooley, Samuel and Sukthanker, Rhea and Dickerson, John and White, Colin and Hutter, Frank and Goldblum, Micah},
  journal={Advances in Neural Information Processing Systems},
  volume={36},
  year={2024}
}

@inproceedings{goodfellow2013challenges,
 title={Challenges in representation learning: A report on three machine learning contests},
 author={Goodfellow, Ian J and Erhan, Dumitru and Carrier, Pierre Luc and Courville, Aaron and Mirza, Mehdi and Hamner, Ben and Cukierski, Will and Tang, Yichuan and Thaler, David and Lee, Dong-Hyun and others},
 booktitle={International conference on neural information processing},
 pages={117--124},
 year={2013},
 organization={Springer}
}

@inproceedings{he2016deep,
 title={Deep residual learning for image recognition},
 author={He, Kaiming and Zhang, Xiangyu and Ren, Shaoqing and Sun, Jian},
 booktitle={Proceedings of the IEEE conference on computer vision and pattern recognition},
 pages={770--778},
 year={2016}
}

@inproceedings{huber2024bias,
  title={Bias and Diversity in Synthetic-based Face Recognition},
  author={Huber, Marco and Luu, Anh Thi and Boutros, Fadi and Kuijper, Arjan and Damer, Naser},
  booktitle={Proceedings of the IEEE/CVF Winter Conference on Applications of Computer Vision},
  pages={6215--6226},
  year={2024}
}

@inproceedings{igene2024face,
  title={Face Liveness Detection Competition (LivDet-Face)-2024},
  author={Igene, Lambert and Hossain, Afzal and Chowdhury, Mohammad Zahir Uddin and Rezaie, Humaira and Rollins, Ayden and Dykes, Jesse and Vijaykumar, Rahul and Komaty, Alain and Marcel, S{\'e}bastien and Schuckers, Stephanie and others},
  booktitle={2024 IEEE International Joint Conference on Biometrics (IJCB)},
  pages={1--9},
  year={2024},
  organization={IEEE}
}

@inproceedings{kolahdouzi2023toward,
  title={Toward Fair Facial Expression Recognition with Improved Distribution Alignment},
  author={Kolahdouzi, Mojtaba and Etemad, Ali},
  booktitle={Proceedings of the 25th International Conference on Multimodal Interaction},
  pages={574--583},
  year={2023}
}

@inproceedings{li2017reliable,
 title={Reliable crowdsourcing and deep locality-preserving learning for expression recognition in the wild},
 author={Li, Shan and Deng, Weihong and Du, JunPing},
 booktitle={Proceedings of the IEEE conference on computer vision and pattern recognition},
 pages={2852--2861},
 year={2017}
}

@article{li2020deeper,
  title={A deeper look at facial expression dataset bias},
  author={Li, Shan and Deng, Weihong},
  journal={IEEE Transactions on Affective Computing},
  volume={13},
  number={2},
  pages={881--893},
  year={2020},
  publisher={IEEE}
}

@inproceedings{liang2023benchmarking,
  title={Benchmarking Algorithmic Bias in Face Recognition: An Experimental Approach Using Synthetic Faces and Human Evaluation},
  author={Liang, Hao and Perona, Pietro and Balakrishnan, Guha},
  booktitle={Proceedings of the IEEE/CVF International Conference on Computer Vision},
  pages={4977--4987},
  year={2023}
}

@article{mavadati2013disfa,
 title={Disfa: A spontaneous facial action intensity database},
 author={Mavadati, S Mohammad and Mahoor, Mohammad H and Bartlett, Kevin and Trinh, Philip and Cohn, Jeffrey F},
 journal={IEEE Transactions on Affective Computing},
 volume={4},
 number={2},
 pages={151--160},
 year={2013},
 publisher={IEEE}
}

@article{mollahosseini2017affectnet,
 title={Affectnet: A database for facial expression, valence, and arousal computing in the wild},
 author={Mollahosseini, Ali and Hasani, Behzad and Mahoor, Mohammad H},
 journal={IEEE Transactions on Affective Computing},
 volume={10},
 number={1},
 pages={18--31},
 year={2017},
 publisher={IEEE}
}

@article{rodrigo2024comprehensive,
  title={Comprehensive comparison between vision transformers and convolutional neural networks for face recognition tasks},
  author={Rodrigo, Marcos and Cuevas, Carlos and Garc{\'\i}a, Narciso},
  journal={Scientific reports},
  volume={14},
  number={1},
  pages={21392},
  year={2024},
  publisher={Nature Publishing Group UK London}
}

@inproceedings{singh2022anatomizing,
  title={Anatomizing bias in facial analysis},
  author={Singh, Richa and Majumdar, Puspita and Mittal, Surbhi and Vatsa, Mayank},
  booktitle={Proceedings of the AAAI Conference on Artificial Intelligence},
  volume={36},
  number={11},
  pages={12351--12358},
  year={2022}
}

@inproceedings{srinivas2019face,
  title={Face recognition algorithm bias: Performance differences on images of children and adults},
  author={Srinivas, Nisha and Ricanek, Karl and Michalski, Dana and Bolme, David S and King, Michael},
  booktitle={Proceedings of the IEEE/CVF conference on computer vision and pattern recognition workshops},
  pages={0--0},
  year={2019}
}

@article{terhorst2021comprehensive,
  title={A comprehensive study on face recognition biases beyond demographics},
  author={Terh{\"o}rst, Philipp and Kolf, Jan Niklas and Huber, Marco and Kirchbuchner, Florian and Damer, Naser and Moreno, Aythami Morales and Fierrez, Julian and Kuijper, Arjan},
  journal={IEEE Transactions on Technology and Society},
  volume={3},
  number={1},
  pages={16--30},
  year={2021},
  publisher={IEEE}
}

@inproceedings{xu2020investigating,
 title={Investigating bias and fairness in facial expression recognition},
 author={Xu, Tian and White, Jennifer and Kalkan, Sinan and Gunes, Hatice},
 booktitle={European Conference on Computer Vision},
 pages={506--523},
 year={2020},
 organization={Springer}
}

@inproceedings{yu2023exploring,
  title={Exploring large-scale unlabeled faces to enhance facial expression recognition},
  author={Yu, Jun and Cai, Zhongpeng and Li, Renda and Zhao, Gongpeng and Xie, Guochen and Zhu, Jichao and Zhu, Wangyuan and Ling, Qiang and Wang, Lei and Wang, Cong and others},
  booktitle={Proceedings of the IEEE/CVF Conference on Computer Vision and Pattern Recognition},
  pages={5803--5810},
  year={2023}
}

@article{zhang2018facial,
 title={From facial expression recognition to interpersonal relation prediction},
 author={Zhang, Zhanpeng and Luo, Ping and Loy, Chen Change and Tang, Xiaoou},
 journal={International Journal of Computer Vision},
 volume={126},
 number={5},
 pages={550--569},
 year={2018},
 publisher={Springer}
}

@article{zhao2024enhancing,
  title={Enhancing Zero-Shot Facial Expression Recognition by LLM Knowledge Transfer},
  author={Zhao, Zengqun and Cao, Yu and Gong, Shaogang and Patras, Ioannis},
  journal={arXiv preprint arXiv:2405.19100},
  year={2024}
}

