@article{ekman1978facial,
  title={Facial action coding system},
  author={Ekman, Paul and Friesen, Wallace V},
  journal={Environmental Psychology \& Nonverbal Behavior},
  year={1978}
}

@article{cohn2007observer,
  title={Observer-based measurement of facial expression with the Facial Action Coding System},
  author={Cohn, Jeffrey F and Ambadar, Zara and Ekman, Paul},
  journal={The handbook of emotion elicitation and assessment},
  volume={1},
  number={3},
  pages={203--221},
  year={2007}
}

@misc{prince2015facial,
  title={Facial action coding system},
  author={Prince, Emily B and Martin, Katherine B and Messinger, Daniel S and Allen, M},
  year={2015},
  publisher={The Sage Encyclopedia of Communication Research Methods}
}

@article{sayette2001psychometric,
  title={A psychometric evaluation of the facial action coding system for assessing spontaneous expression},
  author={Sayette, Michael A and Cohn, Jeffrey F and Wertz, Joan M and Perrott, Michael A and Parrott, Dominic J},
  journal={Journal of nonverbal behavior},
  volume={25},
  pages={167--185},
  year={2001},
  publisher={Springer}
}

@article{russell1980circumplex,
  title={A circumplex model of affect.},
  author={Russell, James A},
  journal={Journal of personality and social psychology},
  volume={39},
  number={6},
  pages={1161},
  year={1980},
  publisher={American Psychological Association}
}

@inproceedings{farzaneh2021facial,
 title={Facial expression recognition in the wild via deep attentive center loss},
 author={Farzaneh, Amir Hossein and Qi, Xiaojun},
 booktitle={Proceedings of the IEEE/CVF winter conference on applications of computer vision},
 pages={2402--2411},
 year={2021}
}

@article{hasani2020breg,
 title={BReG-NeXt: Facial affect computing using adaptive residual networks with bounded gradient},
 author={Hasani, Behzad and Negi, Pooran Singh and Mahoor, Mohammad H},
 journal={IEEE Transactions on Affective Computing},
 volume={13},
 number={2},
 pages={1023--1036},
 year={2020},
 publisher={IEEE}
}


@inproceedings{serengil2021lightface,
 title    = {HyperExtended LightFace: A Facial Attribute Analysis Framework},
 author    = {Serengil, Sefik Ilkin and Ozpinar, Alper},
 booktitle  = {2021 International Conference on Engineering and Emerging Technologies (ICEET)},
 pages    = {1-4},
 year     = {2021},
 doi     = {10.1109/ICEET53442.2021.9659697},
 url     = {https://doi.org/10.1109/ICEET53442.2021.9659697},
 organization = {IEEE}
}

@article{kingma2014adam,
 title={Adam: A method for stochastic optimization},
 author={Kingma, Diederik P and Ba, Jimmy},
 journal={arXiv preprint arXiv:1412.6980},
 year={2014}
}

@article{Rothe-IJCV-2018, author = {Rasmus Rothe and Radu Timofte and Luc Van Gool}, title = {Deep
expectation of real and apparent age from a single image without facial landmarks}, journal = {International
Journal of Computer Vision},volume={126}, number={2-4}, pages={144â€“157}, year={2018}, publisher={Springer}}


@inproceedings{fard2021asmnet,
 title={ASMNet: A lightweight deep neural network for face alignment and pose estimation},
 author={Fard, Ali Pourramezan and Abdollahi, Hojjat and Mahoor, Mohammad},
 booktitle={Proceedings of the IEEE/CVF Conference on Computer Vision and Pattern Recognition},
 pages={1521--1530},
 year={2021}
}

@article{barrett2019emotional,
 title={Emotional expressions reconsidered: Challenges to inferring emotion from human facial movements},
 author={Barrett, Lisa Feldman and Adolphs, Ralph and Marsella, Stacy and Martinez, Aleix M and Pollak, Seth D},
 journal={Psychological science in the public interest},
 volume={20},
 number={1},
 pages={1--68},
 year={2019},
 publisher={Sage Publications Sage CA: Los Angeles, CA}
}

@article{matsumoto2019handbook,
 title={The handbook of culture and psychology},
 author={Matsumoto, David Ed and Hwang, Hyisung C},
 year={2019},
 publisher={Oxford University Press}
}

@book{matsumoto2001handbook,
 title={The handbook of culture and psychology},
 author={Matsumoto, David},
 year={2001},
 publisher={Oxford University Press}
}

@article{yang2015empirical,
  title={An empirical study of recent face alignment methods},
  author={Yang, Heng and Jia, Xuhui and Loy, Chen Change and Robinson, Peter},
  journal={arXiv preprint arXiv:1511.05049},
  year={2015}
}

@article{zou2022new,
  title={A new multi-feature fusion based convolutional neural network for facial expression recognition},
  author={Zou, Wei and Zhang, Dong and Lee, Dah-Jye},
  journal={Applied Intelligence},
  volume={52},
  number={3},
  pages={2918--2929},
  year={2022},
  publisher={Springer}
}

@article{shi2021facial,
  title={A Facial Expression Recognition Method Based on a Multibranch Cross-Connection Convolutional Neural Network},
  author={Shi, Cuiping and Tan, Cong and Wang, Liguo},
  journal={IEEE Access},
  volume={9},
  pages={39255--39274},
  year={2021},
  publisher={IEEE}
}

@article{yu2020facial,
  title={Facial expression recognition based on a multi-task global-local network},
  author={Yu, Mingjing and Zheng, Huicheng and Peng, Zhifeng and Dong, Jiayu and Du, Heran},
  journal={Pattern Recognition Letters},
  volume={131},
  pages={166--171},
  year={2020},
  publisher={Elsevier}
}

@article{liu2021facial1,
  title={Facial Expression Recognition Using Hybrid Features of Pixel and Geometry},
  author={Liu, Chang and Hirota, Kaoru and Ma, Junjie and Jia, Zhiyang and Dai, Yaping},
  journal={IEEE Access},
  volume={9},
  pages={18876--18889},
  year={2021},
  publisher={IEEE}
}

@inproceedings{zhang2021learning,
  title={Learning a Facial Expression Embedding Disentangled From Identity},
  author={Zhang, Wei and Ji, Xianpeng and Chen, Keyu and Ding, Yu and Fan, Changjie},
  booktitle={Proceedings of the IEEE/CVF Conference on Computer Vision and Pattern Recognition},
  pages={6759--6768},
  year={2021}
}


@article{xue2022vision,
 title={Vision Transformer with Attentive Pooling for Robust Facial Expression Recognition},
 author={Xue, Fanglei and Wang, Qiangchang and Tan, Zichang and Ma, Zhongsong and Guo, Guodong},
 journal={IEEE Transactions on Affective Computing},
 year={2022},
 publisher={IEEE}
}

@article{fang2018seeing,
  title={Seeing mixed emotions: The specificity of emotion perception from static and dynamic facial expressions across cultures},
  author={Fang, Xia and Sauter, Disa A and Van Kleef, Gerben A},
  journal={Journal of Cross-Cultural Psychology},
  volume={49},
  number={1},
  pages={130--148},
  year={2018},
  publisher={Sage Publications Sage CA: Los Angeles, CA}
}


@article{yang2022face,
 title={Face-mask-aware Facial Expression Recognition based on Face Parsing and Vision Transformer},
 author={Yang, Bo and Wu, Jianming and Ikeda, Kazushi and Hattori, Gen and Sugano, Masaru and Iwasawa, Yusuke and Matsuo, Yutaka},
 journal={Pattern Recognition Letters},
 volume={164},
 pages={173--182},
 year={2022},
 publisher={Elsevier}
}

@inproceedings{dosovitskiyimage,
 title={An Image is Worth 16x16 Words: Transformers for Image Recognition at Scale},
 author={Dosovitskiy, Alexey and Beyer, Lucas and Kolesnikov, Alexander and Weissenborn, Dirk and Zhai, Xiaohua and Unterthiner, Thomas and Dehghani, Mostafa and Minderer, Matthias and Heigold, Georg and Gelly, Sylvain and others},
 booktitle={International Conference on Learning Representations}
}

% old methods = > 

@article{tian2001recognizing,
 title={Recognizing action units for facial expression analysis},
 author={Tian, Y-I and Kanade, Takeo and Cohn, Jeffrey F},
 journal={IEEE Transactions on pattern analysis and machine intelligence},
 volume={23},
 number={2},
 pages={97--115},
 year={2001},
 publisher={IEEE}
}
@article{shan2009facial,
 title={Facial expression recognition based on local binary patterns: A comprehensive study},
 author={Shan, Caifeng and Gong, Shaogang and McOwan, Peter W},
 journal={Image and vision Computing},
 volume={27},
 number={6},
 pages={803--816},
 year={2009},
 publisher={Elsevier}
}

@inproceedings{zhong2012learning,
 title={Learning active facial patches for expression analysis},
 author={Zhong, Lin and Liu, Qingshan and Yang, Peng and Liu, Bo and Huang, Junzhou and Metaxas, Dimitris N},
 booktitle={2012 IEEE Conference on Computer Vision and Pattern Recognition},
 pages={2562--2569},
 year={2012},
 organization={IEEE}
}

@article{zhao2007dynamic,
 title={Dynamic texture recognition using local binary patterns with an application to facial expressions},
 author={Zhao, Guoying and Pietikainen, Matti},
 journal={IEEE transactions on pattern analysis and machine intelligence},
 volume={29},
 number={6},
 pages={915--928},
 year={2007},
 publisher={IEEE}
}

@book{darwin1998expression,
 title={The expression of the emotions in man and animals},
 author={Darwin, Charles and Prodger, Phillip},
 year={1998},
 publisher={Oxford University Press, USA}
}

@article{ekman1987universals,
 title={Universals and cultural differences in the judgments of facial expressions of emotion.},
 author={Ekman, Paul and Friesen, Wallace V and O'sullivan, Maureen and Chan, Anthony and Diacoyanni-Tarlatzis, Irene and Heider, Karl and Krause, Rainer and LeCompte, William Ayhan and Pitcairn, Tom and Ricci-Bitti, Pio E and others},
 journal={Journal of personality and social psychology},
 volume={53},
 number={4},
 pages={712},
 year={1987},
 publisher={American Psychological Association}
}

@article{kret2015emotional,
 title={Emotional expressions beyond facial muscle actions. A call for studying autonomic signals and their impact on social perception},
 author={Kret, Mariska E},
 journal={Frontiers in psychology},
 volume={6},
 pages={711},
 year={2015},
 publisher={Frontiers Media SA}
}

@inproceedings{lucey2010extended,
 title={The extended cohn-kanade dataset (ck+): A complete dataset for action unit and emotion-specified expression},
 author={Lucey, Patrick and Cohn, Jeffrey F and Kanade, Takeo and Saragih, Jason and Ambadar, Zara and Matthews, Iain},
 booktitle={2010 ieee computer society conference on computer vision and pattern recognition-workshops},
 pages={94--101},
 year={2010},
 organization={IEEE}
}

@article{GROSS2010807,
title = {Multi-PIE},
journal = {Image and Vision Computing},
volume = {28},
number = {5},
pages = {807-813},
year = {2010},
note = {Best of Automatic Face and Gesture Recognition 2008},
issn = {0262-8856},
doi = {https://doi.org/10.1016/j.imavis.2009.08.002},
url = {https://www.sciencedirect.com/science/article/pii/S0262885609001711},
author = {Ralph Gross and Iain Matthews and Jeffrey Cohn and Takeo Kanade and Simon Baker},
keywords = {Face database, Face recognition across pose, Face recognition across illumination, Face recognition across expression},
}

@inproceedings{pantic2005web,
 title={Web-based database for facial expression analysis},
 author={Pantic, Maja and Valstar, Michel and Rademaker, Ron and Maat, Ludo},
 booktitle={2005 IEEE international conference on multimedia and Expo},
 pages={5--pp},
 year={2005},
 organization={IEEE}
}

@article{mavadati2013disfa,
 title={Disfa: A spontaneous facial action intensity database},
 author={Mavadati, S Mohammad and Mahoor, Mohammad H and Bartlett, Kevin and Trinh, Philip and Cohn, Jeffrey F},
 journal={IEEE Transactions on Affective Computing},
 volume={4},
 number={2},
 pages={151--160},
 year={2013},
 publisher={IEEE}
}

@inproceedings{fabian2016emotionet,
 title={Emotionet: An accurate, real-time algorithm for the automatic annotation of a million facial expressions in the wild},
 author={Fabian Benitez-Quiroz, C and Srinivasan, Ramprakash and Martinez, Aleix M},
 booktitle={Proceedings of the IEEE conference on computer vision and pattern recognition},
 pages={5562--5570},
 year={2016}
}

@inproceedings{nicolaou2010audio,
 title={Audio-visual classification and fusion of spontaneous affective data in likelihood space},
 author={Nicolaou, Mihalis A and Gunes, Hatice and Pantic, Maja},
 booktitle={2010 20th International Conference on Pattern Recognition},
 pages={3695--3699},
 year={2010},
 organization={IEEE}
}

@inproceedings{ringeval2013introducing,
 title={Introducing the RECOLA multimodal corpus of remote collaborative and affective interactions},
 author={Ringeval, Fabien and Sonderegger, Andreas and Sauer, Juergen and Lalanne, Denis},
 booktitle={2013 10th IEEE international conference and workshops on automatic face and gesture recognition (FG)},
 pages={1--8},
 year={2013},
 organization={IEEE}
}

@inproceedings{mcduff2013affectiva,
 title={Affectiva-mit facial expression dataset (am-fed): Naturalistic and spontaneous facial expressions collected},
 author={McDuff, Daniel and Kaliouby, Rana and Senechal, Thibaud and Amr, May and Cohn, Jeffrey and Picard, Rosalind},
 booktitle={Proceedings of the IEEE conference on computer vision and pattern recognition workshops},
 pages={881--888},
 year={2013}
}

@article{koelstra2011deap,
 title={Deap: A database for emotion analysis; using physiological signals},
 author={Koelstra, Sander and Muhl, Christian and Soleymani, Mohammad and Lee, Jong-Seok and Yazdani, Ashkan and Ebrahimi, Touradj and Pun, Thierry and Nijholt, Anton and Patras, Ioannis},
 journal={IEEE transactions on affective computing},
 volume={3},
 number={1},
 pages={18--31},
 year={2011},
 publisher={IEEE}
}

@inproceedings{dhall2013emotion,
 title={Emotion recognition in the wild challenge 2013},
 author={Dhall, Abhinav and Goecke, Roland and Joshi, Jyoti and Wagner, Michael and Gedeon, Tom},
 booktitle={Proceedings of the 15th ACM on International conference on multimodal interaction},
 pages={509--516},
 year={2013}
}

@inproceedings{goodfellow2013challenges,
 title={Challenges in representation learning: A report on three machine learning contests},
 author={Goodfellow, Ian J and Erhan, Dumitru and Carrier, Pierre Luc and Courville, Aaron and Mirza, Mehdi and Hamner, Ben and Cukierski, Will and Tang, Yichuan and Thaler, David and Lee, Dong-Hyun and others},
 booktitle={International conference on neural information processing},
 pages={117--124},
 year={2013},
 organization={Springer}
}

@inproceedings{zafeiriou2016facial,
 title={Facial Affect``In-The-Wild},
 author={Zafeiriou, Stefanos and Papaioannou, Athanasios and Kotsia, Irene and Nicolaou, Mihalis and Zhao, Guoying},
 booktitle={Proceedings of the IEEE Conference on Computer Vision and Pattern Recognition Workshops},
 pages={36--47},
 year={2016}
}

@inproceedings{mollahosseini2016facial,
 title={Facial expression recognition from world wild web},
 author={Mollahosseini, Ali and Hasani, Behzad and Salvador, Michelle J and Abdollahi, Hojjat and Chan, David and Mahoor, Mohammad H},
 booktitle={Proceedings of the IEEE conference on computer vision and pattern recognition workshops},
 pages={58--65},
 year={2016}
}

@inproceedings{li2017reliable,
 title={Reliable crowdsourcing and deep locality-preserving learning for expression recognition in the wild},
 author={Li, Shan and Deng, Weihong and Du, JunPing},
 booktitle={Proceedings of the IEEE conference on computer vision and pattern recognition},
 pages={2852--2861},
 year={2017}
}

@inproceedings{aneja2017modeling,
 title={Modeling stylized character expressions via deep learning},
 author={Aneja, Deepali and Colburn, Alex and Faigin, Gary and Shapiro, Linda and Mones, Barbara},
 booktitle={Asian conference on computer vision},
 pages={136--153},
 year={2017},
 organization={Springer}
}

@article{zhao2011facial,
 title={Facial expression recognition from near-infrared videos},
 author={Zhao, Guoying and Huang, Xiaohua and Taini, Matti and Li, Stan Z and Pietik{\"a}Inen, Matti},
 journal={Image and vision computing},
 volume={29},
 number={9},
 pages={607--619},
 year={2011},
 publisher={Elsevier}
}

@article{martinez1998ar,
 title={The ar face database: Cvc technical report, 24},
 author={Martinez, Aleix and Benavente, Robert},
 year={1998}
}

@inproceedings{lyons1998coding,
 title={Coding facial expressions with gabor wavelets},
 author={Lyons, Michael and Akamatsu, Shigeru and Kamachi, Miyuki and Gyoba, Jiro},
 booktitle={Proceedings Third IEEE international conference on automatic face and gesture recognition},
 pages={200--205},
 year={1998},
 organization={IEEE}
}

@inproceedings{girard2017sayette,
 title={Sayette group formation task (gft) spontaneous facial expression database},
 author={Girard, Jeffrey M and Chu, Wen-Sheng and Jeni, L{\'a}szl{\'o} A and Cohn, Jeffrey F},
 booktitle={2017 12th IEEE International Conference on Automatic Face \& Gesture Recognition (FG 2017)},
 pages={581--588},
 year={2017},
 organization={IEEE}
}

@inproceedings{zhang2013high,
 title={A high-resolution spontaneous 3d dynamic facial expression database},
 author={Zhang, Xing and Yin, Lijun and Cohn, Jeffrey F and Canavan, Shaun and Reale, Michael and Horowitz, Andy and Liu, Peng},
 booktitle={2013 10th IEEE international conference and workshops on automatic face and gesture recognition (FG)},
 pages={1--6},
 year={2013},
 organization={IEEE}
}

@inproceedings{zhang2016multimodal,
 title={Multimodal spontaneous emotion corpus for human behavior analysis},
 author={Zhang, Zheng and Girard, Jeff M and Wu, Yue and Zhang, Xing and Liu, Peng and Ciftci, Umur and Canavan, Shaun and Reale, Michael and Horowitz, Andy and Yang, Huiyuan and others},
 booktitle={Proceedings of the IEEE conference on computer vision and pattern recognition},
 pages={3438--3446},
 year={2016}
}

@inproceedings{cheng20184dfab,
 title={4dfab: A large scale 4d database for facial expression analysis and biometric applications},
 author={Cheng, Shiyang and Kotsia, Irene and Pantic, Maja and Zafeiriou, Stefanos},
 booktitle={Proceedings of the IEEE conference on computer vision and pattern recognition},
 pages={5117--5126},
 year={2018}
}

@article{sneddon2011belfast,
 title={The belfast induced natural emotion database},
 author={Sneddon, Ian and McRorie, Margaret and McKeown, Gary and Hanratty, Jennifer},
 journal={IEEE Transactions on Affective Computing},
 volume={3},
 number={1},
 pages={32--41},
 year={2011},
 publisher={IEEE}
}

@article{gupta2016daisee,
 title={Daisee: Towards user engagement recognition in the wild},
 author={Gupta, Abhay and D'Cunha, Arjun and Awasthi, Kamal and Balasubramanian, Vineeth},
 journal={arXiv preprint arXiv:1609.01885},
 year={2016}
}

@inproceedings{BarsoumICMI2016,
  title={Training Deep Networks for Facial Expression Recognition with Crowd-Sourced Label Distribution},
  author={Barsoum, Emad and Zhang, Cha and Canton Ferrer, Cristian and Zhang, Zhengyou},
  booktitle={ACM International Conference on Multimodal Interaction (ICMI)},
  year={2016}
}

@article{cheng2010facial,
 title={Facial expression recognition in JAFFE dataset based on Gaussian process classification},
 author={Cheng, Fei and Yu, Jiangsheng and Xiong, Huilin},
 journal={IEEE Transactions on Neural Networks},
 volume={21},
 number={10},
 pages={1685--1690},
 year={2010},
 publisher={IEEE}
}

@article{kollias2018aff,
 title={Aff-wild2: Extending the aff-wild database for affect recognition},
 author={Kollias, Dimitrios and Zafeiriou, Stefanos},
 journal={arXiv preprint arXiv:1811.07770},
 year={2018}
}

@inproceedings{dhall2011static,
 title={Static facial expression analysis in tough conditions: Data, evaluation protocol and benchmark},
 author={Dhall, Abhinav and Goecke, Roland and Lucey, Simon and Gedeon, Tom},
 booktitle={2011 IEEE international conference on computer vision workshops (ICCV workshops)},
 pages={2106--2112},
 year={2011},
 organization={IEEE}
}

@inproceedings{gan2022feafa+,
 title={FEAFA+: an extended well-annotated dataset for facial expression analysis and 3D facial animation},
 author={Gan, Wei and Xue, Jian and Lu, Ke and Yan, Yanfu and Gao, Pengcheng and Lyu, Jiayi},
 booktitle={Fourteenth International Conference on Digital Image Processing (ICDIP 2022)},
 volume={12342},
 pages={307--316},
 year={2022},
 organization={SPIE}
}

@article{zhang2018facial,
 title={From facial expression recognition to interpersonal relation prediction},
 author={Zhang, Zhanpeng and Luo, Ping and Loy, Chen Change and Tang, Xiaoou},
 journal={International Journal of Computer Vision},
 volume={126},
 number={5},
 pages={550--569},
 year={2018},
 publisher={Springer}
}

@article{ekman2002facial,
 title={Facial Action Coding System, A Human Face},
 author={Ekman, Paul and Friesen, WV and Hager, Joseph C},
 journal={ETC What is the ETC},
 year={2002}
}

@article{ouellet2014real,
 title={Real-time emotion recognition for gaming using deep convolutional network features},
 author={Ouellet, S{\'e}bastien},
 journal={arXiv preprint arXiv:1408.3750},
 year={2014}
}

@inproceedings{liu2013aware,
 title={Au-aware deep networks for facial expression recognition},
 author={Liu, Mengyi and Li, Shaoxin and Shan, Shiguang and Chen, Xilin},
 booktitle={2013 10th IEEE international conference and workshops on automatic face and gesture recognition (FG)},
 pages={1--6},
 year={2013},
 organization={IEEE}
}

@inproceedings{kumawat2019lbvcnn,
 title={LBVCNN: Local binary volume convolutional neural network for facial expression recognition from image sequences},
 author={Kumawat, Sudhakar and Verma, Manisha and Raman, Shanmuganathan},
 booktitle={Proceedings of the IEEE/CVF Conference on Computer Vision and Pattern Recognition Workshops},
 pages={0--0},
 year={2019}
}

@article{zhang2017facial,
 title={Facial expression recognition based on deep evolutional spatial-temporal networks},
 author={Zhang, Kaihao and Huang, Yongzhen and Du, Yong and Wang, Liang},
 journal={IEEE Transactions on Image Processing},
 volume={26},
 number={9},
 pages={4193--4203},
 year={2017},
 publisher={IEEE}
}

@inproceedings{liu2014facial,
 title={Facial expression recognition via a boosted deep belief network},
 author={Liu, Ping and Han, Shizhong and Meng, Zibo and Tong, Yan},
 booktitle={Proceedings of the IEEE conference on computer vision and pattern recognition},
 pages={1805--1812},
 year={2014}
}

@inproceedings{hamester2015face,
 title={Face expression recognition with a 2-channel convolutional neural network},
 author={Hamester, Dennis and Barros, Pablo and Wermter, Stefan},
 booktitle={2015 international joint conference on neural networks (IJCNN)},
 pages={1--8},
 year={2015},
 organization={IEEE}
}

@inproceedings{hasani2017facial,
 title={Facial expression recognition using enhanced deep 3D convolutional neural networks},
 author={Hasani, Behzad and Mahoor, Mohammad H},
 booktitle={Proceedings of the IEEE conference on computer vision and pattern recognition workshops},
 pages={30--40},
 year={2017}
}

@inproceedings{yang2018facial,
 title={Facial expression recognition by de-expression residue learning},
 author={Yang, Huiyuan and Ciftci, Umur and Yin, Lijun},
 booktitle={Proceedings of the IEEE conference on computer vision and pattern recognition},
 pages={2168--2177},
 year={2018}
}

@article{liu2019hard,
 title={Hard negative generation for identity-disentangled facial expression recognition},
 author={Liu, Xiaofeng and Kumar, BVK Vijaya and Jia, Ping and You, Jane},
 journal={Pattern Recognition},
 volume={88},
 pages={1--12},
 year={2019},
 publisher={Elsevier}
}

@article{wang2019novel,
 title={A novel dynamic model capturing spatial and temporal patterns for facial expression analysis},
 author={Wang, Shangfei and Zheng, Zhuangqiang and Yin, Shi and Yang, Jiajia and Ji, Qiang},
 journal={IEEE transactions on pattern analysis and machine intelligence},
 volume={42},
 number={9},
 pages={2082--2095},
 year={2019},
 publisher={IEEE}
}

@inproceedings{ding2017facenet2expnet,
 title={Facenet2expnet: Regularizing a deep face recognition net for expression recognition},
 author={Ding, Hui and Zhou, Shaohua Kevin and Chellappa, Rama},
 booktitle={2017 12th IEEE International Conference on Automatic Face \& Gesture Recognition (FG 2017)},
 pages={118--126},
 year={2017},
 organization={IEEE}
}

@article{georgescu2019local,
 title={Local learning with deep and handcrafted features for facial expression recognition},
 author={Georgescu, Mariana-Iuliana and Ionescu, Radu Tudor and Popescu, Marius},
 journal={IEEE Access},
 volume={7},
 pages={64827--64836},
 year={2019},
 publisher={IEEE}
}

@inproceedings{kim2016fusing,
 title={Fusing aligned and non-aligned face information for automatic affect recognition in the wild: a deep learning approach},
 author={Kim, Bo-Kyeong and Dong, Suh-Yeon and Roh, Jihyeon and Kim, Geonmin and Lee, Soo-Young},
 booktitle={Proceedings of the IEEE Conference on Computer Vision and Pattern Recognition Workshops},
 pages={48--57},
 year={2016}
}

@inproceedings{guo2016deep,
 title={Deep neural networks with relativity learning for facial expression recognition},
 author={Guo, Yanan and Tao, Dapeng and Yu, Jun and Xiong, Hao and Li, Yaotang and Tao, Dacheng},
 booktitle={2016 IEEE International Conference on Multimedia \& Expo Workshops (ICMEW)},
 pages={1--6},
 year={2016},
 organization={IEEE}
}

@inproceedings{cai2018island,
 title={Island loss for learning discriminative features in facial expression recognition},
 author={Cai, Jie and Meng, Zibo and Khan, Ahmed Shehab and Li, Zhiyuan and O'Reilly, James and Tong, Yan},
 booktitle={2018 13th IEEE International Conference on Automatic Face \& Gesture Recognition (FG 2018)},
 pages={302--309},
 year={2018},
 organization={IEEE}
}

@inproceedings{meng2017identity,
 title={Identity-aware convolutional neural network for facial expression recognition},
 author={Meng, Zibo and Liu, Ping and Cai, Jie and Han, Shizhong and Tong, Yan},
 booktitle={2017 12th IEEE International Conference on Automatic Face \& Gesture Recognition (FG 2017)},
 pages={558--565},
 year={2017},
 organization={IEEE}
}

@inproceedings{kuo2018compact,
 title={A compact deep learning model for robust facial expression recognition},
 author={Kuo, Chieh-Ming and Lai, Shang-Hong and Sarkis, Michel},
 booktitle={Proceedings of the IEEE conference on computer vision and pattern recognition workshops},
 pages={2121--2129},
 year={2018}
}

@inproceedings{kumawat2019lbvcnn,
 title={LBVCNN: Local binary volume convolutional neural network for facial expression recognition from image sequences},
 author={Kumawat, Sudhakar and Verma, Manisha and Raman, Shanmuganathan},
 booktitle={Proceedings of the IEEE/CVF Conference on Computer Vision and Pattern Recognition Workshops},
 pages={0--0},
 year={2019}
}

@inproceedings{vielzeuf2017temporal,
 title={Temporal multimodal fusion for video emotion classification in the wild},
 author={Vielzeuf, Valentin and Pateux, St{\'e}phane and Jurie, Fr{\'e}d{\'e}ric},
 booktitle={Proceedings of the 19th ACM International Conference on Multimodal Interaction},
 pages={569--576},
 year={2017}
}

@inproceedings{fan2016video,
 title={Video-based emotion recognition using CNN-RNN and C3D hybrid networks},
 author={Fan, Yin and Lu, Xiangju and Li, Dian and Liu, Yuanliu},
 booktitle={Proceedings of the 18th ACM international conference on multimodal interaction},
 pages={445--450},
 year={2016}
}

@article{liu2022clip,
 title={Clip-aware expressive feature learning for video-based facial expression recognition},
 author={Liu, Yuanyuan and Feng, Chuanxu and Yuan, Xiaohui and Zhou, Lin and Wang, Wenbin and Qin, Jie and Luo, Zhongwen},
 journal={Information Sciences},
 volume={598},
 pages={182--195},
 year={2022},
 publisher={Elsevier}
}

article{yu2022co,
 title={Co-attentive multi-task convolutional neural network for facial expression recognition},
 author={Yu, Wenmeng and Xu, Hua},
 journal={Pattern Recognition},
 volume={123},
 pages={108401},
 year={2022},
 publisher={Elsevier}
}

@article{ma2022multi,
 title={Multi-level knowledge distillation for low-resolution object detection and facial expression recognition},
 author={Ma, Tingsong and Tian, Wenhong and Xie, Yuanlun},
 journal={Knowledge-Based Systems},
 volume={240},
 pages={108136},
 year={2022},
 publisher={Elsevier}
}

@article{zhu2022convolutional,
 title={Convolutional relation network for facial expression recognition in the wild with few-shot learning},
 author={Zhu, Qing and Mao, Qirong and Jia, Hongjie and Noi, Ocquaye Elias Nii and Tu, Juanjuan},
 journal={Expert Systems with Applications},
 volume={189},
 pages={116046},
 year={2022},
 publisher={Elsevier}
}


@article{fard2022ad,
 title={Ad-corre: Adaptive correlation-based loss for facial expression recognition in the wild},
 author={Fard, Ali Pourramezan and Mahoor, Mohammad H},
 journal={IEEE Access},
 volume={10},
 pages={26756--26768},
 year={2022},
 publisher={IEEE}
}

@article{savchenko2022classifying,
 title={Classifying emotions and engagement in online learning based on a single facial expression recognition neural network},
 author={Savchenko, Andrey V and Savchenko, Lyudmila V and Makarov, Ilya},
 journal={IEEE Transactions on Affective Computing},
 volume={13},
 number={4},
 pages={2132--2143},
 year={2022},
 publisher={IEEE}
}

@inproceedings{xu2020investigating,
 title={Investigating bias and fairness in facial expression recognition},
 author={Xu, Tian and White, Jennifer and Kalkan, Sinan and Gunes, Hatice},
 booktitle={European Conference on Computer Vision},
 pages={506--523},
 year={2020},
 organization={Springer}
}

@article{bisogni2022impact,
 title={Impact of deep learning approaches on facial expression recognition in healthcare industries},
 author={Bisogni, Carmen and Castiglione, Aniello and Hossain, Sanoar and Narducci, Fabio and Umer, Saiyed},
 journal={IEEE Transactions on Industrial Informatics},
 volume={18},
 number={8},
 pages={5619--5627},
 year={2022},
 publisher={IEEE}
}

@article{cai2022probabilistic,
 title={Probabilistic Attribute Tree Structured Convolutional Neural Networks for Facial Expression Recognition in the Wild},
 author={Cai, Jie and Meng, Zibo and Khan, Ahmed Shehab and Li, Zhiyuan and O'Reilly, James and Tong, Yan},
 journal={IEEE Transactions on Affective Computing},
 year={2022},
 publisher={IEEE}
}

@article{zhao2022spatial,
 title={Spatial-Temporal Graphs Plus Transformers for Geometry-Guided Facial Expression Recognition},
 author={Zhao, Rui and Liu, Tianshan and Huang, Zixun and Lun, Daniel PK and Lam, Kin-Man},
 journal={IEEE Transactions on Affective Computing},
 year={2022},
 publisher={IEEE}
}

@article{arnaud2022thin,
 title={Thin: Throwable information networks and application for facial expression recognition in the wild},
 author={Arnaud, Estephe and Dapogny, Arnaud and Bailly, Kevin},
 journal={IEEE Transactions on Affective Computing},
 year={2022},
 publisher={IEEE}
}

@inproceedings{xue2022coarse,
 title={Coarse-to-fine cascaded networks with smooth predicting for video facial expression recognition},
 author={Xue, Fanglei and Tan, Zichang and Zhu, Yu and Ma, Zhongsong and Guo, Guodong},
 booktitle={Proceedings of the IEEE/CVF Conference on Computer Vision and Pattern Recognition},
 pages={2412--2418},
 year={2022}
}

@article{sun2023discriminatively,
 title={A discriminatively deep fusion approach with improved conditional GAN (im-cGAN) for facial expression recognition},
 author={Sun, Zhe and Zhang, Hehao and Bai, Jiatong and Liu, Mingyang and Hu, Zhengping},
 journal={Pattern Recognition},
 volume={135},
 pages={109157},
 year={2023},
 publisher={Elsevier}
}

@article{lundqvist1998karolinska,
 title={Karolinska directed emotional faces},
 author={Lundqvist, Daniel and Flykt, Anders and {\"O}hman, Arne},
 journal={Cognition and Emotion},
 year={1998}
}

@article{kuruvayil2022emotion,
 title={Emotion recognition from facial images with simultaneous occlusion, pose and illumination variations using meta-learning},
 author={Kuruvayil, Soumya and Palaniswamy, Suja},
 journal={Journal of King Saud University-Computer and Information Sciences},
 volume={34},
 number={9},
 pages={7271--7282},
 year={2022},
 publisher={Elsevier}
}

@article{tan2022emotion,
 title={An emotion index estimation based on facial action unit prediction},
 author={Tan, Xiaohui and Fan, Yachun and Sun, Mingrui and Zhuang, Meiqi and Qu, Fangbing},
 journal={Pattern Recognition Letters},
 volume={164},
 pages={183--190},
 year={2022},
 publisher={Elsevier}
}

@inproceedings{borgalli2022deep,
 title={Deep Learning Framework for Facial Emotion Recognition using CNN Architectures},
 author={Borgalli, Rohan Appasaheb and Surve, Sunil},
 booktitle={2022 International Conference on Electronics and Renewable Systems (ICEARS)},
 pages={1777--1784},
 year={2022},
 organization={IEEE}
}

@article{kang20221d,
 title={1D convolutional autoencoder-based PPG and GSR signals for real-time emotion classification},
 author={Kang, Dong-Hyun and Kim, Deok-Hwan},
 journal={IEEE Access},
 volume={10},
 pages={91332--91345},
 year={2022},
 publisher={IEEE}
}

@article{cao2020e2,
 title={E2-capsule neural networks for facial expression recognition using AU-aware attention},
 author={Cao, Shan and Yao, Yuqian and An, Gaoyun},
 journal={IET Image Processing},
 volume={14},
 number={11},
 pages={2417--2424},
 year={2020},
 publisher={Wiley Online Library}
}


@article{rao2020recognition,
 title={Recognition of learnersâ€™ cognitive states using facial expressions in e-learning environments},
 author={Rao, Karu Prasada and Rao, MCS},
 journal={Journal of University of Shanghai for Science and Technology},
 volume={22},
 number={12},
 pages={93--103},
 year={2020}
}

@article{kartheek2022windmill,
 title={Windmill Graph based Feature Descriptors for Facial Expression Recognition},
 author={Kartheek, Mukku Nisanth and Prasad, Munaga VNK and Bhukya, Raju},
 journal={Optik},
 volume={260},
 pages={169053},
 year={2022},
 publisher={Elsevier}
}

@article{dhall2012collecting,
 title={Collecting large, richly annotated facial-expression databases from movies},
 author={Dhall, Abhinav and Goecke, Roland and Lucey, Simon and Gedeon, Tom and others},
 journal={IEEE multimedia},
 volume={19},
 number={3},
 pages={34},
 year={2012}
}

@article{canal2022survey,
 title={A survey on facial emotion recognition techniques: A state-of-the-art literature review},
 author={Canal, Felipe Zago and M{\"u}ller, Tobias Rossi and Matias, Jhennifer Cristine and Scotton, Gustavo Gino and de Sa Junior, Antonio Reis and Pozzebon, Eliane and Sobieranski, Antonio Carlos},
 journal={Information Sciences},
 volume={582},
 pages={593--617},
 year={2022},
 publisher={Elsevier}
}

@article{ge2022facial,
 title={Facial expression recognition based on deep learning},
 author={Ge, Huilin and Zhu, Zhiyu and Dai, Yuewei and Wang, Biao and Wu, Xuedong},
 journal={Computer Methods and Programs in Biomedicine},
 volume={215},
 pages={106621},
 year={2022},
 publisher={Elsevier}
}

@inproceedings{zeng2022face2exp,
 title={Face2exp: Combating data biases for facial expression recognition},
 author={Zeng, Dan and Lin, Zhiyuan and Yan, Xiao and Liu, Yuting and Wang, Fei and Tang, Bo},
 booktitle={Proceedings of the IEEE/CVF Conference on Computer Vision and Pattern Recognition},
 pages={20291--20300},
 year={2022}
}


@inproceedings{fard2022acr,
  title={ACR loss: Adaptive coordinate-based regression loss for face alignment},
  author={Fard, Ali Pourramezan and Mahoor, Mohammah H},
  booktitle={2022 26th International Conference on Pattern Recognition (ICPR)},
  pages={1807--1814},
  year={2022},
  organization={IEEE}
}

@article{yu2022co,
 title={Co-attentive multi-task convolutional neural network for facial expression recognition},
 author={Yu, Wenmeng and Xu, Hua},
 journal={Pattern Recognition},
 volume={123},
 pages={108401},
 year={2022},
 publisher={Elsevier}
}

@inproceedings{psaroudakis2022mixaugment,
 title={Mixaugment \& mixup: Augmentation methods for facial expression recognition},
 author={Psaroudakis, Andreas and Kollias, Dimitrios},
 booktitle={Proceedings of the IEEE/CVF Conference on Computer Vision and Pattern Recognition},
 pages={2367--2375},
 year={2022}
}

@article{nan2022mobilenet,
 title={A-MobileNet: An approach of facial expression recognition},
 author={Nan, Yahui and Ju, Jianguo and Hua, Qingyi and Zhang, Haoming and Wang, Bo},
 journal={Alexandria Engineering Journal},
 volume={61},
 number={6},
 pages={4435--4444},
 year={2022},
 publisher={Elsevier}
}

@inproceedings{li2022towards,
 title={Towards semi-supervised deep facial expression recognition with an adaptive confidence margin},
 author={Li, Hangyu and Wang, Nannan and Yang, Xi and Wang, Xiaoyu and Gao, Xinbo},
 booktitle={Proceedings of the IEEE/CVF Conference on Computer Vision and Pattern Recognition},
 pages={4166--4175},
 year={2022}
}

@inproceedings{tan2019efficientnet,
 title={Efficientnet: Rethinking model scaling for convolutional neural networks},
 author={Tan, Mingxing and Le, Quoc},
 booktitle={International conference on machine learning},
 pages={6105--6114},
 year={2019},
 organization={PMLR}
}

@article{zhang2022improving,
 title={Improving the facial expression recognition and its interpretability via generating expression pattern-map},
 author={Zhang, Jing and Yu, Huimin},
 journal={Pattern Recognition},
 volume={129},
 pages={108737},
 year={2022},
 publisher={Elsevier}
}

@article{liu2023joint,
 title={Joint spatial and scale attention network for multi-view facial expression recognition},
 author={Liu, Yuanyuan and Peng, Jiyao and Dai, Wei and Zeng, Jiabei and Shan, Shiguang},
 journal={Pattern Recognition},
 volume={139},
 pages={109496},
 year={2023},
 publisher={Elsevier}
}

@article{gao2023ssa,
 title={SSA-ICL: Multi-domain adaptive attention with intra-dataset continual learning for Facial expression recognition},
 author={Gao, Hongxiang and Wu, Min and Chen, Zhenghua and Li, Yuwen and Wang, Xingyao and An, Shan and Li, Jianqing and Liu, Chengyu},
 journal={Neural Networks},
 volume={158},
 pages={228--238},
 year={2023},
 publisher={Elsevier}
}

@article{gera2022cern,
 title={CERN: Compact facial expression recognition net},
 author={Gera, Darshan and Balasubramanian, S and Jami, Anwesh},
 journal={Pattern Recognition Letters},
 volume={155},
 pages={9--18},
 year={2022},
 publisher={Elsevier}
}

@article{lang2022multi,
 title={Multi-stage and multi-branch network with similar expressions label distribution learning for facial expression recognition},
 author={Lang, Junjie and Sun, Xiao and Li, Jia and Wang, Meng},
 journal={Pattern Recognition Letters},
 volume={163},
 pages={17--24},
 year={2022},
 publisher={Elsevier}
}

@article{ma2022relation,
 title={Relation and context augmentation network for facial expression recognition},
 author={Ma, Xin and Ma, Yingdong},
 journal={Image and Vision Computing},
 volume={127},
 pages={104556},
 year={2022},
 publisher={Elsevier}
}

@inproceedings{liu2022uncertain,
 title={Uncertain label correction via auxiliary action unit graphs for facial expression recognition},
 author={Liu, Yang and Zhang, Xingming and Kauttonen, Janne and Zhao, Guoying},
 booktitle={2022 26th International Conference on Pattern Recognition (ICPR)},
 pages={777--783},
 year={2022},
 organization={IEEE}
}

@inproceedings{savchenko2022video,
 title={Video-based frame-level facial analysis of affective behavior on mobile devices using EfficientNets},
 author={Savchenko, Andrey V},
 booktitle={Proceedings of the IEEE/CVF Conference on Computer Vision and Pattern Recognition},
 pages={2359--2366},
 year={2022}
}

@article{zheng2022poster,
 title={POSTER: A Pyramid Cross-Fusion Transformer Network for Facial Expression Recognition},
 author={Zheng, Ce and Mendieta, Matias and Chen, Chen},
 journal={arXiv preprint arXiv:2204.04083},
 year={2022}
}

@article{dominguez2022assessing,
 title={Assessing Demographic Bias Transfer from Dataset to Model: A Case Study in Facial Expression Recognition},
 author={Dominguez-Catena, Iris and Paternain, Daniel and Galar, Mikel},
 journal={arXiv preprint arXiv:2205.10049},
 year={2022}
}

@article{su2022using,
 title={Using attention LSGB network for facial expression recognition},
 author={Su, Chan and Wei, Jianguo and Lin, Deyu and Kong, Linghe},
 journal={Pattern Analysis and Applications},
 pages={1--11},
 year={2022},
 publisher={Springer}
}

@article{heidari2022learning,
 title={Learning Diversified Feature Representations for Facial Expression Recognition in the Wild},
 author={Heidari, Negar and Iosifidis, Alexandros},
 journal={arXiv preprint arXiv:2210.09381},
 year={2022}
}

@article{gong2023mpcsan,
 title={MPCSAN: multi-head parallel channel-spatial attention network for facial expression recognition in the wild},
 author={Gong, Weijun and Qian, Yurong and Fan, Yingying},
 journal={Neural Computing and Applications},
 volume={35},
 number={9},
 pages={6529--6543},
 year={2023},
 publisher={Springer}
}

@article{wang2022bias,
 title={Bias-Based Soft Label Learning for Facial Expression Recognition},
 author={Wang, Shanmin and Shuai, Hui and Liu, Chengguang and Liu, Qingshan},
 journal={IEEE Transactions on Affective Computing},
 year={2022},
 publisher={IEEE}
}

@article{jiang2021boosting,
 title={Boosting facial expression recognition by a semi-supervised progressive teacher},
 author={Jiang, Jing and Deng, Weihong},
 journal={IEEE Transactions on Affective Computing},
 year={2021},
 publisher={IEEE}
}

@inproceedings{she2021dive,
 title={Dive into ambiguity: Latent distribution mining and pairwise uncertainty estimation for facial expression recognition},
 author={She, Jiahui and Hu, Yibo and Shi, Hailin and Wang, Jun and Shen, Qiu and Mei, Tao},
 booktitle={Proceedings of the IEEE/CVF conference on computer vision and pattern recognition},
 pages={6248--6257},
 year={2021}
}

@article{zhang2021delving,
 title={Delving deep into label smoothing},
 author={Zhang, Chang-Bin and Jiang, Peng-Tao and Hou, Qibin and Wei, Yunchao and Han, Qi and Li, Zhen and Cheng, Ming-Ming},
 journal={IEEE Transactions on Image Processing},
 volume={30},
 pages={5984--5996},
 year={2021},
 publisher={IEEE}
}

@inproceedings{han2019deep,
 title={Deep self-learning from noisy labels},
 author={Han, Jiangfan and Luo, Ping and Wang, Xiaogang},
 booktitle={Proceedings of the IEEE/CVF international conference on computer vision},
 pages={5138--5147},
 year={2019}
}

@inproceedings{hasani2019bounded,
 title={Bounded residual gradient networks (breg-net) for facial affect computing},
 author={Hasani, Behzad and Negi, Pooran Singh and Mahoor, Mohammad H},
 booktitle={2019 14th IEEE International Conference on Automatic Face \& Gesture Recognition (FG 2019)},
 pages={1--7},
 year={2019},
 organization={IEEE}
}

@inproceedings{wen2016discriminative,
  title={A discriminative feature learning approach for deep face recognition},
  author={Wen, Yandong and Zhang, Kaipeng and Li, Zhifeng and Qiao, Yu},
  booktitle={Computer Vision--ECCV 2016: 14th European Conference, Amsterdam, The Netherlands, October 11--14, 2016, Proceedings, Part VII 14},
  pages={499--515},
  year={2016},
  organization={Springer}
}

@inproceedings{li2019separate,
  title={Separate loss for basic and compound facial expression recognition in the wild},
  author={Li, Yingjian and Lu, Yao and Li, Jinxing and Lu, Guangming},
  booktitle={Asian conference on machine learning},
  pages={897--911},
  year={2019},
  organization={PMLR}
}



@inproceedings{liu2017adaptive,
  title={Adaptive deep metric learning for identity-aware facial expression recognition},
  author={Liu, Xiaofeng and Vijaya Kumar, BVK and You, Jane and Jia, Ping},
  booktitle={Proceedings of the IEEE conference on computer vision and pattern recognition workshops},
  pages={20--29},
  year={2017}
}

@inproceedings{farzaneh2020discriminant,
  title={Discriminant distribution-agnostic loss for facial expression recognition in the wild},
  author={Farzaneh, Amir Hossein and Qi, Xiaojun},
  booktitle={Proceedings of the IEEE/CVF conference on computer vision and pattern recognition workshops},
  pages={406--407},
  year={2020}
}

@article{gong2022effective,
  title={Effective attention feature reconstruction loss for facial expression recognition in the wild},
  author={Gong, Weijun and Fan, Yingying and Qian, Yurong},
  journal={Neural Computing and Applications},
  volume={34},
  number={12},
  pages={10175--10187},
  year={2022},
  publisher={Springer}
}

@inproceedings{kollias2023multi,
  title={Multi-Label Compound Expression Recognition: C-EXPR Database \& Network},
  author={Kollias, Dimitrios},
  booktitle={Proceedings of the IEEE/CVF Conference on Computer Vision and Pattern Recognition},
  pages={5589--5598},
  year={2023}
}

@inproceedings{liu2022mafw,
  title={MAFW: A Large-scale, Multi-modal, Compound Affective Database for Dynamic Facial Expression Recognition in the Wild},
  author={Liu, Yuanyuan and Dai, Wei and Feng, Chuanxu and Wang, Wenbin and Yin, Guanghao and Zeng, Jiabei and Shan, Shiguang},
  booktitle={Proceedings of the 30th ACM International Conference on Multimedia},
  pages={24--32},
  year={2022}
}

@article{guo2018dominant,
  title={Dominant and complementary emotion recognition from still images of faces},
  author={Guo, Jianzhu and Lei, Zhen and Wan, Jun and Avots, Egils and Hajarolasvadi, Noushin and Knyazev, Boris and Kuharenko, Artem and Junior, Julio C Silveira Jacques and Bar{\'o}, Xavier and Demirel, Hasan and others},
  journal={IEEE Access},
  volume={6},
  pages={26391--26403},
  year={2018},
  publisher={IEEE}
}

@article{du2014compound,
  title={Compound facial expressions of emotion},
  author={Du, Shichuan and Tao, Yong and Martinez, Aleix M},
  journal={Proceedings of the national academy of sciences},
  volume={111},
  number={15},
  pages={E1454--E1462},
  year={2014},
  publisher={National Acad Sciences}
}

@article{gong2024enhanced,
  title={Enhanced spatial-temporal learning network for dynamic facial expression recognition},
  author={Gong, Weijun and Qian, Yurong and Zhou, Weihang and Leng, Hongyong},
  journal={Biomedical Signal Processing and Control},
  volume={88},
  pages={105316},
  year={2024},
  publisher={Elsevier}
}

@inproceedings{chang2024libreface,
  title={LibreFace: An Open-Source Toolkit for Deep Facial Expression Analysis},
  author={Chang, Di and Yin, Yufeng and Li, Zongjian and Tran, Minh and Soleymani, Mohammad},
  booktitle={Proceedings of the IEEE/CVF Winter Conference on Applications of Computer Vision},
  pages={8205--8215},
  year={2024}
}

@article{li2023fg,
  title={FG-AGR: Fine-grained associative graph representation for facial expression recognition in the wild},
  author={Li, Chunlei and Li, Xiao and Wang, Xueping and Huang, Di and Liu, Zhoufeng and Liao, Liang},
  journal={IEEE Transactions on Circuits and Systems for Video Technology},
  year={2023},
  publisher={IEEE}
}

@article{xiong2024adaptive,
  title={Adaptive graph-based feature normalization for facial expression recognition},
  author={Xiong, Yu-Jie and Wang, Qingqing and Du, Yangtao and Lu, Yue},
  journal={Engineering Applications of Artificial Intelligence},
  volume={129},
  pages={107623},
  year={2024},
  publisher={Elsevier}
}

@article{tao2024hierarchical,
  title={Hierarchical attention network with progressive feature fusion for facial expression recognition},
  author={Tao, Huanjie and Duan, Qianyue},
  journal={Neural Networks},
  volume={170},
  pages={337--348},
  year={2024},
  publisher={Elsevier}
}

@article{chen2023multi,
  title={Multi-relations aware network for in-the-wild facial expression recognition},
  author={Chen, Dongliang and Wen, Guihua and Li, Huihui and Chen, Rui and Li, Cheng},
  journal={IEEE Transactions on Circuits and Systems for Video Technology},
  year={2023},
  publisher={IEEE}
}

@article{liu2023patch,
  title={Patch attention convolutional vision transformer for facial expression recognition with occlusion},
  author={Liu, Chang and Hirota, Kaoru and Dai, Yaping},
  journal={Information Sciences},
  volume={619},
  pages={781--794},
  year={2023},
  publisher={Elsevier}
}

@article{zhang2023enhanced,
  title={Enhanced discriminative global-local feature learning with priority for facial expression recognition},
  author={Zhang, Ziyang and Tian, Xiang and Zhang, Yuan and Guo, Kailing and Xu, Xiangmin},
  journal={Information Sciences},
  volume={630},
  pages={370--384},
  year={2023},
  publisher={Elsevier}
}

@article{liu2023uncertain,
  title={Uncertain Facial Expression Recognition via Multi-task Assisted Correction},
  author={Liu, Yang and Zhang, Xingming and Kauttonen, Janne and Zhao, Guoying},
  journal={IEEE Transactions on Multimedia},
  year={2023},
  publisher={IEEE}
}

@inproceedings{di2024pros,
  title={ProS: Facial Omni-Representation Learning via Prototype-based Self-Distillation},
  author={Di, Xing and Zheng, Yiyu and Liu, Xiaoming and Cheng, Yu},
  booktitle={Proceedings of the IEEE/CVF Winter Conference on Applications of Computer Vision},
  pages={6087--6098},
  year={2024}
}

@inproceedings{lee2024hard,
  title={Hard Sample-Aware Consistency for Low-Resolution Facial Expression Recognition},
  author={Lee, Bokyeung and Ko, Kyungdeuk and Hong, Jonghwan and Ko, Hanseok},
  booktitle={Proceedings of the IEEE/CVF Winter Conference on Applications of Computer Vision},
  pages={199--208},
  year={2024}
}

@inproceedings{cho2024rmfer,
  title={RMFER: Semi-Supervised Contrastive Learning for Facial Expression Recognition With Reaction Mashup Video},
  author={Cho, Yunseong and Kim, Chanwoo and Cho, Hoseong and Ku, Yunhoe and Kim, Eunseo and Boboev, Muhammadjon and Lee, Joonseok and Baek, Seungryul},
  booktitle={Proceedings of the IEEE/CVF Winter Conference on Applications of Computer Vision},
  pages={5913--5922},
  year={2024}
}

@article{mollahosseini2017affectnet,
 title={Affectnet: A database for facial expression, valence, and arousal computing in the wild},
 author={Mollahosseini, Ali and Hasani, Behzad and Mahoor, Mohammad H},
 journal={IEEE Transactions on Affective Computing},
 volume={10},
 number={1},
 pages={18--31},
 year={2017},
 publisher={IEEE}
}

@article{martinez2017automatic,
 title={Automatic analysis of facial actions: A survey},
 author={Martinez, Brais and Valstar, Michel F and Jiang, Bihan and Pantic, Maja},
 journal={IEEE transactions on affective computing},
 volume={10},
 number={3},
 pages={325--347},
 year={2017},
 publisher={IEEE}
}

@article{ekman1971constants,
 title={Constants across cultures in the face and emotion.},
 author={Ekman, Paul and Friesen, Wallace V},
 journal={Journal of personality and social psychology},
 volume={17},
 number={2},
 pages={124},
 year={1971},
 publisher={American Psychological Association}
}

@article{kingma2014adam,
 title={Adam: A method for stochastic optimization},
 author={Kingma, Diederik P and Ba, Jimmy},
 journal={arXiv preprint arXiv:1412.6980},
 year={2014}
}

@article{Rothe-IJCV-2018, author = {Rasmus Rothe and Radu Timofte and Luc Van Gool}, title = {Deep
expectation of real and apparent age from a single image without facial landmarks}, journal = {International
Journal of Computer Vision},volume={126}, number={2-4}, pages={144â€“157}, year={2018}, publisher={Springer}}

@inproceedings{fard2021asmnet,
 title={ASMNet: A lightweight deep neural network for face alignment and pose estimation},
 author={Fard, Ali Pourramezan and Abdollahi, Hojjat and Mahoor, Mohammad},
 booktitle={Proceedings of the IEEE/CVF Conference on Computer Vision and Pattern Recognition},
 pages={1521--1530},
 year={2021}
}

@article{barrett2019emotional,
 title={Emotional expressions reconsidered: Challenges to inferring emotion from human facial movements},
 author={Barrett, Lisa Feldman and Adolphs, Ralph and Marsella, Stacy and Martinez, Aleix M and Pollak, Seth D},
 journal={Psychological science in the public interest},
 volume={20},
 number={1},
 pages={1--68},
 year={2019},
 publisher={Sage Publications Sage CA: Los Angeles, CA}
}

@article{matsumoto2019handbook,
 title={The handbook of culture and psychology},
 author={Matsumoto, David Ed and Hwang, Hyisung C},
 year={2019},
 publisher={Oxford University Press}
}

@book{matsumoto2001handbook,
 title={The handbook of culture and psychology},
 author={Matsumoto, David},
 year={2001},
 publisher={Oxford University Press}
}

@article{yang2015empirical,
  title={An empirical study of recent face alignment methods},
  author={Yang, Heng and Jia, Xuhui and Loy, Chen Change and Robinson, Peter},
  journal={arXiv preprint arXiv:1511.05049},
  year={2015}
}

@article{xue2022vision,
 title={Vision Transformer with Attentive Pooling for Robust Facial Expression Recognition},
 author={Xue, Fanglei and Wang, Qiangchang and Tan, Zichang and Ma, Zhongsong and Guo, Guodong},
 journal={IEEE Transactions on Affective Computing},
 year={2022},
 publisher={IEEE}
}

@article{fang2018seeing,
  title={Seeing mixed emotions: The specificity of emotion perception from static and dynamic facial expressions across cultures},
  author={Fang, Xia and Sauter, Disa A and Van Kleef, Gerben A},
  journal={Journal of Cross-Cultural Psychology},
  volume={49},
  number={1},
  pages={130--148},
  year={2018},
  publisher={Sage Publications Sage CA: Los Angeles, CA}
}


@article{yang2022face,
 title={Face-mask-aware Facial Expression Recognition based on Face Parsing and Vision Transformer},
 author={Yang, Bo and Wu, Jianming and Ikeda, Kazushi and Hattori, Gen and Sugano, Masaru and Iwasawa, Yusuke and Matsuo, Yutaka},
 journal={Pattern Recognition Letters},
 volume={164},
 pages={173--182},
 year={2022},
 publisher={Elsevier}
}

@inproceedings{dosovitskiyimage,
 title={An Image is Worth 16x16 Words: Transformers for Image Recognition at Scale},
 author={Dosovitskiy, Alexey and Beyer, Lucas and Kolesnikov, Alexander and Weissenborn, Dirk and Zhai, Xiaohua and Unterthiner, Thomas and Dehghani, Mostafa and Minderer, Matthias and Heigold, Georg and Gelly, Sylvain and others},
 booktitle={International Conference on Learning Representations}
}

% old methods = > 

@article{tian2001recognizing,
 title={Recognizing action units for facial expression analysis},
 author={Tian, Y-I and Kanade, Takeo and Cohn, Jeffrey F},
 journal={IEEE Transactions on pattern analysis and machine intelligence},
 volume={23},
 number={2},
 pages={97--115},
 year={2001},
 publisher={IEEE}
}
@article{shan2009facial,
 title={Facial expression recognition based on local binary patterns: A comprehensive study},
 author={Shan, Caifeng and Gong, Shaogang and McOwan, Peter W},
 journal={Image and vision Computing},
 volume={27},
 number={6},
 pages={803--816},
 year={2009},
 publisher={Elsevier}
}

@inproceedings{zhong2012learning,
 title={Learning active facial patches for expression analysis},
 author={Zhong, Lin and Liu, Qingshan and Yang, Peng and Liu, Bo and Huang, Junzhou and Metaxas, Dimitris N},
 booktitle={2012 IEEE Conference on Computer Vision and Pattern Recognition},
 pages={2562--2569},
 year={2012},
 organization={IEEE}
}

@article{zhao2007dynamic,
 title={Dynamic texture recognition using local binary patterns with an application to facial expressions},
 author={Zhao, Guoying and Pietikainen, Matti},
 journal={IEEE transactions on pattern analysis and machine intelligence},
 volume={29},
 number={6},
 pages={915--928},
 year={2007},
 publisher={IEEE}
}

@article{ekman1999basic,
 title={Basic emotions},
 author={Ekman, Paul and others},
 journal={Handbook of cognition and emotion},
 volume={98},
 number={45-60},
 pages={16},
 year={1999}
}

@article{ekman1987universals,
 title={Universals and cultural differences in the judgments of facial expressions of emotion.},
 author={Ekman, Paul and Friesen, Wallace V and O'sullivan, Maureen and Chan, Anthony and Diacoyanni-Tarlatzis, Irene and Heider, Karl and Krause, Rainer and LeCompte, William Ayhan and Pitcairn, Tom and Ricci-Bitti, Pio E and others},
 journal={Journal of personality and social psychology},
 number={4},
 pages={712},
 year={1987},
 publisher={American Psychological Association}
}

@article{kret2015emotional,
 title={Emotional expressions beyond facial muscle actions. A call for studying autonomic signals and their impact on social perception},
 author={Kret, Mariska E},
 journal={Frontiers in psychology},
 volume={6},
 pages={711},
 year={2015},
 publisher={Frontiers Media SA}
}

@inproceedings{nicolaou2010audio,
 title={Audio-visual classification and fusion of spontaneous affective data in likelihood space},
 author={Nicolaou, Mihalis A and Gunes, Hatice and Pantic, Maja},
 booktitle={2010 20th International Conference on Pattern Recognition},
 pages={3695--3699},
 year={2010},
 organization={IEEE}
}

@inproceedings{dhall2013emotion,
 title={Emotion recognition in the wild challenge 2013},
 author={Dhall, Abhinav and Goecke, Roland and Joshi, Jyoti and Wagner, Michael and Gedeon, Tom},
 booktitle={Proceedings of the 15th ACM on International conference on multimodal interaction},
 pages={509--516},
 year={2013}
}

@inproceedings{mollahosseini2016facial,
 title={Facial expression recognition from world wild web},
 author={Mollahosseini, Ali and Hasani, Behzad and Salvador, Michelle J and Abdollahi, Hojjat and Chan, David and Mahoor, Mohammad H},
 booktitle={Proceedings of the IEEE conference on computer vision and pattern recognition workshops},
 pages={58--65},
 year={2016}
}

@inproceedings{lyons1998coding,
 title={Coding facial expressions with gabor wavelets},
 author={Lyons, Michael and Akamatsu, Shigeru and Kamachi, Miyuki and Gyoba, Jiro},
 booktitle={Proceedings Third IEEE international conference on automatic face and gesture recognition},
 pages={200--205},
 year={1998},
 organization={IEEE}
}

@inproceedings{zhang2013high,
 title={A high-resolution spontaneous 3d dynamic facial expression database},
 author={Zhang, Xing and Yin, Lijun and Cohn, Jeffrey F and Canavan, Shaun and Reale, Michael and Horowitz, Andy and Liu, Peng},
 booktitle={2013 10th IEEE international conference and workshops on automatic face and gesture recognition (FG)},
 pages={1--6},
 year={2013},
 organization={IEEE}
}

@inproceedings{cheng20184dfab,
 title={4dfab: A large scale 4d database for facial expression analysis and biometric applications},
 author={Cheng, Shiyang and Kotsia, Irene and Pantic, Maja and Zafeiriou, Stefanos},
 booktitle={Proceedings of the IEEE conference on computer vision and pattern recognition},
 pages={5117--5126},
 year={2018}
}

@article{sneddon2011belfast,
 title={The belfast induced natural emotion database},
 author={Sneddon, Ian and McRorie, Margaret and McKeown, Gary and Hanratty, Jennifer},
 journal={IEEE Transactions on Affective Computing},
 volume={3},
 number={1},
 pages={32--41},
 year={2011},
 publisher={IEEE}
}

@article{cheng2010facial,
 title={Facial expression recognition in JAFFE dataset based on Gaussian process classification},
 author={Cheng, Fei and Yu, Jiangsheng and Xiong, Huilin},
 journal={IEEE Transactions on Neural Networks},
 volume={21},
 number={10},
 pages={1685--1690},
 year={2010},
 publisher={IEEE}
}

@article{kollias2018aff,
 title={Aff-wild2: Extending the aff-wild database for affect recognition},
 author={Kollias, Dimitrios and Zafeiriou, Stefanos},
 journal={arXiv preprint arXiv:1811.07770},
 year={2018}
}

@inproceedings{dhall2011static,
 title={Static facial expression analysis in tough conditions: Data, evaluation protocol and benchmark},
 author={Dhall, Abhinav and Goecke, Roland and Lucey, Simon and Gedeon, Tom},
 booktitle={2011 IEEE international conference on computer vision workshops (ICCV workshops)},
 pages={2106--2112},
 year={2011},
 organization={IEEE}
}

@inproceedings{gan2022feafa+,
 title={FEAFA+: an extended well-annotated dataset for facial expression analysis and 3D facial animation},
 author={Gan, Wei and Xue, Jian and Lu, Ke and Yan, Yanfu and Gao, Pengcheng and Lyu, Jiayi},
 booktitle={Fourteenth International Conference on Digital Image Processing (ICDIP 2022)},
 volume={12342},
 pages={307--316},
 year={2022},
 organization={SPIE}
}

@article{ouellet2014real,
 title={Real-time emotion recognition for gaming using deep convolutional network features},
 author={Ouellet, S{\'e}bastien},
 journal={arXiv preprint arXiv:1408.3750},
 year={2014}
}

@inproceedings{liu2013aware,
 title={Au-aware deep networks for facial expression recognition},
 author={Liu, Mengyi and Li, Shaoxin and Shan, Shiguang and Chen, Xilin},
 booktitle={2013 10th IEEE international conference and workshops on automatic face and gesture recognition (FG)},
 pages={1--6},
 year={2013},
 organization={IEEE}
}

@inproceedings{kumawat2019lbvcnn,
 title={LBVCNN: Local binary volume convolutional neural network for facial expression recognition from image sequences},
 author={Kumawat, Sudhakar and Verma, Manisha and Raman, Shanmuganathan},
 booktitle={Proceedings of the IEEE/CVF Conference on Computer Vision and Pattern Recognition Workshops},
 pages={0--0},
 year={2019}
}

@article{zhang2017facial,
 title={Facial expression recognition based on deep evolutional spatial-temporal networks},
 author={Zhang, Kaihao and Huang, Yongzhen and Du, Yong and Wang, Liang},
 journal={IEEE Transactions on Image Processing},
 volume={26},
 number={9},
 pages={4193--4203},
 year={2017},
 publisher={IEEE}
}

@inproceedings{liu2014facial,
 title={Facial expression recognition via a boosted deep belief network},
 author={Liu, Ping and Han, Shizhong and Meng, Zibo and Tong, Yan},
 booktitle={Proceedings of the IEEE conference on computer vision and pattern recognition},
 pages={1805--1812},
 year={2014}
}

@inproceedings{hamester2015face,
 title={Face expression recognition with a 2-channel convolutional neural network},
 author={Hamester, Dennis and Barros, Pablo and Wermter, Stefan},
 booktitle={2015 international joint conference on neural networks (IJCNN)},
 pages={1--8},
 year={2015},
 organization={IEEE}
}

@inproceedings{hasani2017facial,
 title={Facial expression recognition using enhanced deep 3D convolutional neural networks},
 author={Hasani, Behzad and Mahoor, Mohammad H},
 booktitle={Proceedings of the IEEE conference on computer vision and pattern recognition workshops},
 pages={30--40},
 year={2017}
}

@inproceedings{yang2018facial,
 title={Facial expression recognition by de-expression residue learning},
 author={Yang, Huiyuan and Ciftci, Umur and Yin, Lijun},
 booktitle={Proceedings of the IEEE conference on computer vision and pattern recognition},
 pages={2168--2177},
 year={2018}
}

@article{liu2019hard,
 title={Hard negative generation for identity-disentangled facial expression recognition},
 author={Liu, Xiaofeng and Kumar, BVK Vijaya and Jia, Ping and You, Jane},
 journal={Pattern Recognition},
 volume={88},
 pages={1--12},
 year={2019},
 publisher={Elsevier}
}

@article{wang2019novel,
 title={A novel dynamic model capturing spatial and temporal patterns for facial expression analysis},
 author={Wang, Shangfei and Zheng, Zhuangqiang and Yin, Shi and Yang, Jiajia and Ji, Qiang},
 journal={IEEE transactions on pattern analysis and machine intelligence},
 volume={42},
 number={9},
 pages={2082--2095},
 year={2019},
 publisher={IEEE}
}

@inproceedings{ding2017facenet2expnet,
 title={Facenet2expnet: Regularizing a deep face recognition net for expression recognition},
 author={Ding, Hui and Zhou, Shaohua Kevin and Chellappa, Rama},
 booktitle={2017 12th IEEE International Conference on Automatic Face \& Gesture Recognition (FG 2017)},
 pages={118--126},
 year={2017},
 organization={IEEE}
}

@article{georgescu2019local,
 title={Local learning with deep and handcrafted features for facial expression recognition},
 author={Georgescu, Mariana-Iuliana and Ionescu, Radu Tudor and Popescu, Marius},
 journal={IEEE Access},
 volume={7},
 pages={64827--64836},
 year={2019},
 publisher={IEEE}
}

@inproceedings{kim2016fusing,
 title={Fusing aligned and non-aligned face information for automatic affect recognition in the wild: a deep learning approach},
 author={Kim, Bo-Kyeong and Dong, Suh-Yeon and Roh, Jihyeon and Kim, Geonmin and Lee, Soo-Young},
 booktitle={Proceedings of the IEEE Conference on Computer Vision and Pattern Recognition Workshops},
 pages={48--57},
 year={2016}
}

@inproceedings{guo2016deep,
 title={Deep neural networks with relativity learning for facial expression recognition},
 author={Guo, Yanan and Tao, Dapeng and Yu, Jun and Xiong, Hao and Li, Yaotang and Tao, Dacheng},
 booktitle={2016 IEEE International Conference on Multimedia \& Expo Workshops (ICMEW)},
 pages={1--6},
 year={2016},
 organization={IEEE}
}

@inproceedings{kuo2018compact,
 title={A compact deep learning model for robust facial expression recognition},
 author={Kuo, Chieh-Ming and Lai, Shang-Hong and Sarkis, Michel},
 booktitle={Proceedings of the IEEE conference on computer vision and pattern recognition workshops},
 pages={2121--2129},
 year={2018}
}

@inproceedings{kumawat2019lbvcnn,
 title={LBVCNN: Local binary volume convolutional neural network for facial expression recognition from image sequences},
 author={Kumawat, Sudhakar and Verma, Manisha and Raman, Shanmuganathan},
 booktitle={Proceedings of the IEEE/CVF Conference on Computer Vision and Pattern Recognition Workshops},
 pages={0--0},
 year={2019}
}

@inproceedings{vielzeuf2017temporal,
 title={Temporal multimodal fusion for video emotion classification in the wild},
 author={Vielzeuf, Valentin and Pateux, St{\'e}phane and Jurie, Fr{\'e}d{\'e}ric},
 booktitle={Proceedings of the 19th ACM International Conference on Multimodal Interaction},
 pages={569--576},
 year={2017}
}

@inproceedings{fan2016video,
 title={Video-based emotion recognition using CNN-RNN and C3D hybrid networks},
 author={Fan, Yin and Lu, Xiangju and Li, Dian and Liu, Yuanliu},
 booktitle={Proceedings of the 18th ACM international conference on multimodal interaction},
 pages={445--450},
 year={2016}
}

@article{liu2022clip,
 title={Clip-aware expressive feature learning for video-based facial expression recognition},
 author={Liu, Yuanyuan and Feng, Chuanxu and Yuan, Xiaohui and Zhou, Lin and Wang, Wenbin and Qin, Jie and Luo, Zhongwen},
 journal={Information Sciences},
 volume={598},
 pages={182--195},
 year={2022},
 publisher={Elsevier}
}

article{yu2022co,
 title={Co-attentive multi-task convolutional neural network for facial expression recognition},
 author={Yu, Wenmeng and Xu, Hua},
 journal={Pattern Recognition},
 volume={123},
 pages={108401},
 year={2022},
 publisher={Elsevier}
}

@article{ma2022multi,
 title={Multi-level knowledge distillation for low-resolution object detection and facial expression recognition},
 author={Ma, Tingsong and Tian, Wenhong and Xie, Yuanlun},
 journal={Knowledge-Based Systems},
 volume={240},
 pages={108136},
 year={2022},
 publisher={Elsevier}
}

@article{zhu2022convolutional,
 title={Convolutional relation network for facial expression recognition in the wild with few-shot learning},
 author={Zhu, Qing and Mao, Qirong and Jia, Hongjie and Noi, Ocquaye Elias Nii and Tu, Juanjuan},
 journal={Expert Systems with Applications},
 volume={189},
 pages={116046},
 year={2022},
 publisher={Elsevier}
}

@article{savchenko2022classifying,
 title={Classifying emotions and engagement in online learning based on a single facial expression recognition neural network},
 author={Savchenko, Andrey V and Savchenko, Lyudmila V and Makarov, Ilya},
 journal={IEEE Transactions on Affective Computing},
 volume={13},
 number={4},
 pages={2132--2143},
 year={2022},
 publisher={IEEE}
}

@article{bisogni2022impact,
 title={Impact of deep learning approaches on facial expression recognition in healthcare industries},
 author={Bisogni, Carmen and Castiglione, Aniello and Hossain, Sanoar and Narducci, Fabio and Umer, Saiyed},
 journal={IEEE Transactions on Industrial Informatics},
 volume={18},
 number={8},
 pages={5619--5627},
 year={2022},
 publisher={IEEE}
}

@article{cai2022probabilistic,
 title={Probabilistic Attribute Tree Structured Convolutional Neural Networks for Facial Expression Recognition in the Wild},
 author={Cai, Jie and Meng, Zibo and Khan, Ahmed Shehab and Li, Zhiyuan and O'Reilly, James and Tong, Yan},
 journal={IEEE Transactions on Affective Computing},
 year={2022},
 publisher={IEEE}
}

@article{zhao2022spatial,
 title={Spatial-Temporal Graphs Plus Transformers for Geometry-Guided Facial Expression Recognition},
 author={Zhao, Rui and Liu, Tianshan and Huang, Zixun and Lun, Daniel PK and Lam, Kin-Man},
 journal={IEEE Transactions on Affective Computing},
 year={2022},
 publisher={IEEE}
}

@article{arnaud2022thin,
 title={Thin: Throwable information networks and application for facial expression recognition in the wild},
 author={Arnaud, Estephe and Dapogny, Arnaud and Bailly, Kevin},
 journal={IEEE Transactions on Affective Computing},
 year={2022},
 publisher={IEEE}
}

@article{sun2023discriminatively,
 title={A discriminatively deep fusion approach with improved conditional GAN (im-cGAN) for facial expression recognition},
 author={Sun, Zhe and Zhang, Hehao and Bai, Jiatong and Liu, Mingyang and Hu, Zhengping},
 journal={Pattern Recognition},
 volume={135},
 pages={109157},
 year={2023},
 publisher={Elsevier}
}

@article{lundqvist1998karolinska,
 title={Karolinska directed emotional faces},
 author={Lundqvist, Daniel and Flykt, Anders and {\"O}hman, Arne},
 journal={Cognition and Emotion},
 year={1998}
}

@article{kuruvayil2022emotion,
 title={Emotion recognition from facial images with simultaneous occlusion, pose and illumination variations using meta-learning},
 author={Kuruvayil, Soumya and Palaniswamy, Suja},
 journal={Journal of King Saud University-Computer and Information Sciences},
 volume={34},
 number={9},
 pages={7271--7282},
 year={2022},
 publisher={Elsevier}
}

@article{tan2022emotion,
 title={An emotion index estimation based on facial action unit prediction},
 author={Tan, Xiaohui and Fan, Yachun and Sun, Mingrui and Zhuang, Meiqi and Qu, Fangbing},
 journal={Pattern Recognition Letters},
 volume={164},
 pages={183--190},
 year={2022},
 publisher={Elsevier}
}

@inproceedings{borgalli2022deep,
 title={Deep Learning Framework for Facial Emotion Recognition using CNN Architectures},
 author={Borgalli, Rohan Appasaheb and Surve, Sunil},
 booktitle={2022 International Conference on Electronics and Renewable Systems (ICEARS)},
 pages={1777--1784},
 year={2022},
 organization={IEEE}
}

@article{kang20221d,
 title={1D convolutional autoencoder-based PPG and GSR signals for real-time emotion classification},
 author={Kang, Dong-Hyun and Kim, Deok-Hwan},
 journal={IEEE Access},
 volume={10},
 pages={91332--91345},
 year={2022},
 publisher={IEEE}
}

@article{cao2020e2,
 title={E2-capsule neural networks for facial expression recognition using AU-aware attention},
 author={Cao, Shan and Yao, Yuqian and An, Gaoyun},
 journal={IET Image Processing},
 volume={14},
 number={11},
 pages={2417--2424},
 year={2020},
 publisher={Wiley Online Library}
}

@article{rao2020recognition,
 title={Recognition of learnersâ€™ cognitive states using facial expressions in e-learning environments},
 author={Rao, Karu Prasada and Rao, MCS},
 journal={Journal of University of Shanghai for Science and Technology},
 volume={22},
 number={12},
 pages={93--103},
 year={2020}
}

@article{kartheek2022windmill,
 title={Windmill Graph based Feature Descriptors for Facial Expression Recognition},
 author={Kartheek, Mukku Nisanth and Prasad, Munaga VNK and Bhukya, Raju},
 journal={Optik},
 volume={260},
 pages={169053},
 year={2022},
 publisher={Elsevier}
}

@article{dhall2012collecting,
 title={Collecting large, richly annotated facial-expression databases from movies},
 author={Dhall, Abhinav and Goecke, Roland and Lucey, Simon and Gedeon, Tom and others},
 journal={IEEE multimedia},
 volume={19},
 number={3},
 pages={34},
 year={2012}
}

@article{ge2022facial,
 title={Facial expression recognition based on deep learning},
 author={Ge, Huilin and Zhu, Zhiyu and Dai, Yuewei and Wang, Biao and Wu, Xuedong},
 journal={Computer Methods and Programs in Biomedicine},
 volume={215},
 pages={106621},
 year={2022},
 publisher={Elsevier}
}

@inproceedings{fard2022acr,
  title={ACR loss: Adaptive coordinate-based regression loss for face alignment},
  author={Fard, Ali Pourramezan and Mahoor, Mohammah H},
  booktitle={2022 26th International Conference on Pattern Recognition (ICPR)},
  pages={1807--1814},
  year={2022},
  organization={IEEE}
}

@inproceedings{psaroudakis2022mixaugment,
 title={Mixaugment \& mixup: Augmentation methods for facial expression recognition},
 author={Psaroudakis, Andreas and Kollias, Dimitrios},
 booktitle={Proceedings of the IEEE/CVF Conference on Computer Vision and Pattern Recognition},
 pages={2367--2375},
 year={2022}
}

@inproceedings{li2022towards,
 title={Towards semi-supervised deep facial expression recognition with an adaptive confidence margin},
 author={Li, Hangyu and Wang, Nannan and Yang, Xi and Wang, Xiaoyu and Gao, Xinbo},
 booktitle={Proceedings of the IEEE/CVF Conference on Computer Vision and Pattern Recognition},
 pages={4166--4175},
 year={2022}
}

@inproceedings{he2016deep,
 title={Deep residual learning for image recognition},
 author={He, Kaiming and Zhang, Xiangyu and Ren, Shaoqing and Sun, Jian},
 booktitle={Proceedings of the IEEE conference on computer vision and pattern recognition},
 pages={770--778},
 year={2016}
}

@inproceedings{tan2019efficientnet,
 title={Efficientnet: Rethinking model scaling for convolutional neural networks},
 author={Tan, Mingxing and Le, Quoc},
 booktitle={International conference on machine learning},
 pages={6105--6114},
 year={2019},
 organization={PMLR}
}

@inproceedings{chollet2017xception,
 title={Xception: Deep learning with depthwise separable convolutions},
 author={Chollet, Fran{\c{c}}ois},
 booktitle={Proceedings of the IEEE conference on computer vision and pattern recognition},
 pages={1251--1258},
 year={2017}
}

@article{zhang2022improving,
 title={Improving the facial expression recognition and its interpretability via generating expression pattern-map},
 author={Zhang, Jing and Yu, Huimin},
 journal={Pattern Recognition},
 volume={129},
 pages={108737},
 year={2022},
 publisher={Elsevier}
}

@article{liu2023joint,
 title={Joint spatial and scale attention network for multi-view facial expression recognition},
 author={Liu, Yuanyuan and Peng, Jiyao and Dai, Wei and Zeng, Jiabei and Shan, Shiguang},
 journal={Pattern Recognition},
 volume={139},
 pages={109496},
 year={2023},
 publisher={Elsevier}
}

@article{gao2023ssa,
 title={SSA-ICL: Multi-domain adaptive attention with intra-dataset continual learning for Facial expression recognition},
 author={Gao, Hongxiang and Wu, Min and Chen, Zhenghua and Li, Yuwen and Wang, Xingyao and An, Shan and Li, Jianqing and Liu, Chengyu},
 journal={Neural Networks},
 volume={158},
 pages={228--238},
 year={2023},
 publisher={Elsevier}
}

@article{gera2022cern,
 title={CERN: Compact facial expression recognition net},
 author={Gera, Darshan and Balasubramanian, S and Jami, Anwesh},
 journal={Pattern Recognition Letters},
 volume={155},
 pages={9--18},
 year={2022},
 publisher={Elsevier}
}

@article{lang2022multi,
 title={Multi-stage and multi-branch network with similar expressions label distribution learning for facial expression recognition},
 author={Lang, Junjie and Sun, Xiao and Li, Jia and Wang, Meng},
 journal={Pattern Recognition Letters},
 volume={163},
 pages={17--24},
 year={2022},
 publisher={Elsevier}
}

@article{ma2022relation,
 title={Relation and context augmentation network for facial expression recognition},
 author={Ma, Xin and Ma, Yingdong},
 journal={Image and Vision Computing},
 volume={127},
 pages={104556},
 year={2022},
 publisher={Elsevier}
}

@inproceedings{liu2022uncertain,
 title={Uncertain label correction via auxiliary action unit graphs for facial expression recognition},
 author={Liu, Yang and Zhang, Xingming and Kauttonen, Janne and Zhao, Guoying},
 booktitle={2022 26th International Conference on Pattern Recognition (ICPR)},
 pages={777--783},
 year={2022},
 organization={IEEE}
}

@inproceedings{savchenko2022video,
 title={Video-based frame-level facial analysis of affective behavior on mobile devices using EfficientNets},
 author={Savchenko, Andrey V},
 booktitle={Proceedings of the IEEE/CVF Conference on Computer Vision and Pattern Recognition},
 pages={2359--2366},
 year={2022}
}

@article{zheng2022poster,
 title={POSTER: A Pyramid Cross-Fusion Transformer Network for Facial Expression Recognition},
 author={Zheng, Ce and Mendieta, Matias and Chen, Chen},
 journal={arXiv preprint arXiv:2204.04083},
 year={2022}
}

@article{su2022using,
 title={Using attention LSGB network for facial expression recognition},
 author={Su, Chan and Wei, Jianguo and Lin, Deyu and Kong, Linghe},
 journal={Pattern Analysis and Applications},
 pages={1--11},
 year={2022},
 publisher={Springer}
}

@article{heidari2022learning,
 title={Learning Diversified Feature Representations for Facial Expression Recognition in the Wild},
 author={Heidari, Negar and Iosifidis, Alexandros},
 journal={arXiv preprint arXiv:2210.09381},
 year={2022}
}

@article{gong2023mpcsan,
 title={MPCSAN: multi-head parallel channel-spatial attention network for facial expression recognition in the wild},
 author={Gong, Weijun and Qian, Yurong and Fan, Yingying},
 journal={Neural Computing and Applications},
 volume={35},
 number={9},
 pages={6529--6543},
 year={2023},
 publisher={Springer}
}

@article{jiang2021boosting,
 title={Boosting facial expression recognition by a semi-supervised progressive teacher},
 author={Jiang, Jing and Deng, Weihong},
 journal={IEEE Transactions on Affective Computing},
 year={2021},
 publisher={IEEE}
}

@inproceedings{she2021dive,
 title={Dive into ambiguity: Latent distribution mining and pairwise uncertainty estimation for facial expression recognition},
 author={She, Jiahui and Hu, Yibo and Shi, Hailin and Wang, Jun and Shen, Qiu and Mei, Tao},
 booktitle={Proceedings of the IEEE/CVF conference on computer vision and pattern recognition},
 pages={6248--6257},
 year={2021}
}

@article{zhang2021delving,
 title={Delving deep into label smoothing},
 author={Zhang, Chang-Bin and Jiang, Peng-Tao and Hou, Qibin and Wei, Yunchao and Han, Qi and Li, Zhen and Cheng, Ming-Ming},
 journal={IEEE Transactions on Image Processing},
 volume={30},
 pages={5984--5996},
 year={2021},
 publisher={IEEE}
}

@inproceedings{han2019deep,
 title={Deep self-learning from noisy labels},
 author={Han, Jiangfan and Luo, Ping and Wang, Xiaogang},
 booktitle={Proceedings of the IEEE/CVF international conference on computer vision},
 pages={5138--5147},
 year={2019}
}

@inproceedings{hasani2019bounded,
 title={Bounded residual gradient networks (breg-net) for facial affect computing},
 author={Hasani, Behzad and Negi, Pooran Singh and Mahoor, Mohammad H},
 booktitle={2019 14th IEEE International Conference on Automatic Face \& Gesture Recognition (FG 2019)},
 pages={1--7},
 year={2019},
 organization={IEEE}
}

  title={Effective attention feature reconstruction loss for facial expression recognition in the wild},
  author={Gong, Weijun and Fan, Yingying and Qian, Yurong},
  journal={Neural Computing and Applications},
  volume={34},
  number={12},
  pages={10175--10187},
  year={2022},
  publisher={Springer}
}

@article{du2015compound,
  title={Compound facial expressions of emotion: from basic research to clinical applications},
  author={Du, Shichuan and Martinez, Aleix M},
  journal={Dialogues in clinical neuroscience},
  volume={17},
  number={4},
  pages={443--455},
  year={2015},
  publisher={Taylor \& Francis}
}

@article{ali2019imbalance,
  title={Imbalance class problems in data mining: A review},
  author={Ali, Haseeb and Salleh, Mohd Najib Mohd and Saedudin, Rohmat and Hussain, Kashif and Mushtaq, Muhammad Faheem},
  journal={Indonesian Journal of Electrical Engineering and Computer Science},
  volume={14},
  number={3},
  pages={1560--1571},
  year={2019}
}

@article{merler2019diversity,
  title={Diversity in faces},
  author={Merler, Michele and Ratha, Nalini and Feris, Rogerio S and Smith, John R},
  journal={arXiv preprint arXiv:1901.10436},
  year={2019}
}

@inproceedings{le2023uncertainty,
  title={Uncertainty-aware label distribution learning for facial expression recognition},
  author={Le, Nhat and Nguyen, Khanh and Tran, Quang and Tjiputra, Erman and Le, Bac and Nguyen, Anh},
  booktitle={Proceedings of the IEEE/CVF Winter Conference on Applications of Computer Vision},
  pages={6088--6097},
  year={2023}
}

@article{zhang2022man,
  title={MAN: Mining ambiguity and noise for facial expression recognition in the wild},
  author={Zhang, Ziyang and Sun, Xiao and Li, Jia and Wang, Meng},
  journal={Pattern Recognition Letters},
  volume={164},
  pages={23--29},
  year={2022},
  publisher={Elsevier}
}

@article{ullah2022emotion,
  title={Emotion recognition from occluded facial images using deep ensemble model},
  author={Ullah, Zia and Mohmand, Muhammad Ismail and Rehman, Sadaqat Ur and Zubair, Muhammad and Driss, Maha and Boulila, Wadii and Sheikh, Rayan and Alwawi, Ibrahim},
  journal={Cmc-Computers Materials \& Continua},
  volume={73},
  number={3},
  pages={4465--4487},
  year={2022},
  publisher={Tech Science Press}
}

@article{simonyan2014very,
  title={Very deep convolutional networks for large-scale image recognition},
  author={Simonyan, Karen and Zisserman, Andrew},
  journal={arXiv preprint arXiv:1409.1556},
  year={2014}
}

@inproceedings{szegedy2016rethinking,
  title={Rethinking the inception architecture for computer vision},
  author={Szegedy, Christian and Vanhoucke, Vincent and Ioffe, Sergey and Shlens, Jon and Wojna, Zbigniew},
  booktitle={Proceedings of the IEEE conference on computer vision and pattern recognition},
  pages={2818--2826},
  year={2016}
}

@article{kolahdouzi2022facetoponet,
  title={FaceTopoNet: Facial expression recognition using face topology learning},
  author={Kolahdouzi, Mojtaba and Sepas-Moghaddam, Alireza and Etemad, Ali},
  journal={IEEE Transactions on Artificial Intelligence},
  year={2022},
  publisher={IEEE}
}

@article{wang2021oaenet,
  title={OAENet: Oriented attention ensemble for accurate facial expression recognition},
  author={Wang, Zhengning and Zeng, Fanwei and Liu, Shuaicheng and Zeng, Bing},
  journal={Pattern Recognition},
  volume={112},
  pages={107694},
  year={2021},
  publisher={Elsevier}
}

@article{gomez2023facial,
  title={Facial Expression Recognition in the Wild for Low-Resolution Images Using Voting Residual Network},
  author={G{\'o}mez-Sirvent, Jos{\'e} L and L{\'o}pez de la Rosa, Francisco and L{\'o}pez, Mar{\'\i}a T and Fern{\'a}ndez-Caballero, Antonio},
  journal={Electronics},
  volume={12},
  number={18},
  pages={3837},
  year={2023},
  publisher={MDPI}
}

@inproceedings{jeong2022classification,
  title={Classification of facial expression in-the-wild based on ensemble of multi-head cross attention networks},
  author={Jeong, Jae-Yeop and Hong, Yeong-Gi and Kim, Daun and Jeong, Jin-Woo and Jung, Yuchul and Kim, Sang-Ho},
  booktitle={Proceedings of the IEEE/CVF Conference on Computer Vision and Pattern Recognition},
  pages={2353--2358},
  year={2022}
}

@inproceedings{xue2021transfer,
  title={Transfer: Learning relation-aware facial expression representations with transformers},
  author={Xue, Fanglei and Wang, Qiangchang and Guo, Guodong},
  booktitle={Proceedings of the IEEE/CVF International Conference on Computer Vision},
  pages={3601--3610},
  year={2021}
}

@article{dresvyanskiy2022end,
  title={End-to-end modeling and transfer learning for audiovisual emotion recognition in-the-wild},
  author={Dresvyanskiy, Denis and Ryumina, Elena and Kaya, Heysem and Markitantov, Maxim and Karpov, Alexey and Minker, Wolfgang},
  journal={Multimodal Technologies and Interaction},
  volume={6},
  number={2},
  pages={11},
  year={2022},
  publisher={MDPI}
}

@article{rescigno2020personalized,
  title={Personalized models for facial emotion recognition through transfer learning},
  author={Rescigno, Martina and Spezialetti, Matteo and Rossi, Silvia},
  journal={Multimedia Tools and Applications},
  volume={79},
  pages={35811--35828},
  year={2020},
  publisher={Springer}
}

@article{schiller2020relevance,
  title={Relevance-based data masking: a model-agnostic transfer learning approach for facial expression recognition},
  author={Schiller, Dominik and Huber, Tobias and Dietz, Michael and Andr{\'e}, Elisabeth},
  journal={Frontiers in Computer Science},
  volume={2},
  pages={6},
  year={2020},
  publisher={Frontiers Media SA}
}

@inproceedings{kollias2023multi,
  title={Multi-Label Compound Expression Recognition: C-EXPR Database \& Network},
  author={Kollias, Dimitrios},
  booktitle={Proceedings of the IEEE/CVF Conference on Computer Vision and Pattern Recognition},
  pages={5589--5598},
  year={2023}
}

@inproceedings{liu2022mafw,
  title={MAFW: A Large-scale, Multi-modal, Compound Affective Database for Dynamic Facial Expression Recognition in the Wild},
  author={Liu, Yuanyuan and Dai, Wei and Feng, Chuanxu and Wang, Wenbin and Yin, Guanghao and Zeng, Jiabei and Shan, Shiguang},
  booktitle={Proceedings of the 30th ACM International Conference on Multimedia},
  pages={24--32},
  year={2022}
}

@article{liu2023uncertain,
  title={Uncertain Facial Expression Recognition via Multi-task Assisted Correction},
  author={Liu, Yang and Zhang, Xingming and Kauttonen, Janne and Zhao, Guoying},
  journal={IEEE Transactions on Multimedia},
  year={2023},
  publisher={IEEE}
}

@article{gan2019facial,
  title={Facial expression recognition boosted by soft label with a diverse ensemble},
  author={Gan, Yanling and Chen, Jingying and Xu, Luhui},
  journal={Pattern Recognition Letters},
  volume={125},
  pages={105--112},
  year={2019},
  publisher={Elsevier}
}


@article{liu2021facial,
  title={Facial expression recognition method with multi-label distribution learning for non-verbal behavior understanding in the classroom},
  author={Liu, Tingting and Wang, Jixin and Yang, Bing and Wang, Xuan},
  journal={Infrared Physics \& Technology},
  volume={112},
  pages={103594},
  year={2021},
  publisher={Elsevier}
}

@inproceedings{lukov2022teaching,
  title={Teaching with soft label smoothing for mitigating noisy labels in facial expressions},
  author={Lukov, Tohar and Zhao, Na and Lee, Gim Hee and Lim, Ser-Nam},
  booktitle={European Conference on Computer Vision},
  pages={648--665},
  year={2022},
  organization={Springer}
}


@inproceedings{ming2022soft,
  title={Soft Label Mining and Average Expression Anchoring for Facial Expression Recognition},
  author={Ming, Haipeng and Lu, Wenhuan and Zhang, Wei},
  booktitle={Proceedings of the Asian Conference on Computer Vision},
  pages={961--977},
  year={2022}
}

@article{jiang2023joint,
  title={Joint recognition of basic and compound facial expressions by mining latent soft labels},
  author={Jiang, Jing and Wang, Mei and Xiao, Bo and Hu, Jiani and Deng, Weihong},
  journal={Pattern Recognition},
  pages={110173},
  year={2023},
  publisher={Elsevier}
}

@article{ma2023transformer,
  title={Transformer-Augmented Network with Online Label Correction for Facial Expression Recognition},
  author={Ma, Fuyan and Sun, Bin and Li, Shutao},
  journal={IEEE Transactions on Affective Computing},
  year={2023},
  publisher={IEEE}
}

@article{de1990mechanism,
  title={The mechanism of human facial expression},
  author={de Boulogne, G-B Duchenne},
  journal={(No Title)},
  year={1990},
  publisher={Cambridge University Press}
}

@article{sun2024mc,
  title={MC-ViViT: Multi-branch Classifier-ViViT to detect Mild Cognitive Impairment in older adults using facial videos},
  author={Sun, Jian and Dodge, Hiroko Hayama and Mahoor, Mohammad H},
  journal={Expert Systems with Applications},
  volume={238},
  pages={121929},
  year={2024},
  publisher={Elsevier}
}

@article{cohn2004timing,
  title={The timing of facial motion in posed and spontaneous smiles},
  author={Cohn, Jeffrey F and Schmidt, Karen L},
  journal={International Journal of Wavelets, Multiresolution and Information Processing},
  volume={2},
  number={02},
  pages={121--132},
  year={2004},
  publisher={World Scientific}
}

@book{ekman1997face,
  title={What the face reveals: Basic and applied studies of spontaneous expression using the Facial Action Coding System (FACS)},
  author={Ekman, Paul and Rosenberg, Erika L},
  year={1997},
  publisher={Oxford University Press, USA}
}

@misc{szajnberg2022face,
  title={What the Face Reveals: Basic and Applied Studies of Spontaneous Expression Using the Facial Action Coding System (FACS)},
  author={Szajnberg, Nathan M},
  year={2022},
  publisher={SAGE Publications Sage CA: Los Angeles, CA}
}

@article{jack2009cultural,
  title={Cultural confusions show that facial expressions are not universal},
  author={Jack, Rachael E and Blais, Caroline and Scheepers, Christoph and Schyns, Philippe G and Caldara, Roberto},
  journal={Current biology},
  volume={19},
  number={18},
  pages={1543--1548},
  year={2009},
  publisher={Elsevier}
}

@article{keltner2017understanding,
  title={Understanding multimodal emotional expressions},
  author={Keltner, Dacher and Cordaro, Daniel T},
  journal={The science of facial expression},
  volume={1798},
  year={2017},
  publisher={Oxford University Press Oxford}
}

@article{dominguez2024metrics,
  title={Metrics for Dataset Demographic Bias: A Case Study on Facial Expression Recognition},
  author={Dominguez-Catena, Iris and Paternain, Daniel and Galar, Mikel},
  journal={IEEE Transactions on Pattern Analysis and Machine Intelligence},
  year={2024},
  publisher={IEEE}
}

@inproceedings{huber2024bias,
  title={Bias and Diversity in Synthetic-based Face Recognition},
  author={Huber, Marco and Luu, Anh Thi and Boutros, Fadi and Kuijper, Arjan and Damer, Naser},
  booktitle={Proceedings of the IEEE/CVF Winter Conference on Applications of Computer Vision},
  pages={6215--6226},
  year={2024}
}

@article{fard2023ganalyzer,
  title={GANalyzer: Analysis and Manipulation of GANs Latent Space for Controllable Face Synthesis},
  author={Fard, Ali Pourramezan and Mahoor, Mohammad H and Lamer, Sarah Ariel and Sweeny, Timothy},
  journal={arXiv preprint arXiv:2302.00908},
  year={2023}
}

@inproceedings{yu2023exploring,
  title={Exploring large-scale unlabeled faces to enhance facial expression recognition},
  author={Yu, Jun and Cai, Zhongpeng and Li, Renda and Zhao, Gongpeng and Xie, Guochen and Zhu, Jichao and Zhu, Wangyuan and Ling, Qiang and Wang, Lei and Wang, Cong and others},
  booktitle={Proceedings of the IEEE/CVF Conference on Computer Vision and Pattern Recognition},
  pages={5803--5810},
  year={2023}
}

@inproceedings{cheong2023causal,
  title={Causal structure learning of bias for fair affect recognition},
  author={Cheong, Jiaee and Kalkan, Sinan and Gunes, Hatice},
  booktitle={Proceedings of the IEEE/CVF Winter Conference on Applications of Computer Vision},
  pages={340--349},
  year={2023}
}

@article{dooley2024rethinking,
  title={Rethinking bias mitigation: Fairer architectures make for fairer face recognition},
  author={Dooley, Samuel and Sukthanker, Rhea and Dickerson, John and White, Colin and Hutter, Frank and Goldblum, Micah},
  journal={Advances in Neural Information Processing Systems},
  volume={36},
  year={2024}
}

@inproceedings{kolahdouzi2023toward,
  title={Toward Fair Facial Expression Recognition with Improved Distribution Alignment},
  author={Kolahdouzi, Mojtaba and Etemad, Ali},
  booktitle={Proceedings of the 25th International Conference on Multimodal Interaction},
  pages={574--583},
  year={2023}
}

@article{pagano2023bias,
  title={Bias and unfairness in machine learning models: a systematic review on datasets, tools, fairness metrics, and identification and mitigation methods},
  author={Pagano, Tiago P and Loureiro, Rafael B and Lisboa, Fernanda VN and Peixoto, Rodrigo M and Guimar{\~a}es, Guilherme AS and Cruz, Gustavo OR and Araujo, Maira M and Santos, Lucas L and Cruz, Marco AS and Oliveira, Ewerton LS and others},
  journal={Big data and cognitive computing},
  volume={7},
  number={1},
  pages={15},
  year={2023},
  publisher={MDPI}
}

@inproceedings{wang2020mitigating,
  title={Mitigating bias in face recognition using skewness-aware reinforcement learning},
  author={Wang, Mei and Deng, Weihong},
  booktitle={Proceedings of the IEEE/CVF conference on computer vision and pattern recognition},
  pages={9322--9331},
  year={2020}
}

@article{yu2024exploring,
  title={Exploring Facial Expression Recognition through Semi-Supervised Pretraining and Temporal Modeling},
  author={Yu, Jun and Wei, Zhihong and Cai, Zhongpeng},
  journal={arXiv preprint arXiv:2403.11942},
  year={2024}
}

@article{yang2024robust,
  title={Robust emotion recognition in context debiasing},
  author={Yang, Dingkang and Yang, Kun and Li, Mingcheng and Wang, Shunli and Wang, Shuaibing and Zhang, Lihua},
  journal={arXiv preprint arXiv:2403.05963},
  year={2024}
}

@article{jiang2024joint,
  title={Joint recognition of basic and compound facial expressions by mining latent soft labels},
  author={Jiang, Jing and Wang, Mei and Xiao, Bo and Hu, Jiani and Deng, Weihong},
  journal={Pattern Recognition},
  volume={148},
  pages={110173},
  year={2024},
  publisher={Elsevier}
}

@article{zhang2024leave,
  title={Leave No Stone Unturned: Mine Extra Knowledge for Imbalanced Facial Expression Recognition},
  author={Zhang, Yuhang and Li, Yaqi and Liu, Xuannan and Deng, Weihong and others},
  journal={Advances in Neural Information Processing Systems},
  volume={36},
  year={2024}
}

@article{kolling2023mitigating,
  title={Mitigating bias in facial analysis systems by incorporating label diversity},
  author={Kolling, Camila and Araujo, Victor and Veloso, Adriano and Musse, Soraia Raupp},
  journal={Computers \& Graphics},
  volume={116},
  pages={173--184},
  year={2023},
  publisher={Elsevier}
}

@inproceedings{liang2023benchmarking,
  title={Benchmarking Algorithmic Bias in Face Recognition: An Experimental Approach Using Synthetic Faces and Human Evaluation},
  author={Liang, Hao and Perona, Pietro and Balakrishnan, Guha},
  booktitle={Proceedings of the IEEE/CVF International Conference on Computer Vision},
  pages={4977--4987},
  year={2023}
}

@article{robinson2023balancing,
  title={Balancing biases and preserving privacy on balanced faces in the wild},
  author={Robinson, Joseph P and Qin, Can and Henon, Yann and Timoner, Samson and Fu, Yun},
  journal={IEEE Transactions on Image Processing},
  year={2023},
  publisher={IEEE}
}

@article{mehrabi2021survey,
  title={A survey on bias and fairness in machine learning},
  author={Mehrabi, Ninareh and Morstatter, Fred and Saxena, Nripsuta and Lerman, Kristina and Galstyan, Aram},
  journal={ACM computing surveys (CSUR)},
  volume={54},
  number={6},
  pages={1--35},
  year={2021},
  publisher={ACM New York, NY, USA}
}

@article{feldman2021end,
  title={End-to-end bias mitigation: Removing gender bias in deep learning},
  author={Feldman, Tal and Peake, Ashley},
  journal={arXiv preprint arXiv:2104.02532},
  year={2021}
}

@article{abdullah2024effects,
  title={Effects of Different Datasets, Models, Face-parts on Accuracy and Performance of Intelligent Facial Expression Recognition Systems},
  author={Abdullah, Sharmeen M Salim and Zeebaree, Subhi RM and Abdulrazzaq, Maiwan B},
  journal={International Journal of Intelligent Systems and Applications in Engineering},
  volume={12},
  number={15s},
  pages={366--381},
  year={2024}
}

@article{churamani2022domain,
  title={Domain-incremental continual learning for mitigating bias in facial expression and action unit recognition},
  author={Churamani, Nikhil and Kara, Ozgur and Gunes, Hatice},
  journal={IEEE Transactions on Affective Computing},
  year={2022},
  publisher={IEEE}
}

@inproceedings{dominguez2022gender,
  title={Gender stereotyping impact in facial expression recognition},
  author={Dominguez-Catena, Iris and Galar, Mikel and Paternain, Daniel},
  booktitle={Joint European Conference on Machine Learning and Knowledge Discovery in Databases},
  pages={9--22},
  year={2022},
  organization={Springer}
}

@article{li2020deeper,
  title={A deeper look at facial expression dataset bias},
  author={Li, Shan and Deng, Weihong},
  journal={IEEE Transactions on Affective Computing},
  volume={13},
  number={2},
  pages={881--893},
  year={2020},
  publisher={IEEE}
}

@inproceedings{verma2018fairness,
  title={Fairness definitions explained},
  author={Verma, Sahil and Rubin, Julia},
  booktitle={Proceedings of the international workshop on software fairness},
  pages={1--7},
  year={2018}
}

@incollection{mittal2023bias,
  title={On bias and fairness in deep learning-based facial analysis},
  author={Mittal, Surbhi and Majumdar, Puspita and Vatsa, Mayank and Singh, Richa},
  booktitle={Handbook of Statistics},
  volume={48},
  pages={169--221},
  year={2023},
  publisher={Elsevier}
}

@article{terhorst2021comprehensive,
  title={A comprehensive study on face recognition biases beyond demographics},
  author={Terh{\"o}rst, Philipp and Kolf, Jan Niklas and Huber, Marco and Kirchbuchner, Florian and Damer, Naser and Moreno, Aythami Morales and Fierrez, Julian and Kuijper, Arjan},
  journal={IEEE Transactions on Technology and Society},
  volume={3},
  number={1},
  pages={16--30},
  year={2021},
  publisher={IEEE}
}

@article{hardt2016equality,
  title={Equality of opportunity in supervised learning},
  author={Hardt, Moritz and Price, Eric and Srebro, Nati},
  journal={Advances in neural information processing systems},
  volume={29},
  year={2016}
}

@inproceedings{dwork2012fairness,
  title={Fairness through awareness},
  author={Dwork, Cynthia and Hardt, Moritz and Pitassi, Toniann and Reingold, Omer and Zemel, Richard},
  booktitle={Proceedings of the 3rd innovations in theoretical computer science conference},
  pages={214--226},
  year={2012}
}

@article{kusner2017counterfactual,
  title={Counterfactual fairness},
  author={Kusner, Matt J and Loftus, Joshua and Russell, Chris and Silva, Ricardo},
  journal={Advances in neural information processing systems},
  volume={30},
  year={2017}
}

@inproceedings{grgic2016case,
  title={The case for process fairness in learning: Feature selection for fair decision making},
  author={Grgic-Hlaca, Nina and Zafar, Muhammad Bilal and Gummadi, Krishna P and Weller, Adrian},
  booktitle={NIPS symposium on machine learning and the law},
  volume={1},
  number={2},
  pages={11},
  year={2016},
  organization={Barcelona, Spain}
}

@article{chouldechova2017fair,
  title={Fair prediction with disparate impact: A study of bias in recidivism prediction instruments},
  author={Chouldechova, Alexandra},
  journal={Big data},
  volume={5},
  number={2},
  pages={153--163},
  year={2017},
  publisher={Mary Ann Liebert, Inc. 140 Huguenot Street, 3rd Floor New Rochelle, NY 10801 USA}
}

@inproceedings{corbett2017algorithmic,
  title={Algorithmic decision making and the cost of fairness},
  author={Corbett-Davies, Sam and Pierson, Emma and Feller, Avi and Goel, Sharad and Huq, Aziz},
  booktitle={Proceedings of the 23rd acm sigkdd international conference on knowledge discovery and data mining},
  pages={797--806},
  year={2017}
}

@article{berk2021fairness,
  title={Fairness in criminal justice risk assessments: The state of the art},
  author={Berk, Richard and Heidari, Hoda and Jabbari, Shahin and Kearns, Michael and Roth, Aaron},
  journal={Sociological Methods \& Research},
  volume={50},
  number={1},
  pages={3--44},
  year={2021},
  publisher={Sage Publications Sage CA: Los Angeles, CA}
}

@article{serengil2024lightface,
  title     = {A Benchmark of Facial Recognition Pipelines and Co-Usability Performances of Modules},
  author    = {Serengil, Sefik and Ozpinar, Alper},
  journal   = {Bilisim Teknolojileri Dergisi},
  volume    = {17},
  number    = {2},
  pages     = {95-107},
  year      = {2024},
  doi       = {10.17671/gazibtd.1399077},
  url       = {https://dergipark.org.tr/en/pub/gazibtd/issue/84331/1399077},
  publisher = {Gazi University}
}

@inproceedings{serengil2020lightface,
  title        = {LightFace: A Hybrid Deep Face Recognition Framework},
  author       = {Serengil, Sefik Ilkin and Ozpinar, Alper},
  booktitle    = {2020 Innovations in Intelligent Systems and Applications Conference (ASYU)},
  pages        = {23-27},
  year         = {2020},
  doi          = {10.1109/ASYU50717.2020.9259802},
  url          = {https://ieeexplore.ieee.org/document/9259802},
  organization = {IEEE}
}

@book{barocas2023fairness,
  title={Fairness and machine learning: Limitations and opportunities},
  author={Barocas, Solon and Hardt, Moritz and Narayanan, Arvind},
  year={2023},
  publisher={MIT Press}
}

@article{suresh2019framework,
  title={A framework for understanding unintended consequences of machine learning},
  author={Suresh, Harini and Guttag, John V},
  journal={arXiv preprint arXiv:1901.10002},
  volume={2},
  number={8},
  pages={73},
  year={2019}
}

@inproceedings{srinivas2019face,
  title={Face recognition algorithm bias: Performance differences on images of children and adults},
  author={Srinivas, Nisha and Ricanek, Karl and Michalski, Dana and Bolme, David S and King, Michael},
  booktitle={Proceedings of the IEEE/CVF conference on computer vision and pattern recognition workshops},
  pages={0--0},
  year={2019}
}

@inproceedings{singh2022anatomizing,
  title={Anatomizing bias in facial analysis},
  author={Singh, Richa and Majumdar, Puspita and Mittal, Surbhi and Vatsa, Mayank},
  booktitle={Proceedings of the AAAI Conference on Artificial Intelligence},
  volume={36},
  number={11},
  pages={12351--12358},
  year={2022}
}

@article{udefi2023analysis,
  title={An Analysis of Bias in Facial Image Processing: A Review of Datasets},
  author={Udefi, Amarachi M and Aina, Segun and Lawal, Aderonke R and Oluwarantie, Adeniran I},
  journal={International Journal of Advanced Computer Science and Applications},
  volume={14},
  number={5},
  year={2023},
  publisher={Science and Information (SAI) Organization Limited}
}

@inproceedings{rajabi2023through,
  title={Through a fair looking-glass: mitigating bias in image datasets},
  author={Rajabi, Amirarsalan and Yazdani-Jahromi, Mehdi and Garibay, Ozlem Ozmen and Sukthankar, Gita},
  booktitle={International Conference on Human-Computer Interaction},
  pages={446--459},
  year={2023},
  organization={Springer}
}

@article{zhong2023face,
  title={Face expression recognition based on NGO-BILSTM model},
  author={Zhong, Jiarui and Chen, Tangxian and Yi, Liuhan},
  journal={Frontiers in Neurorobotics},
  volume={17},
  pages={1155038},
  year={2023},
  publisher={Frontiers}
}

@inproceedings{zhang2024mitigating,
  title={Mitigating label bias in machine learning: Fairness through confident learning},
  author={Zhang, Yixuan and Li, Boyu and Ling, Zenan and Zhou, Feng},
  booktitle={Proceedings of the AAAI Conference on Artificial Intelligence},
  volume={38},
  number={15},
  pages={16917--16925},
  year={2024}
}

@article{howard2017mobilenets,
  title={Mobilenets: Efficient convolutional neural networks for mobile vision applications},
  author={Howard, Andrew G and Zhu, Menglong and Chen, Bo and Kalenichenko, Dmitry and Wang, Weijun and Weyand, Tobias and Andreetto, Marco and Adam, Hartwig},
  journal={arXiv preprint arXiv:1704.04861},
  year={2017}
}

@article{dosovitskiy2020image,
  title={An image is worth 16x16 words: Transformers for image recognition at scale},
  author={Dosovitskiy, Alexey and Beyer, Lucas and Kolesnikov, Alexander and Weissenborn, Dirk and Zhai, Xiaohua and Unterthiner, Thomas and Dehghani, Mostafa and Minderer, Matthias and Heigold, Georg and Gelly, Sylvain and others},
  journal={arXiv preprint arXiv:2010.11929},
  year={2020}
}

@inproceedings{wolf2020transformers,
  title={Transformers: State-of-the-art natural language processing},
  author={Wolf, Thomas and Debut, Lysandre and Sanh, Victor and Chaumond, Julien and Delangue, Clement and Moi, Anthony and Cistac, Pierric and Rault, Tim and Louf, R{\'e}mi and Funtowicz, Morgan and others},
  booktitle={Proceedings of the 2020 conference on empirical methods in natural language processing: system demonstrations},
  pages={38--45},
  year={2020}
}

@article{abadi2016tensorflow,
  title={Tensorflow: Large-scale machine learning on heterogeneous distributed systems},
  author={Abadi, Mart{\'\i}n and Agarwal, Ashish and Barham, Paul and Brevdo, Eugene and Chen, Zhifeng and Citro, Craig and Corrado, Greg S and Davis, Andy and Dean, Jeffrey and Devin, Matthieu and others},
  journal={arXiv preprint arXiv:1603.04467},
  year={2016}
}

@inproceedings{radford2021learning,
  title={Learning transferable visual models from natural language supervision},
  author={Radford, Alec and Kim, Jong Wook and Hallacy, Chris and Ramesh, Aditya and Goh, Gabriel and Agarwal, Sandhini and Sastry, Girish and Askell, Amanda and Mishkin, Pamela and Clark, Jack and others},
  booktitle={International conference on machine learning},
  pages={8748--8763},
  year={2021},
  organization={PMLR}
}

@article{achiam2023gpt,
  title={Gpt-4 technical report},
  author={Achiam, Josh and Adler, Steven and Agarwal, Sandhini and Ahmad, Lama and Akkaya, Ilge and Aleman, Florencia Leoni and Almeida, Diogo and Altenschmidt, Janko and Altman, Sam and Anadkat, Shyamal and others},
  journal={arXiv preprint arXiv:2303.08774},
  year={2023}
}

@book{darwin1872expression,
  title = {The Expression of the Emotions in Man and Animals},
  author = {Charles Darwin},
  year = {1872},
  publisher = {John Murray},
  address = {London}
}

@article{dolan2002emotion,
  title     = {Emotion, cognition, and behavior},
  author    = {Dolan, Raymond J.},
  journal   = {Science},
  volume    = {298},
  number    = {5596},
  pages     = {1191--1194},
  year      = {2002},
  publisher = {American Association for the Advancement of Science}
}

@article{jiang2020facial,
  title     = {Facial expression recognition in mental health monitoring: A review},
  author    = {Jiang, Feihu and Fu, Xiao and Zeng, Xiaohong},
  journal   = {Neurocomputing},
  volume    = {392},
  pages     = {128--143},
  year      = {2020},
  publisher = {Elsevier}
}

@article{pantic2003toward,
  title     = {Toward an affect-sensitive multimodal human-computer interaction},
  author    = {Pantic, Maja and Rothkrantz, Leon JM},
  journal   = {Proceedings of the IEEE},
  volume    = {91},
  number    = {9},
  pages     = {1370--1390},
  year      = {2003},
  publisher = {IEEE}
}

@article{improved2024fer,
  title     = {Improved facial emotion recognition model based on a novel deep convolutional neural network architecture},
  author    = {Author, FirstName and Author, LastName},
  journal   = {Scientific Reports},
  volume    = {14},
  pages     = {79167},
  year      = {2024},
  publisher = {Nature Publishing Group},
  doi       = {10.1038/s41598-024-79167-8}
}

@article{robust2023occlusion,
  title     = {Facial Expression Recognition Robust to Occlusion and to Intra-Class Variations},
  author    = {Author, FirstName and Author, LastName},
  journal   = {Sensors},
  volume    = {23},
  number    = {5},
  pages     = {2619},
  year      = {2023},
  publisher = {MDPI},
  doi       = {10.3390/s23052619}
}

@article{ensemble2023cnn,
  title     = {Ensemble Convolution Neural Network for Robust Video Emotion Recognition},
  author    = {Author, FirstName and Author, LastName},
  journal   = {Wiley Online Library},
  volume    = {2023},
  pages     = {6859284},
  year      = {2023},
  doi       = {10.1155/2023/6859284}
}

@article{mollahosseini2016going,
  title     = {Going deeper in facial expression recognition using deep neural networks},
  author    = {Mollahosseini, Ali and Hasani, Behzad and Mahoor, Mohammad H.},
  journal   = {Proceedings of the IEEE Conference on Applications of Computer Vision (WACV)},
  volume    = {1},
  pages     = {1--10},
  year      = {2016},
  publisher = {IEEE}
}

@inproceedings{liang2024linking,
  title={Linking convolutional kernel size to generalization bias in face analysis CNNs},
  author={Liang, Hao and Caro, Josue Ortega and Maheshri, Vikram and Patel, Ankit B and Balakrishnan, Guha},
  booktitle={Proceedings of the IEEE/CVF Winter Conference on Applications of Computer Vision},
  pages={4705--4715},
  year={2024}
}

@article{caro2020local,
  title={Local convolutions cause an implicit bias towards high frequency adversarial examples},
  author={Caro, Josue Ortega and Ju, Yilong and Pyle, Ryan and Dey, Sourav and Brendel, Wieland and Anselmi, Fabio and Patel, Ankit},
  journal={arXiv preprint arXiv:2006.11440},
  year={2020}
}

@article{deuschel2020uncovering,
  title={Uncovering the bias in facial expressions},
  author={Deuschel, Jessica and Finzel, Bettina and Rieger, Ines},
  journal={arXiv preprint arXiv:2011.11311},
  year={2020}
}

@inproceedings{chen2021understanding,
  title={Understanding and mitigating annotation bias in facial expression recognition},
  author={Chen, Yunliang and Joo, Jungseock},
  booktitle={Proceedings of the IEEE/CVF International Conference on Computer Vision},
  pages={14980--14991},
  year={2021}
}

@article{amigo2023mitigating,
  title={Mitigating Algorithmic Bias on Facial Expression Recognition},
  author={Amigo, Glauco and Perea, Pablo Rivas and Marks, Robert J},
  journal={arXiv preprint arXiv:2312.15307},
  year={2023}
}

@article{shannon1948mathematical,
  title={A mathematical theory of communication},
  author={Shannon, Claude Elwood},
  journal={The Bell system technical journal},
  volume={27},
  number={3},
  pages={379--423},
  year={1948},
  publisher={Nokia Bell Labs}
}

@article{simpon1949measurement,
  title={Measurement of diversity},
  author={SIMPON, EH},
  journal={Nature},
  volume={688},
  pages={163},
  year={1949}
}

@article{ferrara2023fairness,
  title={Fairness and bias in artificial intelligence: A brief survey of sources, impacts, and mitigation strategies},
  author={Ferrara, Emilio},
  journal={Sci},
  volume={6},
  number={1},
  pages={3},
  year={2023},
  publisher={MDPI}
}

@article{hill1973diversity,
  title={Diversity and evenness: a unifying notation and its consequences},
  author={Hill, Mark O},
  journal={Ecology},
  volume={54},
  number={2},
  pages={427--432},
  year={1973},
  publisher={Wiley Online Library}
}

@article{jost2006entropy,
  title={Entropy and diversity},
  author={Jost, Lou},
  journal={Oikos},
  volume={113},
  number={2},
  pages={363--375},
  year={2006},
  publisher={Wiley Online Library}
}

@article{dominguez2024less,
  title={Less can be more: representational vs. stereotypical gender bias in facial expression recognition},
  author={Dominguez-Catena, Iris and Paternain, Daniel and Jurio, Aranzazu and Galar, Mikel},
  journal={Progress in Artificial Intelligence},
  pages={1--21},
  year={2024},
  publisher={Springer}
}

@article{agung2024image,
  title={Image-based facial emotion recognition using convolutional neural network on emognition dataset},
  author={Agung, Erlangga Satrio and Rifai, Achmad Pratama and Wijayanto, Titis},
  journal={Scientific reports},
  volume={14},
  number={1},
  pages={14429},
  year={2024},
  publisher={Nature Publishing Group UK London}
}

@article{gursesli2024facial,
  title={Facial emotion recognition (FER) through custom lightweight CNN model: performance evaluation in public datasets},
  author={Gursesli, Mustafa Can and Lombardi, Sara and Duradoni, Mirko and Bocchi, Leonardo and Guazzini, Andrea and Lanata, Antonio},
  journal={IEEE Access},
  year={2024},
  publisher={IEEE}
}

@article{kasar2025emosense,
  title={EmoSense: pioneering facial emotion recognition with precision through model optimization and face emotion constraints},
  author={Kasar, Manisha and Kavimandan, P and Suryawanshi, T and Garg, Bindu},
  journal={Int. J. Eng.},
  volume={38},
  number={1},
  pages={35--45},
  year={2025}
}

@inproceedings{borgalli2025hybrid,
  title={A Hybrid Optimized Learning Framework for Compound Facial Emotion Recognition},
  author={Borgalli, Rohan Appasaheb and Surve, Sunil},
  booktitle={International Conference on Cognitive Computing and Cyber Physical Systems},
  pages={447--459},
  year={2025},
  organization={Springer}
}

@misc{zou2018ai,
  title={AI can be sexist and racistâ€”itâ€™s time to make it fair},
  author={Zou, James and Schiebinger, Londa},
  year={2018},
  publisher={Nature Publishing Group UK London}
}

@article{dablain2024towards,
  title={Towards a holistic view of bias in machine learning: bridging algorithmic fairness and imbalanced learning},
  author={Dablain, Damien and Krawczyk, Bartosz and Chawla, Nitesh},
  journal={Discover Data},
  volume={2},
  number={1},
  pages={4},
  year={2024},
  publisher={Springer}
}

@article{veeramachaneni2025large,
  title={Large Language Models: A Comprehensive Survey on Architectures, Applications, and Challenges},
  author={Veeramachaneni, Vinod},
  journal={Advanced Innovations in Computer Programming Languages},
  volume={7},
  number={1},
  pages={20--39},
  year={2025}
}

@article{schirmer2024non,
  title={Non-verbal effecting--animal research sheds light on human emotion communication},
  author={Schirmer, Annett and Croy, Ilona and Liebal, Katja and Schweinberger, Stefan R},
  journal={Biological Reviews},
  year={2024},
  publisher={Wiley Online Library}
}

@article{aldahoul2024exploring,
  title={Exploring Vision Language Models for Facial Attribute Recognition: Emotion, Race, Gender, and Age},
  author={AlDahoul, Nouar and Tan, Myles Joshua Toledo and Kasireddy, Harishwar Reddy and Zaki, Yasir},
  journal={arXiv preprint arXiv:2410.24148},
  year={2024}
}

@article{zhao2024enhancing,
  title={Enhancing Zero-Shot Facial Expression Recognition by LLM Knowledge Transfer},
  author={Zhao, Zengqun and Cao, Yu and Gong, Shaogang and Patras, Ioannis},
  journal={arXiv preprint arXiv:2405.19100},
  year={2024}
}

@article{rodrigo2024comprehensive,
  title={Comprehensive comparison between vision transformers and convolutional neural networks for face recognition tasks},
  author={Rodrigo, Marcos and Cuevas, Carlos and Garc{\'\i}a, Narciso},
  journal={Scientific reports},
  volume={14},
  number={1},
  pages={21392},
  year={2024},
  publisher={Nature Publishing Group UK London}
}

@inproceedings{hosseini2017facial,
  title={Facial mark detection and removal using graph relations and statistics},
  author={Hosseini, Mohammad Mehdi and Jamzad, Mansour},
  booktitle={2017 Iranian Conference on Electrical Engineering (ICEE)},
  pages={2223--2228},
  year={2017},
  organization={IEEE}
}

@article{fatima2025enhanced,
  title={Enhanced Facial Emotion Recognition Using Vision Transformer Models},
  author={Fatima, N Sabiyath and Deepika, G and Anthonisamy, Arun and Chitra, R Jothi and Muralidharan, J and Alagarsamy, Manjunathan and Ramyasree, Kummari},
  journal={Journal of Electrical Engineering \& Technology},
  pages={1--10},
  year={2025},
  publisher={Springer}
}

@inproceedings{fu2022facial,
  title={Facial Expression Recognition Based on Semi-supervised Vision Transformer},
  author={Fu, Xiangwei},
  booktitle={2022 International Symposium on Advances in Informatics, Electronics and Education (ISAIEE)},
  pages={164--167},
  year={2022},
  organization={IEEE}
}

@inproceedings{saadi2024leveraging,
  title={Leveraging Vision Language Models for Facial Expression Recognition in Driving Environment},
  author={Saadi, Ibtissam and Hadid, Abdenour and Cunningham, Douglas W and Taleb-Ahmed, Abdelmalik and El Hillali, Yassin},
  booktitle={9th international Workshop on Sensor-Based Activity Recognition and Artificial Intelligence (iWOAR 2024)},
  year={2024}
}

@inproceedings{estiri2022low,
  title={A low-cost stochastic computing-based fuzzy filtering for image noise reduction},
  author={Estiri, Seyedeh Newsha and Jalilvand, Amir Hossein and Naderi, Samaneh and Najafi, M Hassan and Fazeli, Mahdi},
  booktitle={2022 IEEE 13th International Green and Sustainable Computing Conference (IGSC)},
  pages={1--6},
  year={2022},
  organization={IEEE}
}

@article{shams2024evolutionary,
  title={Evolutionary CNN-based architectures with attention mechanisms for enhanced image classification},
  author={Shams, Afsaneh and Becker, Kyle and Becker, Drew and Amirian, Soheyla and Rasheed, Khaled},
  journal={Artificial Intelligence: Machine Learning, Convolutional Neural Networks and Large Language Models},
  volume={1},
  pages={107},
  year={2024},
  publisher={Walter de Gruyter GmbH \& Co KG}
}

@article{ganj2023lr,
  title={LR-net: a block-based convolutional neural network for low-resolution image classification},
  author={Ganj, Ashkan and Ebadpour, Mohsen and Darvish, Mahdi and Bahador, Hamid},
  journal={Iranian Journal of Science and Technology, Transactions of Electrical Engineering},
  volume={47},
  number={4},
  pages={1561--1568},
  year={2023},
  publisher={Springer}
}

@inproceedings{igene2024face,
  title={Face Liveness Detection Competition (LivDet-Face)-2024},
  author={Igene, Lambert and Hossain, Afzal and Chowdhury, Mohammad Zahir Uddin and Rezaie, Humaira and Rollins, Ayden and Dykes, Jesse and Vijaykumar, Rahul and Komaty, Alain and Marcel, S{\'e}bastien and Schuckers, Stephanie and others},
  booktitle={2024 IEEE International Joint Conference on Biometrics (IJCB)},
  pages={1--9},
  year={2024},
  organization={IEEE}
}

