@article{al2007combined,
  title={Combined DWT-DCT digital image watermarking},
  author={Al-Haj, Ali},
  journal={Journal of Computer Science},
  volume={3},
  number={9},
  pages={740--746},
  year={2007}
}

@article{an2024benchmarking,
  title={Benchmarking the robustness of image watermarks},
  author={An, Bang and Ding, Mucong and Rabbani, Tahseen and Agrawal, Aakriti and Xu, Yuancheng and Deng, Chenghao and Zhu, Sicheng and Mohamed, Abdirisak and Wen, Yuxin and Goldstein, Tom and others},
  journal={arXiv preprint arXiv:2401.08573},
  year={2024}
}

@inproceedings{brooks2023instructpix2pix,
  title={Instructpix2pix: Learning to follow image editing instructions},
  author={Brooks, Tim and Holynski, Aleksander and Efros, Alexei A},
  booktitle={Proceedings of the IEEE/CVF Conference on Computer Vision and Pattern Recognition},
  pages={18392--18402},
  year={2023}
}

@inproceedings{bui2023rosteals,
  title={Rosteals: Robust steganography using autoencoder latent space},
  author={Bui, Tu and Agarwal, Shruti and Yu, Ning and Collomosse, John},
  booktitle={Proceedings of the IEEE/CVF Conference on Computer Vision and Pattern Recognition},
  pages={933--942},
  year={2023}
}

@article{dhariwal2021diffusion,
  title={Diffusion models beat gans on image synthesis},
  author={Dhariwal, Prafulla and Nichol, Alexander},
  journal={Advances in neural information processing systems},
  volume={34},
  pages={8780--8794},
  year={2021}
}

@inproceedings{fernandez2023stable,
  title={The stable signature: Rooting watermarks in latent diffusion models},
  author={Fernandez, Pierre and Couairon, Guillaume and J{\'e}gou, Herv{\'e} and Douze, Matthijs and Furon, Teddy},
  booktitle={Proceedings of the IEEE/CVF International Conference on Computer Vision},
  pages={22466--22477},
  year={2023}
}

@article{ho2020denoising,
  title={Denoising diffusion probabilistic models},
  author={Ho, Jonathan and Jain, Ajay and Abbeel, Pieter},
  journal={Advances in neural information processing systems},
  volume={33},
  pages={6840--6851},
  year={2020}
}

@inproceedings{jiang2023evading,
  title={Evading watermark based detection of AI-generated content},
  author={Jiang, Zhengyuan and Zhang, Jinghuai and Gong, Neil Zhenqiang},
  booktitle={Proceedings of the 2023 ACM SIGSAC Conference on Computer and Communications Security},
  pages={1168--1181},
  year={2023}
}

@article{liu2002svd,
  title={An SVD-based watermarking scheme for protecting rightful ownership},
  author={Liu, Ruizhen and Tan, Tieniu},
  journal={IEEE transactions on multimedia},
  volume={4},
  number={1},
  pages={121--128},
  year={2002},
  publisher={IEEE}
}

@inproceedings{lugmayr2022repaint,
  title={Repaint: Inpainting using denoising diffusion probabilistic models},
  author={Lugmayr, Andreas and Danelljan, Martin and Romero, Andres and Yu, Fisher and Timofte, Radu and Van Gool, Luc},
  booktitle={Proceedings of the IEEE/CVF Conference on Computer Vision and Pattern Recognition},
  pages={11461--11471},
  year={2022}
}

@article{lukas2023leveraging,
  title={Leveraging optimization for adaptive attacks on image watermarks},
  author={Lukas, Nils and Diaa, Abdulrahman and Fenaux, Lucas and Kerschbaum, Florian},
  journal={arXiv preprint arXiv:2309.16952},
  year={2023}
}

@article{meng2024latent,
  title={Latent Watermark: Inject and Detect Watermarks in Latent Diffusion Space},
  author={Meng, Zheling and Peng, Bo and Dong, Jing},
  journal={arXiv preprint arXiv:2404.00230},
  year={2024}
}

@article{nichol2021glide,
  title={Glide: Towards photorealistic image generation and editing with text-guided diffusion models},
  author={Nichol, Alex and Dhariwal, Prafulla and Ramesh, Aditya and Shyam, Pranav and Mishkin, Pamela and McGrew, Bob and Sutskever, Ilya and Chen, Mark},
  journal={arXiv preprint arXiv:2112.10741},
  year={2021}
}

@inproceedings{qi2024deadiff,
  title={DEADiff: An Efficient Stylization Diffusion Model with Disentangled Representations},
  author={Qi, Tianhao and Fang, Shancheng and Wu, Yanze and Xie, Hongtao and Liu, Jiawei and Chen, Lang and He, Qian and Zhang, Yongdong},
  booktitle={Proceedings of the IEEE/CVF Conference on Computer Vision and Pattern Recognition},
  pages={8693--8702},
  year={2024}
}

@inproceedings{rombach2022high,
  title={High-resolution image synthesis with latent diffusion models},
  author={Rombach, Robin and Blattmann, Andreas and Lorenz, Dominik and Esser, Patrick and Ommer, Bj{\"o}rn},
  booktitle={Proceedings of the IEEE/CVF conference on computer vision and pattern recognition},
  pages={10684--10695},
  year={2022}
}

@inproceedings{saharia2022palette,
  title={Palette: Image-to-image diffusion models},
  author={Saharia, Chitwan and Chan, William and Chang, Huiwen and Lee, Chris and Ho, Jonathan and Salimans, Tim and Fleet, David and Norouzi, Mohammad},
  booktitle={ACM SIGGRAPH 2022 Conference Proceedings},
  pages={1--10},
  year={2022}
}

@article{song2020denoising,
  title={Denoising diffusion implicit models},
  author={Song, Jiaming and Meng, Chenlin and Ermon, Stefano},
  journal={arXiv preprint arXiv:2010.02502},
  year={2020}
}

@article{song2020score,
  title={Score-based generative modeling through stochastic differential equations},
  author={Song, Yang and Sohl-Dickstein, Jascha and Kingma, Diederik P and Kumar, Abhishek and Ermon, Stefano and Poole, Ben},
  journal={arXiv preprint arXiv:2011.13456},
  year={2020}
}

@inproceedings{tancik2020stegastamp,
  title={Stegastamp: Invisible hyperlinks in physical photographs},
  author={Tancik, Matthew and Mildenhall, Ben and Ng, Ren},
  booktitle={Proceedings of the IEEE/CVF Conference on Computer Vision and Pattern Recognition},
  pages={2117--2126},
  year={2020}
}

@article{wen2023tree,
  title={Tree-ring watermarks: Fingerprints for diffusion images that are invisible and robust},
  author={Wen, Yuxin and Kirchenbauer, John and Geiping, Jonas and Goldstein, Tom},
  journal={arXiv preprint arXiv:2305.20030},
  year={2023}
}

@inproceedings{xiong2023flexible,
  title={Flexible and secure watermarking for latent diffusion model},
  author={Xiong, Cheng and Qin, Chuan and Feng, Guorui and Zhang, Xinpeng},
  booktitle={Proceedings of the 31st ACM International Conference on Multimedia},
  pages={1668--1676},
  year={2023}
}

@article{zhang2024robust,
  title={Robust Image Watermarking using Stable Diffusion},
  author={Zhang, Lijun and Liu, Xiao and Martin, Antoni Viros and Bearfield, Cindy Xiong and Brun, Yuriy and Guan, Hui},
  journal={arXiv preprint arXiv:2401.04247},
  year={2024}
}

@article{zhao2023invisible,
  title={Invisible image watermarks are provably removable using generative ai},
  author={Zhao, Xuandong and Zhang, Kexun and Su, Zihao and Vasan, Saastha and Grishchenko, Ilya and Kruegel, Christopher and Vigna, Giovanni and Wang, Yu-Xiang and Li, Lei},
  journal={arXiv preprint arXiv:2306.01953},
  year={2023}
}

@article{zhao2023recipe,
  title={A recipe for watermarking diffusion models},
  author={Zhao, Yunqing and Pang, Tianyu and Du, Chao and Yang, Xiao and Cheung, Ngai-Man and Lin, Min},
  journal={arXiv preprint arXiv:2303.10137},
  year={2023}
}

@inproceedings{zhu2018hidden,
  title={Hidden: Hiding data with deep networks},
  author={Zhu, Jiren and Kaplan, Russell and Johnson, Justin and Fei-Fei, Li},
  booktitle={Proceedings of the European Conference on Computer Vision},
  pages={657--672},
  year={2018}
}

