@book{em:86,
  editor  = "Engelmore, Robert and Morgan, Anthony",
  title   = "Blackboard Systems",
  year    = 1986,
  address = "Reading, Mass.",
  publisher = "Addison-Wesley",
}

@inproceedings{c:83,
  author  = "Clancey, William J.",
  year    = 1983,
  title   = "{Communication, Simulation, and Intelligent
Agents: Implications of Personal Intelligent Machines
for Medical Education}",
  booktitle="Proceedings of the Eighth International Joint Conference on Artificial Intelligence {(IJCAI-83)}", 
  pages   = "556-560",
  address = "Menlo Park, Calif",
  publisher = "{IJCAI Organization}",
}
@inproceedings{c:84,
  author  = "Clancey, William J.",
  year    = 1984,
  title   = "{Classification Problem Solving}",
  booktitle = "Proceedings of the Fourth National 
              Conference on Artificial Intelligence",
  pages   = "45-54",
  address = "Menlo Park, Calif.",
  publisher="AAAI Press",
}
@article{r:80,
  author = {Robinson, Arthur L.},
  title = {New Ways to Make Microcircuits Smaller},
  volume = {208},
  number = {4447},
  pages = {1019--1022},
  year = {1980},
  doi = {10.1126/science.208.4447.1019},
  publisher = {American Association for the Advancement of Science},
  issn = {0036-8075},
  URL = {https://science.sciencemag.org/content/208/4447/1019},
  eprint = {https://science.sciencemag.org/content/208/4447/1019.full.pdf},
  journal = {Science},
}
@article{r:80x,
  author  = "Robinson, Arthur L.",
  year    = 1980,
  title   = "{New Ways to Make Microcircuits Smaller---Duplicate Entry}",
  journal = "Science",
  volume  =  208,
  pages   = "1019-1026",
}
@article{hcr:83,
title = {Strategic explanations for a diagnostic consultation system},
journal = {International Journal of Man-Machine Studies},
volume = {20},
number = {1},
pages = {3-19},
year = {1984},
issn = {0020-7373},
doi = {https://doi.org/10.1016/S0020-7373(84)80003-6},
url = {https://www.sciencedirect.com/science/article/pii/S0020737384800036},
author = {Diane Warner Hasling and William J. Clancey and Glenn Rennels},
abstract = {This article examines the problem of automatte explanation of reasoning, especially as it relates to expert systems. By explanation we mean the ability of a program to discuss what it is doing in some understandable way. We first present a general framework in which to view explanation and review some of the research done in this area. We then focus on the explanation system for NEOMYCIN, a medical consultation program. A consultation program interactively helps a user to solve a problem. Our goal is to have NEOMYCIN explain its problem-solving strategies. An explanation of strategy describes the plan the program is using to reach a solution. Such an explanation is usually concrete, referring to aspects of the current problem situation. Abstract explanations articulate a general principle, which can be applied in different situations; such explanations are useful in teaching and in explaining by analogy. We describe the aspects of NEOMYCIN that make abstract strategic explanations possible—the representation of strategic knowledge explicitly and separately from domain knowledge— and demonstrate how this representation can be used to generate explanations.}
}
@article{hcrt:83,
  author  = "Hasling, Diane Warner and Clancey, William J. and Rennels, Glenn R. and Test, Thomas",
  year    = 1983,
  title   = "{Strategic Explanations in Consultation---Duplicate}",
  journal = "The International Journal of Man-Machine Studies",
  volume  = 20,
  number  = 1,
  pages   = "3-19",
}
@techreport{r:86,
  author  = "Rice, James",
  year    = 1986,
  title   = "{Poligon: A System for Parallel Problem Solving}",
  type    = "Technical Report", 
  number  = "KSL-86-19", 
  institution = "Dept.\ of Computer Science, Stanford Univ.",
}
@phdthesis{c:79,
  author  = "Clancey, William J.",
  year    = 1979,
  title   = "{Transfer of Rule-Based Expertise
through a Tutorial Dialogue}",
  type    = "{Ph.D.} diss.",
  school  = "Dept.\ of Computer Science, Stanford Univ.",
  address = "Stanford, Calif.",
}
@unpublished{c:21,
  author  = "Clancey, William J.",
  title   = "{The Engineering of Qualitative Models}",
  year    = 2021,
  note    = "Forthcoming",
}
@misc{c:22,
      title={Attention Is All You Need}, 
      author={Ashish Vaswani and Noam Shazeer and Niki Parmar and Jakob Uszkoreit and Llion Jones and Aidan N. Gomez and Lukasz Kaiser and Illia Polosukhin},
      year={2017},
      eprint={1706.03762},
      archivePrefix={arXiv},
      primaryClass={cs.CL}
}
@misc{c:23,
  title        = "Pluto: The 'Other' Red Planet",
  author       = "{NASA}",
  howpublished = "\url{https://www.nasa.gov/nh/pluto-the-other-red-planet}",
  year         = 2015,
  note         = "Accessed: 2018-12-06"
}


@article{ramesh2022hierarchical,
  title={Hierarchical text-conditional image generation with clip latents},
  author={Ramesh, Aditya and Dhariwal, Prafulla and Nichol, Alex and Chu, Casey and Chen, Mark},
  journal={arXiv preprint arXiv:2204.06125},
  volume={1},
  number={2},
  pages={3},
  year={2022}
}

@inproceedings{rombach2022high,
  title={High-resolution image synthesis with latent diffusion models},
  author={Rombach, Robin and Blattmann, Andreas and Lorenz, Dominik and Esser, Patrick and Ommer, Bj{\"o}rn},
  booktitle={Proceedings of the IEEE/CVF conference on computer vision and pattern recognition},
  pages={10684--10695},
  year={2022}
}

@inproceedings{zhang2023adding,
  title={Adding conditional control to text-to-image diffusion models},
  author={Zhang, Lvmin and Rao, Anyi and Agrawala, Maneesh},
  booktitle={Proceedings of the IEEE/CVF International Conference on Computer Vision},
  pages={3836--3847},
  year={2023}
}

@inproceedings{brooks2023instructpix2pix,
  title={Instructpix2pix: Learning to follow image editing instructions},
  author={Brooks, Tim and Holynski, Aleksander and Efros, Alexei A},
  booktitle={Proceedings of the IEEE/CVF Conference on Computer Vision and Pattern Recognition},
  pages={18392--18402},
  year={2023}
}

@article{barrett2023identifying,
  title={Identifying and mitigating the security risks of generative ai},
  author={Barrett, Clark},
  journal={arXiv preprint arXiv:2308.14840},
  year={2023}
}

@misc{gowal2023identifying,
  author = {Sven Gowal and Pushmeet Kohli},
  title = {Identifying AI-generated images with SynthID},
  year = {2023},
  howpublished = {\url{https://www.deepmind.com/blog/identifying-ai-generated-images-with-synthid}},
  note = {Accessed: 2023-09-23}
}

@inproceedings{fernandez2023stable,
  title={The stable signature: Rooting watermarks in latent diffusion models},
  author={Fernandez, Pierre and Couairon, Guillaume and J{\'e}gou, Herv{\'e} and Douze, Matthijs and Furon, Teddy},
  booktitle={Proceedings of the IEEE/CVF International Conference on Computer Vision},
  pages={22466--22477},
  year={2023}
}

@inproceedings{xiong2023flexible,
  title={Flexible and secure watermarking for latent diffusion model},
  author={Xiong, Cheng and Qin, Chuan and Feng, Guorui and Zhang, Xinpeng},
  booktitle={Proceedings of the 31st ACM International Conference on Multimedia},
  pages={1668--1676},
  year={2023}
}

@inproceedings{jiang2023evading,
  title={Evading watermark based detection of AI-generated content},
  author={Jiang, Zhengyuan and Zhang, Jinghuai and Gong, Neil Zhenqiang},
  booktitle={Proceedings of the 2023 ACM SIGSAC Conference on Computer and Communications Security},
  pages={1168--1181},
  year={2023}
}

@article{zhao2023invisible,
  title={Invisible image watermarks are provably removable using generative ai},
  author={Zhao, Xuandong and Zhang, Kexun and Su, Zihao and Vasan, Saastha and Grishchenko, Ilya and Kruegel, Christopher and Vigna, Giovanni and Wang, Yu-Xiang and Li, Lei},
  journal={arXiv preprint arXiv:2306.01953},
  year={2023}
}

@article{yu2020responsible,
  title={Responsible disclosure of generative models using scalable fingerprinting},
  author={Yu, Ning and Skripniuk, Vladislav and Chen, Dingfan and Davis, Larry and Fritz, Mario},
  journal={arXiv preprint arXiv:2012.08726},
  year={2020}
}

@article{lin2024cyclegan,
  title={A CycleGAN Watermarking Method for Ownership Verification},
  author={Lin, Dongdong and Tondi, Benedetta and Li, Bin and Barni, Mauro},
  journal={IEEE Transactions on Dependable and Secure Computing},
  year={2024},
  publisher={IEEE}
}

@article{wen2024tree,
  title={Tree-rings watermarks: Invisible fingerprints for diffusion images},
  author={Wen, Yuxin and Kirchenbauer, John and Geiping, Jonas and Goldstein, Tom},
  journal={Advances in Neural Information Processing Systems},
  volume={36},
  year={2024}
}

@article{zhang2024robust,
  title={Robust Image Watermarking using Stable Diffusion},
  author={Zhang, Lijun and Liu, Xiao and Martin, Antoni Viros and Bearfield, Cindy Xiong and Brun, Yuriy and Guan, Hui},
  journal={arXiv preprint arXiv:2401.04247},
  year={2024}
}

@article{ho2020denoising,
  title={Denoising diffusion probabilistic models},
  author={Ho, Jonathan and Jain, Ajay and Abbeel, Pieter},
  journal={Advances in neural information processing systems},
  volume={33},
  pages={6840--6851},
  year={2020}
}

@article{song2020denoising,
  title={Denoising diffusion implicit models},
  author={Song, Jiaming and Meng, Chenlin and Ermon, Stefano},
  journal={arXiv preprint arXiv:2010.02502},
  year={2020}
}

@article{song2020score,
  title={Score-based generative modeling through stochastic differential equations},
  author={Song, Yang and Sohl-Dickstein, Jascha and Kingma, Diederik P and Kumar, Abhishek and Ermon, Stefano and Poole, Ben},
  journal={arXiv preprint arXiv:2011.13456},
  year={2020}
}

@inproceedings{saharia2022palette,
  title={Palette: Image-to-image diffusion models},
  author={Saharia, Chitwan and Chan, William and Chang, Huiwen and Lee, Chris and Ho, Jonathan and Salimans, Tim and Fleet, David and Norouzi, Mohammad},
  booktitle={ACM SIGGRAPH 2022 Conference Proceedings},
  pages={1--10},
  year={2022}
}

@inproceedings{lugmayr2022repaint,
  title={Repaint: Inpainting using denoising diffusion probabilistic models},
  author={Lugmayr, Andreas and Danelljan, Martin and Romero, Andres and Yu, Fisher and Timofte, Radu and Van Gool, Luc},
  booktitle={Proceedings of the IEEE/CVF Conference on Computer Vision and Pattern Recognition},
  pages={11461--11471},
  year={2022}
}

@inproceedings{qi2024deadiff,
  title={DEADiff: An Efficient Stylization Diffusion Model with Disentangled Representations},
  author={Qi, Tianhao and Fang, Shancheng and Wu, Yanze and Xie, Hongtao and Liu, Jiawei and Chen, Lang and He, Qian and Zhang, Yongdong},
  booktitle={Proceedings of the IEEE/CVF Conference on Computer Vision and Pattern Recognition},
  pages={8693--8702},
  year={2024}
}

@article{nichol2021glide,
  title={Glide: Towards photorealistic image generation and editing with text-guided diffusion models},
  author={Nichol, Alex and Dhariwal, Prafulla and Ramesh, Aditya and Shyam, Pranav and Mishkin, Pamela and McGrew, Bob and Sutskever, Ilya and Chen, Mark},
  journal={arXiv preprint arXiv:2112.10741},
  year={2021}
}

@article{al2007combined,
  title={Combined DWT-DCT digital image watermarking},
  author={Al-Haj, Ali},
  journal={Journal of Computer Science},
  volume={3},
  number={9},
  pages={740--746},
  year={2007}
}

@article{liu2002svd,
  title={An SVD-based watermarking scheme for protecting rightful ownership},
  author={Liu, Ruizhen and Tan, Tieniu},
  journal={IEEE transactions on multimedia},
  volume={4},
  number={1},
  pages={121--128},
  year={2002},
  publisher={IEEE}
}

@inproceedings{tancik2020stegastamp,
  title={Stegastamp: Invisible hyperlinks in physical photographs},
  author={Tancik, Matthew and Mildenhall, Ben and Ng, Ren},
  booktitle={Proceedings of the IEEE/CVF Conference on Computer Vision and Pattern Recognition},
  pages={2117--2126},
  year={2020}
}

@inproceedings{zhu2018hidden,
  title={Hidden: Hiding data with deep networks},
  author={Zhu, Jiren and Kaplan, Russell and Johnson, Justin and Fei-Fei, Li},
  booktitle={Proceedings of the European Conference on Computer Vision},
  pages={657--672},
  year={2018}
}

@article{zhao2023recipe,
  title={A recipe for watermarking diffusion models},
  author={Zhao, Yunqing and Pang, Tianyu and Du, Chao and Yang, Xiao and Cheung, Ngai-Man and Lin, Min},
  journal={arXiv preprint arXiv:2303.10137},
  year={2023}
}

@article{wen2023tree,
  title={Tree-ring watermarks: Fingerprints for diffusion images that are invisible and robust},
  author={Wen, Yuxin and Kirchenbauer, John and Geiping, Jonas and Goldstein, Tom},
  journal={arXiv preprint arXiv:2305.20030},
  year={2023}
}

@article{meng2024latent,
  title={Latent Watermark: Inject and Detect Watermarks in Latent Diffusion Space},
  author={Meng, Zheling and Peng, Bo and Dong, Jing},
  journal={arXiv preprint arXiv:2404.00230},
  year={2024}
}

@inproceedings{bui2023rosteals,
  title={Rosteals: Robust steganography using autoencoder latent space},
  author={Bui, Tu and Agarwal, Shruti and Yu, Ning and Collomosse, John},
  booktitle={Proceedings of the IEEE/CVF Conference on Computer Vision and Pattern Recognition},
  pages={933--942},
  year={2023}
}

@article{lukas2023leveraging,
  title={Leveraging optimization for adaptive attacks on image watermarks},
  author={Lukas, Nils and Diaa, Abdulrahman and Fenaux, Lucas and Kerschbaum, Florian},
  journal={arXiv preprint arXiv:2309.16952},
  year={2023}
}

@article{dhariwal2021diffusion,
  title={Diffusion models beat gans on image synthesis},
  author={Dhariwal, Prafulla and Nichol, Alexander},
  journal={Advances in neural information processing systems},
  volume={34},
  pages={8780--8794},
  year={2021}
}



@inproceedings{lin2014microsoft,
  title={Microsoft coco: Common objects in context},
  author={Lin, Tsung-Yi and Maire, Michael and Belongie, Serge and Hays, James and Perona, Pietro and Ramanan, Deva and Doll{\'a}r, Piotr and Zitnick, C Lawrence},
  booktitle={Computer Vision--ECCV 2014: 13th European Conference, Zurich, Switzerland, September 6-12, 2014, Proceedings, Part V 13},
  pages={740--755},
  year={2014},
  organization={Springer}
}


@article{wang2022diffusiondb,
  title={Diffusiondb: A large-scale prompt gallery dataset for text-to-image generative models},
  author={Wang, Zijie J and Montoya, Evan and Munechika, David and Yang, Haoyang and Hoover, Benjamin and Chau, Duen Horng},
  journal={arXiv preprint arXiv:2210.14896},
  year={2022}
}

@article{balle2018variational,
  title={Variational image compression with a scale hyperprior},
  author={Ball{\'e}, Johannes and Minnen, David and Singh, Saurabh and Hwang, Sung Jin and Johnston, Nick},
  journal={arXiv preprint arXiv:1802.01436},
  year={2018}
}

@inproceedings{cheng2020learned,
  title={Learned image compression with discretized gaussian mixture likelihoods and attention modules},
  author={Cheng, Zhengxue and Sun, Heming and Takeuchi, Masaru and Katto, Jiro},
  booktitle={Proceedings of the IEEE/CVF Conference on Computer Vision and Pattern Recognition},
  pages={7939--7948},
  year={2020}
}

@article{loshchilov2017decoupled,
  title={Decoupled weight decay regularization},
  author={Loshchilov, Ilya and Hutter, Frank},
  journal={arXiv preprint arXiv:1711.05101},
  year={2017}
}

@inproceedings{chen2020hopskipjumpattack,
  title={Hopskipjumpattack: A query-efficient decision-based attack},
  author={Chen, Jianbo and Jordan, Michael I and Wainwright, Martin J},
  booktitle={2020 ieee symposium on security and privacy (sp)},
  pages={1277--1294},
  year={2020},
  organization={IEEE}
}

@article{song2020improved,
  title={Improved techniques for training score-based generative models},
  author={Song, Yang and Ermon, Stefano},
  journal={Advances in neural information processing systems},
  volume={33},
  pages={12438--12448},
  year={2020}
}

@article{mittal2012making,
  title={Making a “completely blind” image quality analyzer},
  author={Mittal, Anish and Soundararajan, Rajiv and Bovik, Alan C},
  journal={IEEE Signal Processing Letters},
  volume={20},
  number={3},
  pages={209--212},
  year={2012},
  publisher={IEEE}
}

@inproceedings{venkatanath2015blind,
  title={Blind image quality evaluation using perception based features},
  author={Venkatanath, N and Praneeth, D and Bh, Maruthi Chandrasekhar and Channappayya, Sumohana S and Medasani, Swarup S},
  booktitle={2015 Twenty First National Conference on Communications},
  pages={1--6},
  year={2015},
  organization={IEEE}
}

@book{cox2007digital,
  title={Digital watermarking and steganography},
  author={Cox, Ingemar and Miller, Matthew and Bloom, Jeffrey and Fridrich, Jessica and Kalker, Ton},
  year={2007},
  publisher={Morgan kaufmann}
}


@article{zhang2019robust,
  title={Robust invisible video watermarking with attention},
  author={Zhang, Kevin Alex and Xu, Lei and Cuesta-Infante, Alfredo and Veeramachaneni, Kalyan},
  journal={arXiv preprint arXiv:1909.01285},
  year={2019}
}

@inproceedings{hore2010image,
  title={Image quality metrics: PSNR vs. SSIM},
  author={Hore, Alain and Ziou, Djemel},
  booktitle={2010 20th international conference on pattern recognition},
  pages={2366--2369},
  year={2010},
  organization={IEEE}
}

@article{wang2004image,
  title={Image quality assessment: from error visibility to structural similarity},
  author={Wang, Zhou and Bovik, Alan C and Sheikh, Hamid R and Simoncelli, Eero P},
  journal={IEEE transactions on image processing},
  volume={13},
  number={4},
  pages={600--612},
  year={2004},
  publisher={IEEE}
}

@article{heusel2017gans,
  title={Gans trained by a two time-scale update rule converge to a local nash equilibrium},
  author={Heusel, Martin and Ramsauer, Hubert and Unterthiner, Thomas and Nessler, Bernhard and Hochreiter, Sepp},
  journal={Advances in neural information processing systems},
  volume={30},
  year={2017}
}

@inproceedings{Radford2021LearningTV,
  title={Learning Transferable Visual Models From Natural Language Supervision},
  author={Alec Radford and Jong Wook Kim and Chris Hallacy and A. Ramesh and Gabriel Goh and Sandhini Agarwal and Girish Sastry and Amanda Askell and Pamela Mishkin and Jack Clark and Gretchen Krueger and Ilya Sutskever},
  booktitle={ICML},
  year={2021}
}

@inproceedings{song2010analysis,
  title={Analysis of digital image watermark attacks},
  author={Song, Chunlin and Sudirman, Sud and Merabti, Madjid and Llewellyn-Jones, David},
  booktitle={2010 7th IEEE Consumer Communications and Networking Conference},
  pages={1--5},
  year={2010},
  organization={IEEE}
}

@article{an2024benchmarking,
  title={Benchmarking the robustness of image watermarks},
  author={An, Bang and Ding, Mucong and Rabbani, Tahseen and Agrawal, Aakriti and Xu, Yuancheng and Deng, Chenghao and Zhu, Sicheng and Mohamed, Abdirisak and Wen, Yuxin and Goldstein, Tom and others},
  journal={arXiv preprint arXiv:2401.08573},
  year={2024}
}

@article{croitoru2023diffusion,
  title={Diffusion models in vision: A survey},
  author={Croitoru, Florinel-Alin and Hondru, Vlad and Ionescu, Radu Tudor and Shah, Mubarak},
  journal={IEEE Transactions on Pattern Analysis and Machine Intelligence},
  volume={45},
  number={9},
  pages={10850--10869},
  year={2023},
  publisher={IEEE}
}


@article{lu2022dpm,
  title={Dpm-solver: A fast ode solver for diffusion probabilistic model sampling in around 10 steps},
  author={Lu, Cheng and Zhou, Yuhao and Bao, Fan and Chen, Jianfei and Li, Chongxuan and Zhu, Jun},
  journal={Advances in Neural Information Processing Systems},
  volume={35},
  pages={5775--5787},
  year={2022}
}

@article{karras2022elucidating,
  title={Elucidating the design space of diffusion-based generative models},
  author={Karras, Tero and Aittala, Miika and Aila, Timo and Laine, Samuli},
  journal={Advances in neural information processing systems},
  volume={35},
  pages={26565--26577},
  year={2022}
}

@inproceedings{wortsman2022model,
  title={Model soups: averaging weights of multiple fine-tuned models improves accuracy without increasing inference time},
  author={Wortsman, Mitchell and Ilharco, Gabriel and Gadre, Samir Ya and Roelofs, Rebecca and Gontijo-Lopes, Raphael and Morcos, Ari S and Namkoong, Hongseok and Farhadi, Ali and Carmon, Yair and Kornblith, Simon and others},
  booktitle={International conference on machine learning},
  pages={23965--23998},
  year={2022},
  organization={PMLR}
}

@inproceedings{donahue2021model,
  title={Model-sharing games: Analyzing federated learning under voluntary participation},
  author={Donahue, Kate and Kleinberg, Jon},
  booktitle={Proceedings of the AAAI Conference on Artificial Intelligence},
  volume={35},
  number={6},
  pages={5303--5311},
  year={2021}
}

@article{pei2023data,
  title={Data and ai model markets: Opportunities for data and model sharing, discovery, and integration},
  author={Pei, Jian and Fernandez, Raul Castro and Yu, Xiaohui},
  journal={Proceedings of the VLDB Endowment},
  volume={16},
  number={12},
  pages={3872--3873},
  year={2023},
  publisher={VLDB Endowment}
}

@article{azcoitia2022survey,
  title={A survey of data marketplaces and their business models},
  author={Azcoitia, Santiago Andr{\'e}s and Laoutaris, Nikolaos},
  journal={ACM SIGMOD Record},
  volume={51},
  number={3},
  pages={18--29},
  year={2022},
  publisher={ACM New York, NY, USA}
}

@InProceedings{Rombach_2022_CVPR,
    author    = {Rombach, Robin and Blattmann, Andreas and Lorenz, Dominik and Esser, Patrick and Ommer, Bj\"orn},
    title     = {High-Resolution Image Synthesis With Latent Diffusion Models},
    booktitle = {Proceedings of the IEEE/CVF Conference on Computer Vision and Pattern Recognition (CVPR)},
    month     = {June},
    year      = {2022},
    pages     = {10684-10695}
}

@article{feng2024aqualora,
  title={AquaLoRA: Toward White-box Protection for Customized Stable Diffusion Models via Watermark LoRA},
  author={Feng, Weitao and Zhou, Wenbo and He, Jiyan and Zhang, Jie and Wei, Tianyi and Li, Guanlin and Zhang, Tianwei and Zhang, Weiming and Yu, Nenghai},
  journal={arXiv preprint arXiv:2405.11135},
  year={2024}
}

@inproceedings{yang2024gaussian,
  title={Gaussian Shading: Provable Performance-Lossless Image Watermarking for Diffusion Models},
  author={Yang, Zijin and Zeng, Kai and Chen, Kejiang and Fang, Han and Zhang, Weiming and Yu, Nenghai},
  booktitle={Proceedings of the IEEE/CVF Conference on Computer Vision and Pattern Recognition},
  pages={12162--12171},
  year={2024}
}

@inproceedings{ci2025ringid,
  title={Ringid: Rethinking tree-ring watermarking for enhanced multi-key identification},
  author={Ci, Hai and Yang, Pei and Song, Yiren and Shou, Mike Zheng},
  booktitle={European Conference on Computer Vision},
  pages={338--354},
  year={2025},
  organization={Springer}
}