@article{chan2023SUMSHINE2,
  title={Source-Aware Embedding Training on Heterogeneous Information Networks},
  author={Chan, Tsai Hor and Wong, Chi Ho and Shen, Jiajun and Yin, Guosheng},
  journal={Data Intelligence},
  pages={1--14},
  year={2023}
}

@inproceedings{choi2017gram,
  title={GRAM: graph-based attention model for healthcare representation learning},
  author={Choi, Edward and Bahadori, Mohammad Taha and Song, Le and Stewart, Walter F and Sun, Jimeng},
  booktitle={Proceedings of the 23rd ACM SIGKDD international conference on knowledge discovery and data mining},
  pages={787--795},
  year={2017}
}

@article{choi2018mime,
  title={Mime: Multilevel medical embedding of electronic health records for predictive healthcare},
  author={Choi, Edward and Xiao, Cao and Stewart, Walter and Sun, Jimeng},
  journal={Advances in neural information processing systems},
  volume={31},
  year={2018}
}

@article{del2013disseminating,
  title={Disseminating context-specific access to online knowledge resources within electronic health record systems},
  author={Del Fiol, Guilherme and Curtis, Clayton and Cimino, James J and Iskander, Andrew and Kalluri, Aditya SD and Jing, Xia and Hulse, Nathan C and Long, Jie and Overby, Casey L and Schardt, Connie and others},
  journal={Studies in health technology and informatics},
  volume={192},
  pages={672},
  year={2013},
  publisher={NIH Public Access}
}

@article{ding2022GDAsurvey,
  title={Data augmentation for deep graph learning: A survey},
  author={Ding, Kaize and Xu, Zhe and Tong, Hanghang and Liu, Huan},
  journal={ACM SIGKDD Explorations Newsletter},
  volume={24},
  number={2},
  pages={61--77},
  year={2022},
  publisher={ACM New York, NY, USA}
}

@article{evans2016electronic,
  title={Electronic health records: then, now, and in the future},
  author={Evans, R Scott},
  journal={Yearbook of medical informatics},
  volume={25},
  number={S 01},
  pages={S48--S61},
  year={2016},
  publisher={Georg Thieme Verlag KG}
}

@article{feng2020dropnode,
  title={Graph random neural networks for semi-supervised learning on graphs},
  author={Feng, Wenzheng and Zhang, Jie and Dong, Yuxiao and Han, Yu and Luan, Huanbo and Xu, Qian and Yang, Qiang and Kharlamov, Evgeny and Tang, Jie},
  journal={Advances in neural information processing systems},
  volume={33},
  pages={22092--22103},
  year={2020}
}

@inproceedings{franceschi2019learning,
  title={Learning discrete structures for graph neural networks},
  author={Franceschi, Luca and Niepert, Mathias and Pontil, Massimiliano and He, Xiao},
  booktitle={International conference on machine learning},
  pages={1972--1982},
  year={2019},
  organization={PMLR}
}

@article{hamilton2017graphSAGE,
  title={Inductive representation learning on large graphs},
  author={Hamilton, Will and Ying, Zhitao and Leskovec, Jure},
  journal={Advances in neural information processing systems},
  volume={30},
  year={2017}
}

@article{hamilton2017inductive,
  title={Inductive representation learning on large graphs},
  author={Hamilton, Will and Ying, Zhitao and Leskovec, Jure},
  journal={Advances in neural information processing systems},
  volume={30},
  year={2017}
}

@inproceedings{he2023harnessing,
  title={Harnessing explanations: Llm-to-lm interpreter for enhanced text-attributed graph representation learning},
  author={He, Xiaoxin and Bresson, Xavier and Laurent, Thomas and Perold, Adam and LeCun, Yann and Hooi, Bryan},
  booktitle={The Twelfth International Conference on Learning Representations},
  year={2023}
}

@article{hsu2012context,
  title={Context-based electronic health record: toward patient specific healthcare},
  author={Hsu, William and Taira, Ricky K and El-Saden, Suzie and Kangarloo, Hooshang and Bui, Alex AT},
  journal={IEEE Transactions on information technology in biomedicine},
  volume={16},
  number={2},
  pages={228--234},
  year={2012},
  publisher={IEEE}
}

@inproceedings{hu2020HGT,
  title={Heterogeneous graph transformer},
  author={Hu, Ziniu and Dong, Yuxiao and Wang, Kuansan and Sun, Yizhou},
  booktitle={Proceedings of The Web Conference 2020},
  pages={2704--2710},
  year={2020}
}

@article{huang2020dahgt,
  title={DA-HGT: Domain Adaptive Heterogeneous Graph Transformer},
  author={Huang, Tiancheng and Xu, Ke and Wang, Donglin},
  journal={arXiv preprint arXiv:2012.05688},
  year={2020}
}

@article{jiang2023graphcare,
  title={GraphCare: Enhancing Healthcare Predictions with Open-World Personalized Knowledge Graphs},
  author={Jiang, Pengcheng and Xiao, Cao and Cross, Adam and Sun, Jimeng},
  journal={arXiv preprint arXiv:2305.12788},
  year={2023}
}

@inproceedings{kipf2016gcn,
  title={Semi-supervised classification with graph convolutional networks},
  author={Welling, Max and Kipf, Thomas N},
  booktitle={J. International Conference on Learning Representations (ICLR 2017)},
  year={2016}
}

@article{kojima2020kgcn,
  title={kGCN: a graph-based deep learning framework for chemical structures},
  author={Kojima, Ryosuke and Ishida, Shoichi and Ohta, Masateru and Iwata, Hiroaki and Honma, Teruki and Okuno, Yasushi},
  journal={Journal of Cheminformatics},
  volume={12},
  pages={1--10},
  year={2020},
  publisher={Springer}
}

@inproceedings{li2018deeper,
  title={Deeper insights into graph convolutional networks for semi-supervised learning},
  author={Li, Qimai and Han, Zhichao and Wu, Xiao-Ming},
  booktitle={Proceedings of the AAAI conference on artificial intelligence},
  volume={32},
  number={1},
  year={2018}
}

@inproceedings{liu2020hsgnn,
  title={Heterogeneous similarity graph neural network on electronic health records},
  author={Liu, Zheng and Li, Xiaohan and Peng, Hao and He, Lifang and Philip, S Yu},
  booktitle={2020 IEEE International Conference on Big Data (Big Data)},
  pages={1196--1205},
  year={2020},
  organization={IEEE}
}

@inproceedings{liu2022local,
  title={Local augmentation for graph neural networks},
  author={Liu, Songtao and Ying, Rex and Dong, Hanze and Li, Lanqing and Xu, Tingyang and Rong, Yu and Zhao, Peilin and Huang, Junzhou and Wu, Dinghao},
  booktitle={International Conference on Machine Learning},
  pages={14054--14072},
  year={2022},
  organization={PMLR}
}

@inproceedings{ma2017dipole,
  title={Dipole: Diagnosis prediction in healthcare via attention-based bidirectional recurrent neural networks},
  author={Ma, Fenglong and Chitta, Radha and Zhou, Jing and You, Quanzeng and Sun, Tong and Gao, Jing},
  booktitle={Proceedings of the 23rd ACM SIGKDD international conference on knowledge discovery and data mining},
  pages={1903--1911},
  year={2017}
}

@inproceedings{ma2020adacare,
  title={Adacare: Explainable clinical health status representation learning via scale-adaptive feature extraction and recalibration},
  author={Ma, Liantao and Gao, Junyi and Wang, Yasha and Zhang, Chaohe and Wang, Jiangtao and Ruan, Wenjie and Tang, Wen and Gao, Xin and Ma, Xinyu},
  booktitle={Proceedings of the AAAI Conference on Artificial Intelligence},
  volume={34},
  number={01},
  pages={825--832},
  year={2020}
}

@inproceedings{ma2020concare,
  title={Concare: Personalized clinical feature embedding via capturing the healthcare context},
  author={Ma, Liantao and Zhang, Chaohe and Wang, Yasha and Ruan, Wenjie and Wang, Jiangtao and Tang, Wen and Ma, Xinyu and Gao, Xin and Gao, Junyi},
  booktitle={Proceedings of the AAAI Conference on Artificial Intelligence},
  volume={34},
  number={01},
  pages={833--840},
  year={2020}
}

@article{park2021metropolis,
  title={Metropolis-hastings data augmentation for graph neural networks},
  author={Park, Hyeonjin and Lee, Seunghun and Kim, Sihyeon and Park, Jinyoung and Jeong, Jisu and Kim, Kyung-Min and Ha, Jung-Woo and Kim, Hyunwoo J},
  journal={Advances in Neural Information Processing Systems},
  volume={34},
  pages={19010--19020},
  year={2021}
}

@inproceedings{park2022graph,
  title={Graph transplant: Node saliency-guided graph mixup with local structure preservation},
  author={Park, Joonhyung and Shim, Hajin and Yang, Eunho},
  booktitle={Proceedings of the AAAI Conference on Artificial Intelligence},
  volume={36},
  number={7},
  pages={7966--7974},
  year={2022}
}

@inproceedings{qiu2020gcc,
  title={Gcc: Graph contrastive coding for graph neural network pre-training},
  author={Qiu, Jiezhong and Chen, Qibin and Dong, Yuxiao and Zhang, Jing and Yang, Hongxia and Ding, Ming and Wang, Kuansan and Tang, Jie},
  booktitle={Proceedings of the 26th ACM SIGKDD international conference on knowledge discovery \& data mining},
  pages={1150--1160},
  year={2020}
}

@article{rong2019dropedge,
  title={Dropedge: Towards deep graph convolutional networks on node classification},
  author={Rong, Yu and Huang, Wenbing and Xu, Tingyang and Huang, Junzhou},
  journal={arXiv preprint arXiv:1907.10903},
  year={2019}
}

@inproceedings{schlichtkrull2018RGCN,
  title={Modeling relational data with graph convolutional networks},
  author={Schlichtkrull, Michael and Kipf, Thomas N and Bloem, Peter and Berg, Rianne van den and Titov, Ivan and Welling, Max},
  booktitle={European semantic web conference},
  pages={593--607},
  year={2018},
  organization={Springer}
}

@inproceedings{simonovsky2018graphvae,
  title={Graphvae: Towards generation of small graphs using variational autoencoders},
  author={Simonovsky, Martin and Komodakis, Nikos},
  booktitle={Artificial Neural Networks and Machine Learning--ICANN 2018: 27th International Conference on Artificial Neural Networks, Rhodes, Greece, October 4-7, 2018, Proceedings, Part I 27},
  pages={412--422},
  year={2018},
  organization={Springer}
}

@article{suresh2021AD-GCL,
  title={Adversarial graph augmentation to improve graph contrastive learning},
  author={Suresh, Susheel and Li, Pan and Hao, Cong and Neville, Jennifer},
  journal={Advances in Neural Information Processing Systems},
  volume={34},
  pages={15920--15933},
  year={2021}
}

@misc{tang2024graphgpt,
      title={GraphGPT: Graph Instruction Tuning for Large Language Models}, 
      author={Jiabin Tang and Yuhao Yang and Wei Wei and Lei Shi and Lixin Su and Suqi Cheng and Dawei Yin and Chao Huang},
      year={2024},
      eprint={2310.13023},
      archivePrefix={arXiv},
      primaryClass={cs.CL}
}

@article{topping2021understanding,
  title={Understanding over-squashing and bottlenecks on graphs via curvature},
  author={Topping, Jake and Di Giovanni, Francesco and Chamberlain, Benjamin Paul and Dong, Xiaowen and Bronstein, Michael M},
  journal={arXiv preprint arXiv:2111.14522},
  year={2021}
}

@article{velivckovic2017GAT,
  title={Graph attention networks},
  author={Veli{\v{c}}kovi{\'c}, Petar and Cucurull, Guillem and Casanova, Arantxa and Romero, Adriana and Lio, Pietro and Bengio, Yoshua},
  journal={arXiv preprint arXiv:1710.10903},
  year={2017}
}

@article{velivckovic2018DGinfomax,
  title={Deep graph infomax},
  author={Veli{\v{c}}kovi{\'c}, Petar and Fedus, William and Hamilton, William L and Li{\`o}, Pietro and Bengio, Yoshua and Hjelm, R Devon},
  journal={arXiv preprint arXiv:1809.10341},
  year={2018}
}

@inproceedings{wang2019HAN,
  title={Heterogeneous graph attention network},
  author={Wang, Xiao and Ji, Houye and Shi, Chuan and Wang, Bai and Ye, Yanfang and Cui, Peng and Yu, Philip S},
  booktitle={The World Wide Web Conference},
  pages={2022--2032},
  year={2019}
}

@inproceedings{wang2020nodeaug,
  title={Nodeaug: Semi-supervised node classification with data augmentation},
  author={Wang, Yiwei and Wang, Wei and Liang, Yuxuan and Cai, Yujun and Liu, Juncheng and Hooi, Bryan},
  booktitle={Proceedings of the 26th ACM SIGKDD International Conference on Knowledge Discovery \& Data Mining},
  pages={207--217},
  year={2020}
}

@inproceedings{wei2024llmrec,
  title={Llmrec: Large language models with graph augmentation for recommendation},
  author={Wei, Wei and Ren, Xubin and Tang, Jiabin and Wang, Qinyong and Su, Lixin and Cheng, Suqi and Wang, Junfeng and Yin, Dawei and Huang, Chao},
  booktitle={Proceedings of the 17th ACM International Conference on Web Search and Data Mining},
  pages={806--815},
  year={2024}
}

@article{west2021symbolic,
  title={Symbolic knowledge distillation: from general language models to commonsense models},
  author={West, Peter and Bhagavatula, Chandra and Hessel, Jack and Hwang, Jena D and Jiang, Liwei and Bras, Ronan Le and Lu, Ximing and Welleck, Sean and Choi, Yejin},
  journal={arXiv preprint arXiv:2110.07178},
  year={2021}
}

@article{wu2020graph,
  title={Graph information bottleneck},
  author={Wu, Tailin and Ren, Hongyu and Li, Pan and Leskovec, Jure},
  journal={Advances in Neural Information Processing Systems},
  volume={33},
  pages={20437--20448},
  year={2020}
}

@inproceedings{xu2018GIN,
  title={How Powerful are Graph Neural Networks?},
  author={Xu, Keyulu and Hu, Weihua and Leskovec, Jure and Jegelka, Stefanie},
  booktitle={International Conference on Learning Representations},
  year={2018}
}

@inproceedings{yang2019topology,
  title={Topology Optimization based Graph Convolutional Network.},
  author={Yang, Liang and Kang, Zesheng and Cao, Xiaochun and Jin, Di and Yang, Bo and Guo, Yuanfang},
  booktitle={IJCAI},
  pages={4054--4061},
  year={2019}
}

@inproceedings{yang2020MuSDAC,
  title={Domain Adaptive Classification on Heterogeneous Information Networks.},
  author={Yang, Shuwen and Song, Guojie and Jin, Yilun and Du, Lun},
  booktitle={IJCAI},
  pages={1410--1416},
  year={2020}
}

@inproceedings{you2020does,
  title={When does self-supervision help graph convolutional networks?},
  author={You, Yuning and Chen, Tianlong and Wang, Zhangyang and Shen, Yang},
  booktitle={international conference on machine learning},
  pages={10871--10880},
  year={2020},
  organization={PMLR}
}

@article{yun2019GTN,
  title={Graph transformer networks},
  author={Yun, Seongjun and Jeong, Minbyul and Kim, Raehyun and Kang, Jaewoo and Kim, Hyunwoo J},
  journal={Advances in neural information processing systems},
  volume={32},
  year={2019}
}

@article{zhang2017mixup,
  title={mixup: Beyond empirical risk minimization},
  author={Zhang, Hongyi and Cisse, Moustapha and Dauphin, Yann N and Lopez-Paz, David},
  journal={arXiv preprint arXiv:1710.09412},
  year={2017}
}

@article{zhang2022greaselm,
  title={Greaselm: Graph reasoning enhanced language models for question answering},
  author={Zhang, Xikun and Bosselut, Antoine and Yasunaga, Michihiro and Ren, Hongyu and Liang, Percy and Manning, Christopher D and Leskovec, Jure},
  journal={arXiv preprint arXiv:2201.08860},
  year={2022}
}

@inproceedings{zheng2020robust,
  title={Robust graph representation learning via neural sparsification},
  author={Zheng, Cheng and Zong, Bo and Cheng, Wei and Song, Dongjin and Ni, Jingchao and Yu, Wenchao and Chen, Haifeng and Wang, Wei},
  booktitle={International Conference on Machine Learning},
  pages={11458--11468},
  year={2020},
  organization={PMLR}
}

