%---------------------------------------------------------
%---------------------------------------------------------
% Homogeneous GNN algorithms
% Graph attetion networks
@article{velivckovic2017GAT,
  title={Graph attention networks},
  author={Veli{\v{c}}kovi{\'c}, Petar and Cucurull, Guillem and Casanova, Arantxa and Romero, Adriana and Lio, Pietro and Bengio, Yoshua},
  journal={arXiv preprint arXiv:1710.10903},
  year={2017}
}
%GIN
@inproceedings{xu2018GIN,
  title={How Powerful are Graph Neural Networks?},
  author={Xu, Keyulu and Hu, Weihua and Leskovec, Jure and Jegelka, Stefanie},
  booktitle={International Conference on Learning Representations},
  year={2018}
}


@article{yun2019GTN,
  title={Graph transformer networks},
  author={Yun, Seongjun and Jeong, Minbyul and Kim, Raehyun and Kang, Jaewoo and Kim, Hyunwoo J},
  journal={Advances in neural information processing systems},
  volume={32},
  year={2019}
}

@article{hamilton2017graphSAGE,
  title={Inductive representation learning on large graphs},
  author={Hamilton, Will and Ying, Zhitao and Leskovec, Jure},
  journal={Advances in neural information processing systems},
  volume={30},
  year={2017}
}

@inproceedings{gong2019EGNN,
  title={Exploiting edge features for graph neural networks},
  author={Gong, Liyu and Cheng, Qiang},
  booktitle={Proceedings of the IEEE/CVF conference on computer vision and pattern recognition},
  pages={9211--9219},
  year={2019}
}

@inproceedings{chan2022sumshine1,
  title={SUMSHINE: Scalable Unsupervised Multi-Source Heterogeneous Information Network Embeddings},
  author={Chan, Tsai Hor and Wong, Chi Ho and Shen, Jiajun and Yin, Guosheng},
  booktitle={2022 IEEE International Conference on Knowledge Graph (ICKG)},
  pages={32--39},
  year={2022},
  organization={IEEE}
}

@article{chan2023SUMSHINE2,
  title={Source-Aware Embedding Training on Heterogeneous Information Networks},
  author={Chan, Tsai Hor and Wong, Chi Ho and Shen, Jiajun and Yin, Guosheng},
  journal={Data Intelligence},
  pages={1--14},
  year={2023}
}

% Graph Convolutional Neural Network
@inproceedings{kipf2016gcn,
  title={Semi-supervised classification with graph convolutional networks},
  author={Welling, Max and Kipf, Thomas N},
  booktitle={J. International Conference on Learning Representations (ICLR 2017)},
  year={2016}
}

% Dual GCN
@inproceedings{zhuang2018dualgcn,
  title={Dual graph convolutional networks for graph-based semi-supervised classification},
  author={Zhuang, Chenyi and Ma, Qiang},
  booktitle={Proceedings of the 2018 World Wide Web Conference},
  pages={499--508},
  year={2018}
}


%---------------------------------------------------------
%Proposition of GNN
@article{scarselli2008graph,
  title={The graph neural network model},
  author={Scarselli, Franco and Gori, Marco and Tsoi, Ah Chung and Hagenbuchner, Markus and Monfardini, Gabriele},
  journal={IEEE transactions on neural networks},
  volume={20},
  number={1},
  pages={61--80},
  year={2008},
  publisher={IEEE}
}


@inproceedings{gori2005new,
  title={A new model for learning in graph domains},
  author={Gori, Marco and Monfardini, Gabriele and Scarselli, Franco},
  booktitle={Proceedings. 2005 IEEE International Joint Conference on Neural Networks, 2005.},
  volume={2},
  pages={729--734},
  year={2005},
  organization={IEEE}
}

%---------------------------------------------------------
%POOLING
@inproceedings{ranjan2020asap,
  title={Asap: Adaptive structure aware pooling for learning hierarchical graph representations},
  author={Ranjan, Ekagra and Sanyal, Soumya and Talukdar, Partha},
  booktitle={Proceedings of the AAAI Conference on Artificial Intelligence},
  volume={34},
  number={04},
  pages={5470--5477},
  year={2020}
}

@article{eliasof2020diffpool,
  title={Diffgcn: Graph convolutional networks via differential operators and algebraic multigrid pooling},
  author={Eliasof, Moshe and Treister, Eran},
  journal={Advances in neural information processing systems},
  volume={33},
  pages={18016--18027},
  year={2020}
}

@article{li2015globalAttentionPooling,
  title={Gated graph sequence neural networks},
  author={Li, Yujia and Tarlow, Daniel and Brockschmidt, Marc and Zemel, Richard},
  journal={arXiv preprint arXiv:1511.05493},
  year={2015}
}
%---------------------------------------------------------
%SIGN
@article{rossi2020sign,
  title={Sign: Scalable inception graph neural networks},
  author={Rossi, Emanuele and Frasca, Fabrizio and Chamberlain, Ben and Eynard, Davide and Bronstein, Michael and Monti, Federico},
  journal={arXiv preprint arXiv:2004.11198},
  year={2020}
}
%---------------------------------------------------------

%---------------------------------------------------------
%SAGN
@article{sun2021scalable,
  title={Scalable and Adaptive Graph Neural Networks with Self-Label-Enhanced training},
  author={Sun, Chuxiong},
  journal={arXiv preprint arXiv:2104.09376},
  year={2021}
}

%---------------------------------------------------------
% Surveys
%---------------------------------------------------------
% GNN reviews and survey
@article{zhou2020gnnsurvey,
  title={Graph neural networks: A review of methods and applications},
  author={Zhou, Jie and Cui, Ganqu and Hu, Shengding and Zhang, Zhengyan and Yang, Cheng and Liu, Zhiyuan and Wang, Lifeng and Li, Changcheng and Sun, Maosong},
  journal={AI Open},
  volume={1},
  pages={57--81},
  year={2020},
  publisher={Elsevier}
}

% HGNN Reviews
@article{wang2020hgnnsurvey,
  title={A survey on heterogeneous graph embedding: methods, techniques, applications and sources},
  author={Wang, Xiao and Bo, Deyu and Shi, Chuan and Fan, Shaohua and Ye, Yanfang and Yu, Philip S},
  journal={arXiv preprint arXiv:2011.14867},
  year={2020}
}

% KG Reviews
@article{ji2021kgsurvey,
  title={A survey on knowledge graphs: Representation, acquisition, and applications},
  author={Ji, Shaoxiong and Pan, Shirui and Cambria, Erik and Marttinen, Pekka and Philip, S Yu},
  journal={IEEE Transactions on Neural Networks and Learning Systems},
  year={2021},
  publisher={IEEE}
}

-----------------------------------------------------
%---------------------------------------------------------
% GraphSAGE
@article{DBLP:journals/corr/HamiltonYL17,
  author    = {William L. Hamilton and
               Rex Ying and
               Jure Leskovec},
  title     = {Inductive Representation Learning on Large Graphs},
  journal   = {CoRR},
  volume    = {abs/1706.02216},
  year      = {2017},
  url       = {http://arxiv.org/abs/1706.02216},
  archivePrefix = {arXiv},
  eprint    = {1706.02216},
  timestamp = {Mon, 13 Aug 2018 16:46:12 +0200},
  biburl    = {https://dblp.org/rec/journals/corr/HamiltonYL17.bib},
  bibsource = {dblp computer science bibliography, https://dblp.org}
}
%---------------------------------------------------------
%---------------------------------------------------------
% GgAn
@article{Zhang2018GAAN,
  author    = {Jiani Zhang and
               Xingjian Shi and
               Junyuan Xie and
               Hao Ma and
               Irwin King and
               Dit{-}Yan Yeung},
  title     = {GaAN: Gated Attention Networks for Learning on Large and Spatiotemporal
               Graphs},
  journal   = {CoRR},
  volume    = {abs/1803.07294},
  year      = {2018},
  url       = {http://arxiv.org/abs/1803.07294},
  archivePrefix = {arXiv},
  eprint    = {1803.07294},
  timestamp = {Tue, 01 Sep 2020 13:30:17 +0200},
  biburl    = {https://dblp.org/rec/journals/corr/abs-1803-07294.bib},
  bibsource = {dblp computer science bibliography, https://dblp.org}
}
%---------------------------------------------------------
% HGConv

@article{yu2020hybrid,
  title={Hybrid Micro/Macro Level Convolution for Heterogeneous Graph Learning},
  author={Yu, Le and Sun, Leilei and Du, Bowen and Liu, Chuanren and Lv, Weifeng and Xiong, Hui},
  journal={arXiv preprint arXiv:2012.14722},
  year={2020}
}

% HAN
@inproceedings{wang2019HAN,
  title={Heterogeneous graph attention network},
  author={Wang, Xiao and Ji, Houye and Shi, Chuan and Wang, Bai and Ye, Yanfang and Cui, Peng and Yu, Philip S},
  booktitle={The World Wide Web Conference},
  pages={2022--2032},
  year={2019}
}

% HGT 
@inproceedings{hu2020HGT,
  title={Heterogeneous graph transformer},
  author={Hu, Ziniu and Dong, Yuxiao and Wang, Kuansan and Sun, Yizhou},
  booktitle={Proceedings of The Web Conference 2020},
  pages={2704--2710},
  year={2020}
}

% RGCN
@inproceedings{schlichtkrull2018RGCN,
  title={Modeling relational data with graph convolutional networks},
  author={Schlichtkrull, Michael and Kipf, Thomas N and Bloem, Peter and Berg, Rianne van den and Titov, Ivan and Welling, Max},
  booktitle={European semantic web conference},
  pages={593--607},
  year={2018},
  organization={Springer}
}

@article{vaswani2017attAlluNeed,
  title={Attention is all you need},
  author={Vaswani, Ashish and Shazeer, Noam and Parmar, Niki and Uszkoreit, Jakob and Jones, Llion and Gomez, Aidan N and Kaiser, {\L}ukasz and Polosukhin, Illia},
  journal={Advances in neural information processing systems},
  volume={30},
  year={2017}
}

%---------------------------------------------------------
% Link-based heterogeneous graph embeddings
% TransE
@article{bordes2013transE,
  title={Translating embeddings for modeling multi-relational data},
  author={Bordes, Antoine and Usunier, Nicolas and Garcia-Duran, Alberto and Weston, Jason and Yakhnenko, Oksana},
  journal={Advances in neural information processing systems},
  volume={26},
  year={2013}
}

%TransD
@inproceedings{ji2015transD,
  title={Knowledge graph embedding via dynamic mapping matrix},
  author={Ji, Guoliang and He, Shizhu and Xu, Liheng and Liu, Kang and Zhao, Jun},
  booktitle={Proceedings of the 53rd Annual Meeting of the Association for Computational Linguistics and the 7th International Joint Conference on Natural Language Processing (Volume 1: Long Papers)},
  pages={687--696},
  year={2015}
}

% MuPr
@article{balazevic2019MuPr,
  title={Multi-relational poincar{\'e} graph embeddings},
  author={Balazevic, Ivana and Allen, Carl and Hospedales, Timothy},
  journal={Advances in Neural Information Processing Systems},
  volume={32},
  pages={4463--4473},
  year={2019}
}

% ComplEx
@inproceedings{trouillon2016complex,
  title={Complex embeddings for simple link prediction},
  author={Trouillon, Th{\'e}o and Welbl, Johannes and Riedel, Sebastian and Gaussier, {\'E}ric and Bouchard, Guillaume},
  booktitle={International conference on machine learning},
  pages={2071--2080},
  year={2016},
  organization={PMLR}
}

% RESCAL
@article{nickel2015RESCAL,
  title={A review of relational machine learning for knowledge graphs},
  author={Nickel, Maximilian and Murphy, Kevin and Tresp, Volker and Gabrilovich, Evgeniy},
  journal={Proceedings of the IEEE},
  volume={104},
  number={1},
  pages={11--33},
  year={2015},
  publisher={IEEE}
}

% Distmult
@article{yang2014distMult,
  title={Embedding entities and relations for learning and inference in knowledge bases},
  author={Yang, Bishan and Yih, Wen-tau and He, Xiaodong and Gao, Jianfeng and Deng, Li},
  journal={arXiv preprint arXiv:1412.6575},
  year={2014}
}

% TransR

@inproceedings{lin2015transR,
  title={Learning entity and relation embeddings for knowledge graph completion},
  author={Lin, Yankai and Liu, Zhiyuan and Sun, Maosong and Liu, Yang and Zhu, Xuan},
  booktitle={Twenty-ninth AAAI conference on artificial intelligence},
  year={2015}
}

%---------------------------------------------------------
@ARTICLE{yang2019heterodisease,
  author={Yang, Kuo and Wang, Ruyu and Liu, Guangming and Shu, Zixin and Wang, Ning and Zhang, Runshun and Yu, Jian and Chen, Jianxin and Li, Xiaodong and Zhou, Xuezhong},
  journal={IEEE Journal of Biomedical and Health Informatics}, 
  title={HerGePred: Heterogeneous Network Embedding Representation for Disease Gene Prediction}, 
  year={2019},
  volume={23},
  number={4},
  pages={1805-1815},
  doi={10.1109/JBHI.2018.2870728}}

%---------------------------------------------------------
% Becnhmarking
@article{lv2021arewe,
  title={Are we really making much progress? Revisiting, benchmarking, and refining heterogeneous graph neural networks},
  author={Lv, Qingsong and Ding, Ming and Liu, Qiang and Chen, Yuxiang and Feng, Wenzheng and He, Siming and Zhou, Chang and Jiang, Jianguo and Dong, Yuxiao and Tang, Jie},
  year={2021}
}

@article{hu2020OGB,
  title={Open graph benchmark: Datasets for machine learning on graphs},
  author={Hu, Weihua and Fey, Matthias and Zitnik, Marinka and Dong, Yuxiao and Ren, Hongyu and Liu, Bowen and Catasta, Michele and Leskovec, Jure},
  journal={arXiv preprint arXiv:2005.00687},
  year={2020}
}

@article{morris2020tudataset,
  title={Tudataset: A collection of benchmark datasets for learning with graphs},
  author={Morris, Christopher and Kriege, Nils M and Bause, Franka and Kersting, Kristian and Mutzel, Petra and Neumann, Marion},
  journal={arXiv preprint arXiv:2007.08663},
  year={2020}
}
{"mode":"full","isActive":false}
%---------------------------------------------------------
% TreX
@inproceedings{brown2019trex,
  title={Extrapolating beyond suboptimal demonstrations via inverse reinforcement learning from observations},
  author={Brown, Daniel and Goo, Wonjoon and Nagarajan, Prabhat and Niekum, Scott},
  booktitle={International conference on machine learning},
  pages={783--792},
  year={2019},
  organization={PMLR}
}
{"mode":"full","isActive":false}

%---------------------------------------------------------
% Domain adaptive methods
    
%% Domain adaptive HGNN
%%% MuSDAC
@inproceedings{yang2020MuSDAC,
  title={Domain Adaptive Classification on Heterogeneous Information Networks.},
  author={Yang, Shuwen and Song, Guojie and Jin, Yilun and Du, Lun},
  booktitle={IJCAI},
  pages={1410--1416},
  year={2020}
}

% DA-HAN

% Multi-domain & Multi-modal alignment
@article{lin2021multi-modal,
  title={Distribution Aligned Multimodal and Multi-Domain Image Stylization},
  author={Lin, Minxuan and Tang, Fan and Dong, Weiming and Li, Xiao and Xu, Changsheng and Ma, Chongyang},
  journal={ACM Transactions on Multimedia Computing, Communications, and Applications (TOMM)},
  volume={17},
  number={3},
  pages={1--17},
  year={2021},
  publisher={ACM New York, NY}
}

% DA-HGT
@article{huang2020dahgt,
  title={DA-HGT: Domain Adaptive Heterogeneous Graph Transformer},
  author={Huang, Tiancheng and Xu, Ke and Wang, Donglin},
  journal={arXiv preprint arXiv:2012.05688},
  year={2020}
}
% Domain adaptaion techniques

% 
@article{zhang2019dane,
  title={Dane: Domain adaptive network embedding},
  author={Zhang, Yizhou and Song, Guojie and Du, Lun and Yang, Shuwen and Jin, Yilun},
  journal={arXiv preprint arXiv:1906.00684},
  year={2019}
}

% GAN domain alignment
@inproceedings{tzeng2017ADDA,
  title={Adversarial discriminative domain adaptation},
  author={Tzeng, Eric and Hoffman, Judy and Saenko, Kate and Darrell, Trevor},
  booktitle={Proceedings of the IEEE conference on computer vision and pattern recognition},
  pages={7167--7176},
  year={2017}
}

% Graph domain adaptaions
@inproceedings{ding2018GraphDA,
  title={Graph adaptive knowledge transfer for unsupervised domain adaptation},
  author={Ding, Zhengming and Li, Sheng and Shao, Ming and Fu, Yun},
  booktitle={Proceedings of the European Conference on Computer Vision (ECCV)},
  pages={37--52},
  year={2018}
}

% Theoretical domain adaptation
@article{ben2007DATheoryAnalysis,
  title={Analysis of representations for domain adaptation},
  author={Ben-David, Shai and Blitzer, John and Crammer, Koby and Pereira, Fernando and others},
  journal={Advances in neural information processing systems},
  volume={19},
  pages={137},
  year={2007},
  publisher={MIT; 1998}
}
%---------------------------------------------------------

% GAN

@article{goodfellow2020GAN,
  title={Generative adversarial networks},
  author={Goodfellow, Ian and Pouget-Abadie, Jean and Mirza, Mehdi and Xu, Bing and Warde-Farley, David and Ozair, Sherjil and Courville, Aaron and Bengio, Yoshua},
  journal={Communications of the ACM},
  volume={63},
  number={11},
  pages={139--144},
  year={2020},
  publisher={ACM New York, NY, USA}
}

%---------------------------------------------------------
% Meta-path related
@article{sun2011metapathsim,
  title={Pathsim: Meta path-based top-k similarity search in heterogeneous information networks},
  author={Sun, Yizhou and Han, Jiawei and Yan, Xifeng and Yu, Philip S and Wu, Tianyi},
  journal={Proceedings of the VLDB Endowment},
  volume={4},
  number={11},
  pages={992--1003},
  year={2011},
  publisher={VLDB Endowment}
}
%---------------------------------------------------------
% Recommendations
@article{shi2018HeRec,
  title={Heterogeneous information network embedding for recommendation},
  author={Shi, Chuan and Hu, Binbin and Zhao, Wayne Xin and Philip, S Yu},
  journal={IEEE Transactions on Knowledge and Data Engineering},
  volume={31},
  number={2},
  pages={357--370},
  year={2018},
  publisher={IEEE}
}

@inproceedings{cai2023lightgcl,
  title={LightGCL: Simple Yet Effective Graph Contrastive Learning for Recommendation},
  author={Cai, Xuheng and Huang, Chao and Xia, Lianghao and Ren, Xubin},
  booktitle={The Eleventh International Conference on Learning Representations},
  year={2023}
}

@article{nguyen2018d2drec,
  title={Domain-to-domain translation model for recommender system},
  author={Nguyen, Linh and Ishigaki, Tsukasa},
  journal={arXiv preprint arXiv:1812.06229},
  year={2018}
}

@article{kojima2020kgcn,
  title={kGCN: a graph-based deep learning framework for chemical structures},
  author={Kojima, Ryosuke and Ishida, Shoichi and Ohta, Masateru and Iwata, Hiroaki and Honma, Teruki and Okuno, Yasushi},
  journal={Journal of Cheminformatics},
  volume={12},
  pages={1--10},
  year={2020},
  publisher={Springer}
}

%-----------------------------------------------------------
% Metrics
%% NDCG
@inproceedings{wang2013NDCG,
  title={A theoretical analysis of NDCG type ranking measures},
  author={Wang, Yining and Wang, Liwei and Li, Yuanzhi and He, Di and Liu, Tie-Yan},
  booktitle={Conference on learning theory},
  pages={25--54},
  year={2013},
  organization={PMLR}
}

@inproceedings{bergmann2020uninformedstudents,
  title={Uninformed students: Student-teacher anomaly detection with discriminative latent embeddings},
  author={Bergmann, Paul and Fauser, Michael and Sattlegger, David and Steger, Carsten},
  booktitle={Proceedings of the IEEE/CVF Conference on Computer Vision and Pattern Recognition},
  pages={4183--4192},
  year={2020}
}

%% MMD loss
@article{dziugaite2015MMDloss,
  title={Training generative neural networks via maximum mean discrepancy optimization},
  author={Dziugaite, Gintare Karolina and Roy, Daniel M and Ghahramani, Zoubin},
  journal={arXiv preprint arXiv:1505.03906},
  year={2015}
}

%% JS divergence
@inproceedings{fuglede2004JSdiv,
  title={Jensen-Shannon divergence and Hilbert space embedding},
  author={Fuglede, Bent and Topsoe, Flemming},
  booktitle={International Symposium onInformation Theory, 2004. ISIT 2004. Proceedings.},
  pages={31},
  year={2004},
  organization={IEEE}
}

%-----------------------------------------------------------
% Miscellaneous

@inproceedings{balaji2020overparameterization,
  title={Understanding Over-parameterization in Generative Adversarial Networks},
  author={Balaji, Yogesh and Sajedi, Mohammadmahdi and Kalibhat, Neha Mukund and Ding, Mucong and St{\"o}ger, Dominik and Soltanolkotabi, Mahdi and Feizi, Soheil},
  booktitle={International Conference on Learning Representations},
  year={2020}
}


@article{saltz2018TILcells,
  title={Spatial organization and molecular correlation of tumor-infiltrating lymphocytes using deep learning on pathology images},
  author={Saltz, Joel and Gupta, Rajarsi and Hou, Le and Kurc, Tahsin and Singh, Pankaj and Nguyen, Vu and Samaras, Dimitris and Shroyer, Kenneth R and Zhao, Tianhao and Batiste, Rebecca and others},
  journal={Cell reports},
  volume={23},
  number={1},
  pages={181--193},
  year={2018},
  publisher={Elsevier}
}

%-----------------------------------------------------------
%-----------------------------------------------------------
% Computer Vision
%-----------------------------------------------------------
%-----------------------------------------------------------
% Otsu's thresholding
@ARTICLE{4310076,
  author={Otsu, Nobuyuki},
  journal={IEEE Transactions on Systems, Man, and Cybernetics}, 
  title={A Threshold Selection Method from Gray-Level Histograms}, 
  year={1979},
  volume={9},
  number={1},
  pages={62-66},
  doi={10.1109/TSMC.1979.4310076}
}

%-----------------------------------------------------------
% Network architectures
%-----------------------------------------------------------
@inproceedings{tan2019efficientnet,
  title={Efficientnet: Rethinking model scaling for convolutional neural networks},
  author={Tan, Mingxing and Le, Quoc},
  booktitle={International Conference on Machine Learning},
  pages={6105--6114},
  year={2019},
  organization={PMLR}
}

@inproceedings{tan2021efficientnetv2,
  title={Efficientnetv2: Smaller models and faster training},
  author={Tan, Mingxing and Le, Quoc},
  booktitle={International Conference on Machine Learning},
  pages={10096--10106},
  year={2021},
  organization={PMLR}
}


%-----------------------------------------------------------
%-----------------------------------------------------------
% Medical Image Analysis
%-----------------------------------------------------------
%-----------------------------------------------------------

@article{wang2019rmdl,
  title={RMDL: Recalibrated multi-instance deep learning for whole slide gastric image classification},
  author={Wang, Shujun and Zhu, Yaxi and Yu, Lequan and Chen, Hao and Lin, Huangjing and Wan, Xiangbo and Fan, Xinjuan and Heng, Pheng-Ann},
  journal={Medical image analysis},
  volume={58},
  pages={101549},
  year={2019},
  publisher={Elsevier}
}

% Path-GCN
@inproceedings{chen2021patchGCN,
  title={Whole Slide Images are 2D Point Clouds: Context-Aware Survival Prediction using Patch-based Graph Convolutional Networks},
  author={Chen, Richard J and Lu, Ming Y and Shaban, Muhammad and Chen, Chengkuan and Chen, Tiffany Y and Williamson, Drew FK and Mahmood, Faisal},
  booktitle={International Conference on Medical Image Computing and Computer-Assisted Intervention},
  pages={339--349},
  year={2021},
  organization={Springer}
}

@article{hou2022h2MIL,
  title={H2-MIL: Exploring Hierarchical Representation with Heterogeneous Multiple Instance Learning for Whole Slide Image Analysis},
  author={Hou, Wentai and Yu, Lequan and Lin, Chengxuan and Huang, Helong and Yu, Rongshan and Qin, Jing and Wang, Liansheng},
  booktitle={Thirty-sixth AAAI conference on artificial intelligence},
  year={2022}
}

% Hovernet
@article{graham2019hovernet,
  title={Hover-net: Simultaneous segmentation and classification of nuclei in multi-tissue histology images},
  author={Graham, Simon and Vu, Quoc Dang and Raza, Shan E Ahmed and Azam, Ayesha and Tsang, Yee Wah and Kwak, Jin Tae and Rajpoot, Nasir},
  journal={Medical Image Analysis},
  volume={58},
  pages={101563},
  year={2019},
  publisher={Elsevier}
}

@mastersthesis{riasatian2020kimianet,
  title={Kimianet: Training a deep network for histopathology using high-cellularity},
  author={Riasatian, Abtin},
  year={2020},
  school={University of Waterloo}
}

% MIA Surveys
@article{ahmedt2021GraphMIAsurvey,
  title={A survey on graph-based deep learning for computational histopathology},
  author={Ahmedt-Aristizabal, David and Armin, Mohammad Ali and Denman, Simon and Fookes, Clinton and Petersson, Lars},
  journal={Computerized Medical Imaging and Graphics},
  pages={102027},
  year={2021},
  publisher={Elsevier}
}


@article{pati2022HierarchcalHACT,
  title={Hierarchical graph representations in digital pathology},
  author={Pati, Pushpak and Jaume, Guillaume and Foncubierta-Rodr{\'\i}guez, Antonio and Feroce, Florinda and Anniciello, Anna Maria and Scognamiglio, Giosue and Brancati, Nadia and Fiche, Maryse and Dubruc, Estelle and Riccio, Daniel and others},
  journal={Medical image analysis},
  volume={75},
  pages={102264},
  year={2022},
  publisher={Elsevier}
}

@article{hammouda2022multiWSIstaging,
  title={Multi-Stage Classification-Based Deep Learning for Gleason System Grading Using Histopathological Images},
  author={Hammouda, Kamal and Khalifa, Fahmi and Alghamdi, Norah Saleh and Darwish, Hanan and El-Baz, Ayman},
  journal={Cancers},
  volume={14},
  number={23},
  pages={5897},
  year={2022},
  publisher={MDPI}
}
%-----------------------------------------------------------
% MIA Benchmarks
%-----------------------------------------------------------
@article{brancati2021bracs,
  title={BRACS: A Dataset for BReAst Carcinoma Subtyping in H\&E Histology Images},
  author={Brancati, Nadia and Anniciello, Anna Maria and Pati, Pushpak and Riccio, Daniel and Scognamiglio, Giosu{\`e} and Jaume, Guillaume and De Pietro, Giuseppe and Di Bonito, Maurizio and Foncubierta, Antonio and Botti, Gerardo and others},
  journal={arXiv preprint arXiv:2111.04740},
  year={2021}
}
%-----------------------------------------------------------
%-----------------------------------------------------------
% Causal Inference 
%-----------------------------------------------------------
%-----------------------------------------------------------

% Causal book

@book{peters2017elementsCausalInference,
  title={Elements of causal inference: foundations and learning algorithms},
  author={Peters, Jonas and Janzing, Dominik and Sch{\"o}lkopf, Bernhard},
  year={2017},
  publisher={The MIT Press}
}

% Causal book 2
@book{morgan2007causalbook, place={Cambridge}, series={Analytical Methods for Social Research}, title={Counterfactuals and Causal Inference: Methods and Principles for Social Research}, DOI={10.1017/CBO9780511804564}, publisher={Cambridge University Press}, author={Morgan, Stephen L. and Winship, Christopher}, year={2007}, collection={Analytical Methods for Social Research}}

% Graphical Causal 
@article{glymour2019causalgraphreview,
  title={Review of causal discovery methods based on graphical models},
  author={Glymour, Clark and Zhang, Kun and Spirtes, Peter},
  journal={Frontiers in genetics},
  volume={10},
  pages={524},
  year={2019},
  publisher={Frontiers}
}

% Graphical Causal 
@inproceedings{spirtes1995PCalgorithm,
  title={Learning Bayesian networks with discrete variables from data.},
  author={Spirtes, Peter and Meek, Christopher},
  booktitle={KDD},
  volume={1},
  pages={294--299},
  year={1995}
}

@article{gu2021bayesianpyramid,
  title={Bayesian Pyramids: Identifiable Multilayer Discrete Latent Structure Models for Discrete Data},
  author={Gu, Yuqi and Dunson, David B},
  journal={arXiv preprint arXiv:2101.10373},
  year={2021}
}

% causal screening of GNN  
@article{wang2020causalscreening,
  title={Causal Screening to Interpret Graph Neural Networks},
  author={Wang, Xiang and Wu, Yingxin and Zhang, An and He, Xiangnan and Chua, Tat-seng},
  year={2020}
}

@inproceedings{chattopadhyay2019nnattr,
  title={Neural network attributions: A causal perspective},
  author={Chattopadhyay, Aditya and Manupriya, Piyushi and Sarkar, Anirban and Balasubramanian, Vineeth N},
  booktitle={International Conference on Machine Learning},
  pages={981--990},
  year={2019},
  organization={PMLR}
}

@article{granger1969GrangerCausality1,
  title={Investigating causal relations by econometric models and cross-spectral methods},
  author={Granger, Clive WJ},
  journal={Econometrica: journal of the Econometric Society},
  pages={424--438},
  year={1969},
  publisher={JSTOR}
}



@article{chipman2010bart,
  title={BART: Bayesian additive regression trees},
  author={Chipman, Hugh A and George, Edward I and McCulloch, Robert E},
  journal={The Annals of Applied Statistics},
  volume={4},
  number={1},
  pages={266--298},
  year={2010},
  publisher={Institute of Mathematical Statistics}
}

@article{hoyer2008nonlinearANM,
  title={Nonlinear causal discovery with additive noise models},
  author={Hoyer, Patrik and Janzing, Dominik and Mooij, Joris M and Peters, Jonas and Sch{\"o}lkopf, Bernhard},
  journal={Advances in neural information processing systems},
  volume={21},
  year={2008}
}

% GNN Causal discovery
@inproceedings{yu2019daggnn,
  title={DAG-GNN: DAG structure learning with graph neural networks},
  author={Yu, Yue and Chen, Jie and Gao, Tian and Yu, Mo},
  booktitle={International Conference on Machine Learning},
  pages={7154--7163},
  year={2019},
  organization={PMLR}
}

@inproceedings{melnychuk2022CT,
  title={Causal transformer for estimating counterfactual outcomes},
  author={Melnychuk, Valentyn and Frauen, Dennis and Feuerriegel, Stefan},
  booktitle={International Conference on Machine Learning},
  pages={15293--15329},
  year={2022},
  organization={PMLR}
}

@inproceedings{hagele2022bacadi,
  title={BaCaDI: Bayesian Causal Discovery with Unknown Interventions},
  author={H{\"a}gele, Alexander and Rothfuss, Jonas and Lorch, Lars and Somnath, Vignesh Ram and Sch{\"o}lkopf, Bernhard and Krause, Andreas},
  booktitle={UAI 2022 Workshop on Causal Representation Learning}
}

@article{zhao2023CausRec,
  title={Disentangled Causal Embedding With Contrastive Learning For Recommender System},
  author={Zhao, Weiqi and Tang, Dian and Chen, Xin and Lv, Dawei and Ou, Daoli and Li, Biao and Jiang, Peng and Gai, Kun},
  journal={arXiv preprint arXiv:2302.03248},
  year={2023}
}

@inproceedings{sui2022CAL,
  title={Causal Attention for Interpretable and Generalizable Graph Classification},
  author={Sui, Yongduo and Wang, Xiang and Wu, Jiancan and Lin, Min and He, Xiangnan and Chua, Tat-Seng},
  booktitle={Proceedings of the 28th ACM SIGKDD Conference on Knowledge Discovery and Data Mining},
  pages={1696--1705},
  year={2022}
}
%-----------------------------------------------------------
%-----------------------------------------------------------
% Graph Explaineable methods
%-----------------------------------------------------------
%-----------------------------------------------------------

@article{ying2019gnnExplainer,
  title={Gnn explainer: A tool for post-hoc explanation of graph neural networks},
  author={Ying, Rex and Bourgeois, Dylan and You, Jiaxuan and Zitnik, Marinka and Leskovec, Jure},
  journal={arXiv preprint arXiv:1903.03894},
  year={2019}
}

@article{luo2020PGExplainers,
  title={Parameterized explainer for graph neural network},
  author={Luo, Dongsheng and Cheng, Wei and Xu, Dongkuan and Yu, Wenchao and Zong, Bo and Chen, Haifeng and Zhang, Xiang},
  journal={Advances in neural information processing systems},
  volume={33},
  pages={19620--19631},
  year={2020}
}

@inproceedings{lin2021gem,
  title={Generative causal explanations for graph neural networks},
  author={Lin, Wanyu and Lan, Hao and Li, Baochun},
  booktitle={International Conference on Machine Learning},
  pages={6666--6679},
  year={2021},
  organization={PMLR}
}

@article{schwab2019cxplain,
  title={Cxplain: Causal explanations for model interpretation under uncertainty},
  author={Schwab, Patrick and Karlen, Walter},
  journal={Advances in Neural Information Processing Systems},
  volume={32},
  year={2019}
}


%---------------------------------------------------------
% Cuasal
%---------------------------------------------------------

@inproceedings{wu2021EERM,
  title={Handling Distribution Shifts on Graphs: An Invariance Perspective},
  author={Wu, Qitian and Zhang, Hengrui and Yan, Junchi and Wipf, David},
  booktitle={International Conference on Learning Representations},
  year={2021}
}

%---------------------------------------------------------
%EHR Baselines 
@article{medsker2001RNN,
  title={Recurrent neural networks},
  author={Medsker, Larry R and Jain, LC},
  journal={Design and Applications},
  volume={5},
  pages={64--67},
  year={2001}
}

@inproceedings{ma2017dipole,
  title={Dipole: Diagnosis prediction in healthcare via attention-based bidirectional recurrent neural networks},
  author={Ma, Fenglong and Chitta, Radha and Zhou, Jing and You, Quanzeng and Sun, Tong and Gao, Jing},
  booktitle={Proceedings of the 23rd ACM SIGKDD international conference on knowledge discovery and data mining},
  pages={1903--1911},
  year={2017}
}

@article{hochreiter1997LSTM,
  title={Long short-term memory},
  author={Hochreiter, Sepp and Schmidhuber, J{\"u}rgen},
  journal={Neural computation},
  volume={9},
  number={8},
  pages={1735--1780},
  year={1997},
  publisher={MIT press}
}

%MIME
@article{choi2018mime,
  title={Mime: Multilevel medical embedding of electronic health records for predictive healthcare},
  author={Choi, Edward and Xiao, Cao and Stewart, Walter and Sun, Jimeng},
  journal={Advances in neural information processing systems},
  volume={31},
  year={2018}
}

%HGNN
@inproceedings{liu2020hsgnn,
  title={Heterogeneous similarity graph neural network on electronic health records},
  author={Liu, Zheng and Li, Xiaohan and Peng, Hao and He, Lifang and Philip, S Yu},
  booktitle={2020 IEEE International Conference on Big Data (Big Data)},
  pages={1196--1205},
  year={2020},
  organization={IEEE}
}

@inproceedings{ma2018kame,
  title={Kame: Knowledge-based attention model for diagnosis prediction in healthcare},
  author={Ma, Fenglong and You, Quanzeng and Xiao, Houping and Chitta, Radha and Zhou, Jing and Gao, Jing},
  booktitle={Proceedings of the 27th ACM International Conference on Information and Knowledge Management},
  pages={743--752},
  year={2018}
}

@article{nguyen2016deepr,
  title={Deepr: a convolutional net for medical records},
  author={Nguyen, Phuoc and Tran, Truyen and Wickramasinghe, Nilmini and Venkatesh, Svetha},
  journal={IEEE journal of biomedical and health informatics},
  volume={21},
  number={1},
  pages={22--30},
  year={2016},
  publisher={IEEE}
}

@inproceedings{choi2017gram,
  title={GRAM: graph-based attention model for healthcare representation learning},
  author={Choi, Edward and Bahadori, Mohammad Taha and Song, Le and Stewart, Walter F and Sun, Jimeng},
  booktitle={Proceedings of the 23rd ACM SIGKDD international conference on knowledge discovery and data mining},
  pages={787--795},
  year={2017}
}

@article{yang2021safedrug,
  title={Safedrug: Dual molecular graph encoders for recommending effective and safe drug combinations},
  author={Yang, Chaoqi and Xiao, Cao and Ma, Fenglong and Glass, Lucas and Sun, Jimeng},
  journal={arXiv preprint arXiv:2105.02711},
  year={2021}
}

@inproceedings{ma2020concare,
  title={Concare: Personalized clinical feature embedding via capturing the healthcare context},
  author={Ma, Liantao and Zhang, Chaohe and Wang, Yasha and Ruan, Wenjie and Wang, Jiangtao and Tang, Wen and Ma, Xinyu and Gao, Xin and Gao, Junyi},
  booktitle={Proceedings of the AAAI Conference on Artificial Intelligence},
  volume={34},
  number={01},
  pages={833--840},
  year={2020}
}

@inproceedings{yang2023molerec,
  title={MoleRec: Combinatorial Drug Recommendation with Substructure-Aware Molecular Representation Learning},
  author={Yang, Nianzu and Zeng, Kaipeng and Wu, Qitian and Yan, Junchi},
  booktitle={Proceedings of the ACM Web Conference 2023},
  pages={4075--4085},
  year={2023}
}

@inproceedings{yang2021micron,
  title={Change Matters: Medication Change Prediction with Recurrent Residual Networks},
  author={Yang, Chaoqi and Xiao, Cao and Glass, Lucas and Sun, Jimeng},
  booktitle={30th International Joint Conference on Artificial Intelligence, IJCAI 2021},
  pages={3728--3734},
  year={2021},
  organization={International Joint Conferences on Artificial Intelligence}
}

@inproceedings{gao2020stagenet,
  title={Stagenet: Stage-aware neural networks for health risk prediction},
  author={Gao, Junyi and Xiao, Cao and Wang, Yasha and Tang, Wen and Glass, Lucas M and Sun, Jimeng},
  booktitle={Proceedings of The Web Conference 2020},
  pages={530--540},
  year={2020}
}

@article{gao2020dragent,
  title={Dr. Agent: Clinical predictive model via mimicked second opinions},
  author={Gao, Junyi and Xiao, Cao and Glass, Lucas M and Sun, Jimeng},
  journal={Journal of the American Medical Informatics Association},
  volume={27},
  number={7},
  pages={1084--1091},
  year={2020},
  publisher={Oxford University Press}
}

@inproceedings{ma2020adacare,
  title={Adacare: Explainable clinical health status representation learning via scale-adaptive feature extraction and recalibration},
  author={Ma, Liantao and Gao, Junyi and Wang, Yasha and Zhang, Chaohe and Wang, Jiangtao and Ruan, Wenjie and Tang, Wen and Gao, Xin and Ma, Xinyu},
  booktitle={Proceedings of the AAAI Conference on Artificial Intelligence},
  volume={34},
  number={01},
  pages={825--832},
  year={2020}
}

@inproceedings{zhang2021grasp,
  title={GRASP: generic framework for health status representation learning based on incorporating knowledge from similar patients},
  author={Zhang, Chaohe and Gao, Xin and Ma, Liantao and Wang, Yasha and Wang, Jiangtao and Tang, Wen},
  booktitle={Proceedings of the AAAI conference on artificial intelligence},
  volume={35},
  number={1},
  pages={715--723},
  year={2021}
}
@article{jing2023sparcnet,
  title={Development of expert-level classification of seizures and rhythmic and periodic patterns during eeg interpretation},
  author={Jing, Jin and Ge, Wendong and Hong, Shenda and Fernandes, Marta Bento and Lin, Zhen and Yang, Chaoqi and An, Sungtae and Struck, Aaron F and Herlopian, Aline and Karakis, Ioannis and others},
  journal={Neurology},
  volume={100},
  number={17},
  pages={e1750--e1762},
  year={2023},
  publisher={AAN Enterprises}
}

@article{vaswani2017transformer,
  title={Attention is all you need},
  author={Vaswani, Ashish and Shazeer, Noam and Parmar, Niki and Uszkoreit, Jakob and Jones, Llion and Gomez, Aidan N and Kaiser, {\L}ukasz and Polosukhin, Illia},
  journal={Advances in neural information processing systems},
  volume={30},
  year={2017}
}

@inproceedings{zhu2021VSGNN,
  title={Variationally regularized graph-based representation learning for electronic health records},
  author={Zhu, Weicheng and Razavian, Narges},
  booktitle={Proceedings of the Conference on Health, Inference, and Learning},
  pages={1--13},
  year={2021}
}

@inproceedings{cai2022HCL,
  title={Hypergraph contrastive learning for electronic health records},
  author={Cai, Derun and Sun, Chenxi and Song, Moxian and Zhang, Baofeng and Hong, Shenda and Li, Hongyan},
  booktitle={Proceedings of the 2022 SIAM International Conference on Data Mining (SDM)},
  pages={127--135},
  year={2022},
  organization={SIAM}
}

@article{Harutyunyan2019multitaskbenchmark,
  author={Harutyunyan, Hrayr and Khachatrian, Hrant and Kale, David C. and Ver Steeg, Greg and Galstyan, Aram},
  title={Multitask learning and benchmarking with clinical time series data},
  journal={Scientific Data},
  year={2019},
  volume={6},
  number={1},
  pages={96},
  issn={2052-4463},
  doi={10.1038/s41597-019-0103-9},
  url={https://doi.org/10.1038/s41597-019-0103-9}
}
%---------------------------------------------------------
% Tools

@article{wang2019dgl,
  title={Deep Graph Library: Towards Efficient and Scalable Deep Learning on Graphs.},
  author={Wang, Minjie and Yu, Lingfan and Zheng, Da and Gan, Quan and Gai, Yu and Ye, Zihao and Li, Mufei and Zhou, Jinjing and Huang, Qi and Ma, Chao and others},
  year={2019}
}

@article{zhao2021pyhealth,
  title={Pyhealth: A python library for health predictive models},
  author={Zhao, Yue and Qiao, Zhi and Xiao, Cao and Glass, Lucas and Sun, Jimeng},
  journal={arXiv preprint arXiv:2101.04209},
  year={2021}
}

@article{Harutyunyan2019mimicIII,
  author={Harutyunyan, Hrayr and Khachatrian, Hrant and Kale, David C. and Ver Steeg, Greg and Galstyan, Aram},
  title={Multitask learning and benchmarking with clinical time series data},
  journal={Scientific Data},
  year={2019},
  volume={6},
  number={1},
  pages={96},
  issn={2052-4463},
  doi={10.1038/s41597-019-0103-9},
  url={https://doi.org/10.1038/s41597-019-0103-9}
}



@article{rong2019dropedge,
  title={Dropedge: Towards deep graph convolutional networks on node classification},
  author={Rong, Yu and Huang, Wenbing and Xu, Tingyang and Huang, Junzhou},
  journal={arXiv preprint arXiv:1907.10903},
  year={2019}
}

@misc{verma2019stability,
      title={Stability and Generalization of Graph Convolutional Neural Networks}, 
      author={Saurabh Verma and Zhi-Li Zhang},
      year={2019},
      eprint={1905.01004},
      archivePrefix={arXiv},
      primaryClass={cs.LG}
}

@misc{zhang2018link,
      title={Link Prediction Based on Graph Neural Networks}, 
      author={Muhan Zhang and Yixin Chen},
      year={2018},
      eprint={1802.09691},
      archivePrefix={arXiv},
      primaryClass={cs.LG}
}

@article{zeng2019graphsaint,
  title={Graphsaint: Graph sampling based inductive learning method},
  author={Zeng, Hanqing and Zhou, Hongkuan and Srivastava, Ajitesh and Kannan, Rajgopal and Prasanna, Viktor},
  journal={arXiv preprint arXiv:1907.04931},
  year={2019}
}

@inproceedings{trivedi2017know,
  title={Know-evolve: Deep temporal reasoning for dynamic knowledge graphs},
  author={Trivedi, Rakshit and Dai, Hanjun and Wang, Yichen and Song, Le},
  booktitle={international conference on machine learning},
  pages={3462--3471},
  year={2017},
  organization={PMLR}
}

@article{salim2022spectral,
  title={Spectral graph convolutional neural networks in the context of regularization theory},
  author={Salim, Asif and Sumitra, S},
  journal={IEEE Transactions on Neural Networks and Learning Systems},
  year={2022},
  publisher={IEEE}
}

@inproceedings{simonovsky2018graphvae,
  title={Graphvae: Towards generation of small graphs using variational autoencoders},
  author={Simonovsky, Martin and Komodakis, Nikos},
  booktitle={Artificial Neural Networks and Machine Learning--ICANN 2018: 27th International Conference on Artificial Neural Networks, Rhodes, Greece, October 4-7, 2018, Proceedings, Part I 27},
  pages={412--422},
  year={2018},
  organization={Springer}
}

@inproceedings{wang2018graphgan,
  title={Graphgan: Graph representation learning with generative adversarial nets},
  author={Wang, Hongwei and Wang, Jia and Wang, Jialin and Zhao, Miao and Zhang, Weinan and Zhang, Fuzheng and Xie, Xing and Guo, Minyi},
  booktitle={Proceedings of the AAAI conference on artificial intelligence},
  volume={32},
  number={1},
  year={2018}
}

@inproceedings{wang2019kgat,
  title={Kgat: Knowledge graph attention network for recommendation},
  author={Wang, Xiang and He, Xiangnan and Cao, Yixin and Liu, Meng and Chua, Tat-Seng},
  booktitle={Proceedings of the 25th ACM SIGKDD international conference on knowledge discovery \& data mining},
  pages={950--958},
  year={2019}
}

@article{jiang2023graphcare,
  title={GraphCare: Enhancing Healthcare Predictions with Open-World Personalized Knowledge Graphs},
  author={Jiang, Pengcheng and Xiao, Cao and Cross, Adam and Sun, Jimeng},
  journal={arXiv preprint arXiv:2305.12788},
  year={2023}
}

@inproceedings{chauhan2023interactive,
  title={Interactive concept bottleneck models},
  author={Chauhan, Kushal and Tiwari, Rishabh and Freyberg, Jan and Shenoy, Pradeep and Dvijotham, Krishnamurthy},
  booktitle={Proceedings of the AAAI Conference on Artificial Intelligence},
  volume={37},
  number={5},
  pages={5948--5955},
  year={2023}
}


@inproceedings{koh2020concept,
  title={Concept bottleneck models},
  author={Koh, Pang Wei and Nguyen, Thao and Tang, Yew Siang and Mussmann, Stephen and Pierson, Emma and Kim, Been and Liang, Percy},
  booktitle={International conference on machine learning},
  pages={5338--5348},
  year={2020},
  organization={PMLR}
}


@article{tian2022comprehensive,
  title={A comprehensive survey on regularization strategies in machine learning},
  author={Tian, Yingjie and Zhang, Yuqi},
  journal={Information Fusion},
  volume={80},
  pages={146--166},
  year={2022},
  publisher={Elsevier}
}


@misc{ge2023i,
      title={What should I Ask: A Knowledge-driven Approach for Follow-up Questions Generation in Conversational Surveys}, 
      author={Yubin Ge and Ziang Xiao and Jana Diesner and Heng Ji and Karrie Karahalios and Hari Sundaram},
      year={2023},
      eprint={2205.10977},
      archivePrefix={arXiv},
      primaryClass={cs.CL}
}

@article{toti2022fgdb,
  title={FGDB: a comprehensive graph database of ligand fragments from the Protein Data Bank},
  author={Toti, Daniele and Macari, Gabriele and Barbierato, Enrico and Polticelli, Fabio},
  journal={Database},
  volume={2022},
  pages={baac044},
  year={2022},
  publisher={Oxford University Press UK}
}

@article{jumper2021highly,
  title={Highly accurate protein structure prediction with AlphaFold},
  author={Jumper, John and Evans, Richard and Pritzel, Alexander and Green, Tim and Figurnov, Michael and Ronneberger, Olaf and Tunyasuvunakool, Kathryn and Bates, Russ and {\v{Z}}{\'\i}dek, Augustin and Potapenko, Anna and others},
  journal={Nature},
  volume={596},
  number={7873},
  pages={583--589},
  year={2021},
  publisher={Nature Publishing Group}
}

@article{jiang2021could,
  title={Could graph neural networks learn better molecular representation for drug discovery? A comparison study of descriptor-based and graph-based models},
  author={Jiang, Dejun and Wu, Zhenxing and Hsieh, Chang-Yu and Chen, Guangyong and Liao, Ben and Wang, Zhe and Shen, Chao and Cao, Dongsheng and Wu, Jian and Hou, Tingjun},
  journal={Journal of cheminformatics},
  volume={13},
  number={1},
  pages={1--23},
  year={2021},
  publisher={BioMed Central}
}

@inproceedings{wu2021fashion,
  title={Fashion iq: A new dataset towards retrieving images by natural language feedback},
  author={Wu, Hui and Gao, Yupeng and Guo, Xiaoxiao and Al-Halah, Ziad and Rennie, Steven and Grauman, Kristen and Feris, Rogerio},
  booktitle={Proceedings of the IEEE/CVF Conference on computer vision and pattern recognition},
  pages={11307--11317},
  year={2021}
}

@article{schauperl2022ai,
  title={AI-based protein structure prediction in drug discovery: impacts and challenges},
  author={Schauperl, Michael and Denny, Rajiah Aldrin},
  journal={Journal of Chemical Information and Modeling},
  volume={62},
  number={13},
  pages={3142--3156},
  year={2022},
  publisher={ACS Publications}
}

@article{cho2014learning,
  title={Learning phrase representations using RNN encoder-decoder for statistical machine translation},
  author={Cho, Kyunghyun and Van Merri{\"e}nboer, Bart and Gulcehre, Caglar and Bahdanau, Dzmitry and Bougares, Fethi and Schwenk, Holger and Bengio, Yoshua},
  journal={arXiv preprint arXiv:1406.1078},
  year={2014}
}

@article{yu2019review,
  title={A review of recurrent neural networks: LSTM cells and network architectures},
  author={Yu, Yong and Si, Xiaosheng and Hu, Changhua and Zhang, Jianxun},
  journal={Neural computation},
  volume={31},
  number={7},
  pages={1235--1270},
  year={2019},
  publisher={MIT Press One Rogers Street, Cambridge, MA 02142-1209, USA journals-info~…}
}

@misc{openai2023gpt4,
      title={GPT-4 Technical Report}, 
      author={OpenAI},
      year={2023},
      eprint={2303.08774},
      archivePrefix={arXiv},
      primaryClass={cs.CL}
}


@misc{dosovitskiy2021image,
      title={An Image is Worth 16x16 Words: Transformers for Image Recognition at Scale}, 
      author={Alexey Dosovitskiy and Lucas Beyer and Alexander Kolesnikov and Dirk Weissenborn and Xiaohua Zhai and Thomas Unterthiner and Mostafa Dehghani and Matthias Minderer and Georg Heigold and Sylvain Gelly and Jakob Uszkoreit and Neil Houlsby},
      year={2021},
      eprint={2010.11929},
      archivePrefix={arXiv},
      primaryClass={cs.CV}
}

@inproceedings{moreno2018forward,
  title={Forward noise adjustment scheme for data augmentation},
  author={Moreno-Barea, Francisco J and Strazzera, Fiammetta and Jerez, Jos{\'e} M and Urda, Daniel and Franco, Leonardo},
  booktitle={2018 IEEE symposium series on computational intelligence (SSCI)},
  pages={728--734},
  year={2018},
  organization={IEEE}
}

@article{goodfellow2014explaining,
  title={Explaining and harnessing adversarial examples},
  author={Goodfellow, Ian J and Shlens, Jonathon and Szegedy, Christian},
  journal={arXiv preprint arXiv:1412.6572},
  year={2014}
}

@inproceedings{goodfellow2013maxout,
  title={Maxout networks},
  author={Goodfellow, Ian and Warde-Farley, David and Mirza, Mehdi and Courville, Aaron and Bengio, Yoshua},
  booktitle={International conference on machine learning},
  pages={1319--1327},
  year={2013},
  organization={PMLR}
}

@article{li2018learning,
  title={Learning more robust features with adversarial training},
  author={Li, Shuangtao and Chen, Yuanke and Peng, Yanlin and Bai, Lin},
  journal={arXiv preprint arXiv:1804.07757},
  year={2018}
}

@article{shorten2019survey,
  title={A survey on image data augmentation for deep learning},
  author={Shorten, Connor and Khoshgoftaar, Taghi M},
  journal={Journal of big data},
  volume={6},
  number={1},
  pages={1--48},
  year={2019},
  publisher={SpringerOpen}
}

@article{johnson2016mimic,
  title={MIMIC-III, a freely accessible critical care database},
  author={Johnson, Alistair EW and Pollard, Tom J and Shen, Lu and Lehman, Li-wei H and Feng, Mengling and Ghassemi, Mohammad and Moody, Benjamin and Szolovits, Peter and Anthony Celi, Leo and Mark, Roger G},
  journal={Scientific data},
  volume={3},
  number={1},
  pages={1--9},
  year={2016},
  publisher={Nature Publishing Group}
}
@article{johnson2020mimic,
  title={Mimic-iv},
  author={Johnson, Alistair and Bulgarelli, Lucas and Pollard, Tom and Horng, Steven and Celi, Leo Anthony and Mark, Roger},
  journal={PhysioNet. Available online at: https://physionet. org/content/mimiciv/1.0/(accessed August 23, 2021)},
  year={2020}
}

@article{mccallum2000automating,
  title={Automating the construction of internet portals with machine learning},
  author={McCallum, Andrew Kachites and Nigam, Kamal and Rennie, Jason and Seymore, Kristie},
  journal={Information Retrieval},
  volume={3},
  pages={127--163},
  year={2000},
  publisher={Springer}
}


@inproceedings{zheng2020robust,
  title={Robust graph representation learning via neural sparsification},
  author={Zheng, Cheng and Zong, Bo and Cheng, Wei and Song, Dongjin and Ni, Jingchao and Yu, Wenchao and Chen, Haifeng and Wang, Wei},
  booktitle={International Conference on Machine Learning},
  pages={11458--11468},
  year={2020},
  organization={PMLR}
}

@inproceedings{giles1998citeseer,
  title={CiteSeer: An automatic citation indexing system},
  author={Giles, C Lee and Bollacker, Kurt D and Lawrence, Steve},
  booktitle={Proceedings of the third ACM conference on Digital libraries},
  pages={89--98},
  year={1998}
}

@inproceedings{lee2022augmentation,
  title={Augmentation-free self-supervised learning on graphs},
  author={Lee, Namkyeong and Lee, Junseok and Park, Chanyoung},
  booktitle={Proceedings of the AAAI Conference on Artificial Intelligence},
  volume={36},
  number={7},
  pages={7372--7380},
  year={2022}
}

@article{hamilton2017representation,
  title={Representation learning on graphs: Methods and applications},
  author={Hamilton, William L and Ying, Rex and Leskovec, Jure},
  journal={arXiv preprint arXiv:1709.05584},
  year={2017}
}

@inproceedings{jiao2020sub,
  title={Sub-graph contrast for scalable self-supervised graph representation learning},
  author={Jiao, Yizhu and Xiong, Yun and Zhang, Jiawei and Zhang, Yao and Zhang, Tianqi and Zhu, Yangyong},
  booktitle={2020 IEEE international conference on data mining (ICDM)},
  pages={222--231},
  year={2020},
  organization={IEEE}
}

@article{moor2023foundation,
  title={Foundation models for generalist medical artificial intelligence},
  author={Moor, Michael and Banerjee, Oishi and Abad, Zahra Shakeri Hossein and Krumholz, Harlan M and Leskovec, Jure and Topol, Eric J and Rajpurkar, Pranav},
  journal={Nature},
  volume={616},
  number={7956},
  pages={259--265},
  year={2023},
  publisher={Nature Publishing Group UK London}
}

@article{yan2019differentiated,
  title={Differentiated fashion recommendation using knowledge graph and data augmentation},
  author={Yan, Cairong and Chen, Yizhou and Zhou, Lingjie},
  journal={Ieee Access},
  volume={7},
  pages={102239--102248},
  year={2019},
  publisher={IEEE}
}

@article{suresh2021AD-GCL,
  title={Adversarial graph augmentation to improve graph contrastive learning},
  author={Suresh, Susheel and Li, Pan and Hao, Cong and Neville, Jennifer},
  journal={Advances in Neural Information Processing Systems},
  volume={34},
  pages={15920--15933},
  year={2021}
}

@article{devries2017dataset,
  title={Dataset augmentation in feature space},
  author={DeVries, Terrance and Taylor, Graham W},
  journal={arXiv preprint arXiv:1702.05538},
  year={2017}
}

@misc{kipf2017semisupervised,
      title={Semi-Supervised Classification with Graph Convolutional Networks}, 
      author={Thomas N. Kipf and Max Welling},
      year={2017},
      eprint={1609.02907},
      archivePrefix={arXiv},
      primaryClass={cs.LG}
}

@misc{rong2020dropedge,
      title={DropEdge: Towards Deep Graph Convolutional Networks on Node Classification}, 
      author={Yu Rong and Wenbing Huang and Tingyang Xu and Junzhou Huang},
      year={2020},
      eprint={1907.10903},
      archivePrefix={arXiv},
      primaryClass={cs.LG}
}

@article{feng2020dropnode,
  title={Graph random neural networks for semi-supervised learning on graphs},
  author={Feng, Wenzheng and Zhang, Jie and Dong, Yuxiao and Han, Yu and Luan, Huanbo and Xu, Qian and Yang, Qiang and Kharlamov, Evgeny and Tang, Jie},
  journal={Advances in neural information processing systems},
  volume={33},
  pages={22092--22103},
  year={2020}
}

@INPROCEEDINGS{voudigari2016rankdegree,
  author={Voudigari, Elli and Salamanos, Nikos and Papageorgiou, Theodore and Yannakoudakis, Emmanuel J.},
  booktitle={2016 IEEE/ACM International Conference on Advances in Social Networks Analysis and Mining (ASONAM)}, 
  title={Rank degree: An efficient algorithm for graph sampling}, 
  year={2016},
  volume={},
  number={},
  pages={120-129},
  doi={10.1109/ASONAM.2016.7752223}}

@inproceedings{franceschi2019learning,
  title={Learning discrete structures for graph neural networks},
  author={Franceschi, Luca and Niepert, Mathias and Pontil, Massimiliano and He, Xiao},
  booktitle={International conference on machine learning},
  pages={1972--1982},
  year={2019},
  organization={PMLR}
}

@misc{you2021graph,
      title={Graph Contrastive Learning with Augmentations}, 
      author={Yuning You and Tianlong Chen and Yongduo Sui and Ting Chen and Zhangyang Wang and Yang Shen},
      year={2021},
      eprint={2010.13902},
      archivePrefix={arXiv},
      primaryClass={cs.LG}
}

@article{ding2022GDAsurvey,
  title={Data augmentation for deep graph learning: A survey},
  author={Ding, Kaize and Xu, Zhe and Tong, Hanghang and Liu, Huan},
  journal={ACM SIGKDD Explorations Newsletter},
  volume={24},
  number={2},
  pages={61--77},
  year={2022},
  publisher={ACM New York, NY, USA}
}

@article{velivckovic2018DGinfomax,
  title={Deep graph infomax},
  author={Veli{\v{c}}kovi{\'c}, Petar and Fedus, William and Hamilton, William L and Li{\`o}, Pietro and Bengio, Yoshua and Hjelm, R Devon},
  journal={arXiv preprint arXiv:1809.10341},
  year={2018}
}

@article{topping2021understanding,
  title={Understanding over-squashing and bottlenecks on graphs via curvature},
  author={Topping, Jake and Di Giovanni, Francesco and Chamberlain, Benjamin Paul and Dong, Xiaowen and Bronstein, Michael M},
  journal={arXiv preprint arXiv:2111.14522},
  year={2021}
}

@inproceedings{jiao2020sub,
  title={Sub-graph contrast for scalable self-supervised graph representation learning},
  author={Jiao, Yizhu and Xiong, Yun and Zhang, Jiawei and Zhang, Yao and Zhang, Tianqi and Zhu, Yangyong},
  booktitle={2020 IEEE international conference on data mining (ICDM)},
  pages={222--231},
  year={2020},
  organization={IEEE}
}

@inproceedings{qiu2020gcc,
  title={Gcc: Graph contrastive coding for graph neural network pre-training},
  author={Qiu, Jiezhong and Chen, Qibin and Dong, Yuxiao and Zhang, Jing and Yang, Hongxia and Ding, Ming and Wang, Kuansan and Tang, Jie},
  booktitle={Proceedings of the 26th ACM SIGKDD international conference on knowledge discovery \& data mining},
  pages={1150--1160},
  year={2020}
}

@article{park2021metropolis,
  title={Metropolis-hastings data augmentation for graph neural networks},
  author={Park, Hyeonjin and Lee, Seunghun and Kim, Sihyeon and Park, Jinyoung and Jeong, Jisu and Kim, Kyung-Min and Ha, Jung-Woo and Kim, Hyunwoo J},
  journal={Advances in Neural Information Processing Systems},
  volume={34},
  pages={19010--19020},
  year={2021}
}

@article{hamilton2017inductive,
  title={Inductive representation learning on large graphs},
  author={Hamilton, Will and Ying, Zhitao and Leskovec, Jure},
  journal={Advances in neural information processing systems},
  volume={30},
  year={2017}
}


@inproceedings{gilmer2017neural,
  title={Neural message passing for quantum chemistry},
  author={Gilmer, Justin and Schoenholz, Samuel S and Riley, Patrick F and Vinyals, Oriol and Dahl, George E},
  booktitle={International conference on machine learning},
  pages={1263--1272},
  year={2017},
  organization={PMLR}
}

@article{feng2019graph,
  title={Graph adversarial training: Dynamically regularizing based on graph structure},
  author={Feng, Fuli and He, Xiangnan and Tang, Jie and Chua, Tat-Seng},
  journal={IEEE Transactions on Knowledge and Data Engineering},
  volume={33},
  number={6},
  pages={2493--2504},
  year={2019},
  publisher={IEEE}
}

@article{yang2021graph,
  title={Graph adversarial self-supervised learning},
  author={Yang, Longqi and Zhang, Liangliang and Yang, Wenjing},
  journal={Advances in Neural Information Processing Systems},
  volume={34},
  pages={14887--14899},
  year={2021}
}

@article{you2020graph,
  title={Graph contrastive learning with augmentations},
  author={You, Yuning and Chen, Tianlong and Sui, Yongduo and Chen, Ting and Wang, Zhangyang and Shen, Yang},
  journal={Advances in neural information processing systems},
  volume={33},
  pages={5812--5823},
  year={2020}
}
@inproceedings{wang2020nodeaug,
  title={Nodeaug: Semi-supervised node classification with data augmentation},
  author={Wang, Yiwei and Wang, Wei and Liang, Yuxuan and Cai, Yujun and Liu, Juncheng and Hooi, Bryan},
  booktitle={Proceedings of the 26th ACM SIGKDD International Conference on Knowledge Discovery \& Data Mining},
  pages={207--217},
  year={2020}
}

@inproceedings{yang2019topology,
  title={Topology Optimization based Graph Convolutional Network.},
  author={Yang, Liang and Kang, Zesheng and Cao, Xiaochun and Jin, Di and Yang, Bo and Guo, Yuanfang},
  booktitle={IJCAI},
  pages={4054--4061},
  year={2019}
}

@inproceedings{verma2019manifold,
  title={Manifold mixup: Better representations by interpolating hidden states},
  author={Verma, Vikas and Lamb, Alex and Beckham, Christopher and Najafi, Amir and Mitliagkas, Ioannis and Lopez-Paz, David and Bengio, Yoshua},
  booktitle={International conference on machine learning},
  pages={6438--6447},
  year={2019},
  organization={PMLR}
}

@article{zhang2017mixup,
  title={mixup: Beyond empirical risk minimization},
  author={Zhang, Hongyi and Cisse, Moustapha and Dauphin, Yann N and Lopez-Paz, David},
  journal={arXiv preprint arXiv:1710.09412},
  year={2017}
}

@article{hu2019pre,
  title={Pre-training graph neural networks for generic structural feature extraction},
  author={Hu, Ziniu and Fan, Changjun and Chen, Ting and Chang, Kai-Wei and Sun, Yizhou},
  journal={arXiv preprint arXiv:1905.13728},
  year={2019}
}
@inproceedings{hu2020gpt,
  title={Gpt-gnn: Generative pre-training of graph neural networks},
  author={Hu, Ziniu and Dong, Yuxiao and Wang, Kuansan and Chang, Kai-Wei and Sun, Yizhou},
  booktitle={Proceedings of the 26th ACM SIGKDD International Conference on Knowledge Discovery \& Data Mining},
  pages={1857--1867},
  year={2020}
}

@article{xie2020unsupervised,
  title={Unsupervised data augmentation for consistency training},
  author={Xie, Qizhe and Dai, Zihang and Hovy, Eduard and Luong, Thang and Le, Quoc},
  journal={Advances in neural information processing systems},
  volume={33},
  pages={6256--6268},
  year={2020}
}

@inproceedings{yarowsky1995unsupervised,
  title={Unsupervised word sense disambiguation rivaling supervised methods},
  author={Yarowsky, David},
  booktitle={33rd annual meeting of the association for computational linguistics},
  pages={189--196},
  year={1995}
}

@inproceedings{blum1998combining,
  title={Combining labeled and unlabeled data with co-training},
  author={Blum, Avrim and Mitchell, Tom},
  booktitle={Proceedings of the eleventh annual conference on Computational learning theory},
  pages={92--100},
  year={1998}
}

@inproceedings{zhang2019bayesian,
  title={Bayesian graph convolutional neural networks for semi-supervised classification},
  author={Zhang, Yingxue and Pal, Soumyasundar and Coates, Mark and Ustebay, Deniz},
  booktitle={Proceedings of the AAAI conference on artificial intelligence},
  volume={33},
  number={01},
  pages={5829--5836},
  year={2019}
}

@article{yue2022label,
  title={Label-invariant augmentation for semi-supervised graph classification},
  author={Yue, Han and Zhang, Chunhui and Zhang, Chuxu and Liu, Hongfu},
  journal={Advances in Neural Information Processing Systems},
  volume={35},
  pages={29350--29361},
  year={2022}
}

@inproceedings{zhao2021graphsmote,
  title={Graphsmote: Imbalanced node classification on graphs with graph neural networks},
  author={Zhao, Tianxiang and Zhang, Xiang and Wang, Suhang},
  booktitle={Proceedings of the 14th ACM international conference on web search and data mining},
  pages={833--841},
  year={2021}
}

@article{hsu2012context,
  title={Context-based electronic health record: toward patient specific healthcare},
  author={Hsu, William and Taira, Ricky K and El-Saden, Suzie and Kangarloo, Hooshang and Bui, Alex AT},
  journal={IEEE Transactions on information technology in biomedicine},
  volume={16},
  number={2},
  pages={228--234},
  year={2012},
  publisher={IEEE}
}

@article{del2013disseminating,
  title={Disseminating context-specific access to online knowledge resources within electronic health record systems},
  author={Del Fiol, Guilherme and Curtis, Clayton and Cimino, James J and Iskander, Andrew and Kalluri, Aditya SD and Jing, Xia and Hulse, Nathan C and Long, Jie and Overby, Casey L and Schardt, Connie and others},
  journal={Studies in health technology and informatics},
  volume={192},
  pages={672},
  year={2013},
  publisher={NIH Public Access}
}

@article{evans2016electronic,
  title={Electronic health records: then, now, and in the future},
  author={Evans, R Scott},
  journal={Yearbook of medical informatics},
  volume={25},
  number={S 01},
  pages={S48--S61},
  year={2016},
  publisher={Georg Thieme Verlag KG}
}

@inproceedings{li2018deeper,
  title={Deeper insights into graph convolutional networks for semi-supervised learning},
  author={Li, Qimai and Han, Zhichao and Wu, Xiao-Ming},
  booktitle={Proceedings of the AAAI conference on artificial intelligence},
  volume={32},
  number={1},
  year={2018}
}

@inproceedings{park2022graph,
  title={Graph transplant: Node saliency-guided graph mixup with local structure preservation},
  author={Park, Joonhyung and Shim, Hajin and Yang, Eunho},
  booktitle={Proceedings of the AAAI Conference on Artificial Intelligence},
  volume={36},
  number={7},
  pages={7966--7974},
  year={2022}
}

@inproceedings{you2020does,
  title={When does self-supervision help graph convolutional networks?},
  author={You, Yuning and Chen, Tianlong and Wang, Zhangyang and Shen, Yang},
  booktitle={international conference on machine learning},
  pages={10871--10880},
  year={2020},
  organization={PMLR}
}

@article{wu2020graph,
  title={Graph information bottleneck},
  author={Wu, Tailin and Ren, Hongyu and Li, Pan and Leskovec, Jure},
  journal={Advances in Neural Information Processing Systems},
  volume={33},
  pages={20437--20448},
  year={2020}
}

@article{dwivedi2023laplacianPE,
  title={Benchmarking graph neural networks},
  author={Dwivedi, Vijay Prakash and Joshi, Chaitanya K and Luu, Anh Tuan and Laurent, Thomas and Bengio, Yoshua and Bresson, Xavier},
  journal={Journal of Machine Learning Research},
  volume={24},
  number={43},
  pages={1--48},
  year={2023}
}

@inproceedings{li2021dsmil,
  title={Dual-stream multiple instance learning network for whole slide image classification with self-supervised contrastive learning},
  author={Li, Bin and Li, Yin and Eliceiri, Kevin W},
  booktitle={Proceedings of the IEEE/CVF conference on computer vision and pattern recognition},
  pages={14318--14328},
  year={2021}
}

@article{shao2021transmil,
  title={Transmil: Transformer based correlated multiple instance learning for whole slide image classification},
  author={Shao, Zhuchen and Bian, Hao and Chen, Yang and Wang, Yifeng and Zhang, Jian and Ji, Xiangyang and others},
  journal={Advances in neural information processing systems},
  volume={34},
  pages={2136--2147},
  year={2021}
}
% ABMIL
@inproceedings{ilse2018abmil,
  title={Attention-based deep multiple instance learning},
  author={Ilse, Maximilian and Tomczak, Jakub and Welling, Max},
  booktitle={International conference on machine learning},
  pages={2127--2136},
  year={2018},
  organization={PMLR}
}

% GTNMIL
@article{zheng2022GTNMIL,
  title={A graph-transformer for whole slide image classification},
  author={Zheng, Yi and Gindra, Rushin H and Green, Emily J and Burks, Eric J and Betke, Margrit and Beane, Jennifer E and Kolachalama, Vijaya B},
  journal={IEEE transactions on medical imaging},
  volume={41},
  number={11},
  pages={3003--3015},
  year={2022}
}

@inproceedings{dwivedi2021randomwalkPE,
  title={Graph Neural Networks with Learnable Structural and Positional Representations},
  author={Dwivedi, Vijay Prakash and Luu, Anh Tuan and Laurent, Thomas and Bengio, Yoshua and Bresson, Xavier},
  booktitle={International Conference on Learning Representations},
  year={2021}
}

@inproceedings{liu2022local,
  title={Local augmentation for graph neural networks},
  author={Liu, Songtao and Ying, Rex and Dong, Hanze and Li, Lanqing and Xu, Tingyang and Rong, Yu and Zhao, Peilin and Huang, Junzhou and Wu, Dinghao},
  booktitle={International Conference on Machine Learning},
  pages={14054--14072},
  year={2022},
  organization={PMLR}
}

@article{jin2021graph,
  title={Graph condensation for graph neural networks},
  author={Jin, Wei and Zhao, Lingxiao and Zhang, Shichang and Liu, Yozen and Tang, Jiliang and Shah, Neil},
  journal={arXiv preprint arXiv:2110.07580},
  year={2021}
}

@article{zhao2021adaptive,
  title={Adaptive diffusion in graph neural networks},
  author={Zhao, Jialin and Dong, Yuxiao and Ding, Ming and Kharlamov, Evgeny and Tang, Jie},
  journal={Advances in neural information processing systems},
  volume={34},
  pages={23321--23333},
  year={2021}
}

@article{wei2022chain,
  title={Chain-of-thought prompting elicits reasoning in large language models},
  author={Wei, Jason and Wang, Xuezhi and Schuurmans, Dale and Bosma, Maarten and Xia, Fei and Chi, Ed and Le, Quoc V and Zhou, Denny and others},
  journal={Advances in Neural Information Processing Systems},
  volume={35},
  pages={24824--24837},
  year={2022}
}

@misc{tang2023graphgpt,
      title={GraphGPT: Graph Instruction Tuning for Large Language Models}, 
      author={Jiabin Tang and Yuhao Yang and Wei Wei and Lei Shi and Lixin Su and Suqi Cheng and Dawei Yin and Chao Huang},
      year={2023},
      eprint={2310.13023},
      archivePrefix={arXiv},
      primaryClass={cs.CL}
}

@inproceedings{he2023harnessing,
  title={Harnessing explanations: Llm-to-lm interpreter for enhanced text-attributed graph representation learning},
  author={He, Xiaoxin and Bresson, Xavier and Laurent, Thomas and Perold, Adam and LeCun, Yann and Hooi, Bryan},
  booktitle={The Twelfth International Conference on Learning Representations},
  year={2023}
}

@inproceedings{huang2024higher,
  title={Higher-order graph convolutional network with flower-petals laplacians on simplicial complexes},
  author={Huang, Yiming and Zeng, Yujie and Wu, Qiang and L{\"u}, Linyuan},
  booktitle={Proceedings of the AAAI Conference on Artificial Intelligence},
  volume={38},
  number={11},
  pages={12653--12661},
  year={2024}
}

@article{west2021symbolic,
  title={Symbolic knowledge distillation: from general language models to commonsense models},
  author={West, Peter and Bhagavatula, Chandra and Hessel, Jack and Hwang, Jena D and Jiang, Liwei and Bras, Ronan Le and Lu, Ximing and Welleck, Sean and Choi, Yejin},
  journal={arXiv preprint arXiv:2110.07178},
  year={2021}
}

@article{zhang2022greaselm,
  title={Greaselm: Graph reasoning enhanced language models for question answering},
  author={Zhang, Xikun and Bosselut, Antoine and Yasunaga, Michihiro and Ren, Hongyu and Liang, Percy and Manning, Christopher D and Leskovec, Jure},
  journal={arXiv preprint arXiv:2201.08860},
  year={2022}
}

@inproceedings{wei2024llmrec,
  title={Llmrec: Large language models with graph augmentation for recommendation},
  author={Wei, Wei and Ren, Xubin and Tang, Jiabin and Wang, Qinyong and Su, Lixin and Cheng, Suqi and Wang, Junfeng and Yin, Dawei and Huang, Chao},
  booktitle={Proceedings of the 17th ACM International Conference on Web Search and Data Mining},
  pages={806--815},
  year={2024}
}

@misc{tang2024graphgpt,
      title={GraphGPT: Graph Instruction Tuning for Large Language Models}, 
      author={Jiabin Tang and Yuhao Yang and Wei Wei and Lei Shi and Lixin Su and Suqi Cheng and Dawei Yin and Chao Huang},
      year={2024},
      eprint={2310.13023},
      archivePrefix={arXiv},
      primaryClass={cs.CL}
}