@article{hendrycksmath2021,
  title={Measuring Mathematical Problem Solving With the MATH Dataset},
  author={Dan Hendrycks and Collin Burns and Saurav Kadavath and Akul Arora and Steven Basart and Eric Tang and Dawn Song and Jacob Steinhardt},
  journal={NeurIPS},
  year={2021}
}
@article{cobbe2021gsm8k,
  title={Training Verifiers to Solve Math Word Problems},
  author={Cobbe, Karl and Kosaraju, Vineet and Bavarian, Mohammad and Chen, Mark and Jun, Heewoo and Kaiser, Lukasz and Plappert, Matthias and Tworek, Jerry and Hilton, Jacob and Nakano, Reiichiro and Hesse, Christopher and Schulman, John},
  journal={arXiv preprint arXiv:2110.14168},
  year={2021}
}
@article{li2024common,
  title={Common 7b language models already possess strong math capabilities},
  author={Li, Chen and Wang, Weiqi and Hu, Jingcheng and Wei, Yixuan and Zheng, Nanning and Hu, Han and Zhang, Zheng and Peng, Houwen},
  journal={arXiv preprint arXiv:2403.04706},
  year={2024}
}
@article{luo2023wizardmath,
  title={Wizardmath: Empowering mathematical reasoning for large language models via reinforced evol-instruct},
  author={Luo, Haipeng and Sun, Qingfeng and Xu, Can and Zhao, Pu and Lou, Jianguang and Tao, Chongyang and Geng, Xiubo and Lin, Qingwei and Chen, Shifeng and Zhang, Dongmei},
  journal={arXiv preprint arXiv:2308.09583},
  year={2023}
}
@article{yu2023metamath,
  title={Metamath: Bootstrap your own mathematical questions for large language models},
  author={Yu, Longhui and Jiang, Weisen and Shi, Han and Yu, Jincheng and Liu, Zhengying and Zhang, Yu and Kwok, James T and Li, Zhenguo and Weller, Adrian and Liu, Weiyang},
  journal={arXiv preprint arXiv:2309.12284},
  year={2023}
}
@article{yu2024reasonagain,
  title={ReasonAgain: Using Extractable Symbolic Programs to Evaluate Mathematical Reasoning},
  author={Yu, Xiaodong and Zhou, Ben and Cheng, Hao and Roth, Dan},
  journal={arXiv preprint arXiv:2410.19056},
  year={2024}
}
@article{mirzadeh2024gsm,
  title={Gsm-symbolic: Understanding the limitations of mathematical reasoning in large language models},
  author={Mirzadeh, Iman and Alizadeh, Keivan and Shahrokhi, Hooman and Tuzel, Oncel and Bengio, Samy and Farajtabar, Mehrdad},
  journal={arXiv preprint arXiv:2410.05229},
  year={2024}
}
@inproceedings{Huet2005TheCP,
  title={The Coq Proof Assistant A Tutorial},
  author={G{\'e}rard P. Huet and Gilles Kahn and Christine Paulin-Mohring},
  year={2005},
}
@InProceedings{Lean4,
author="Moura, Leonardo de
and Ullrich, Sebastian",
editor="Platzer, Andr{\'e}
and Sutcliffe, Geoff",
title="The Lean 4 Theorem Prover and Programming Language",
booktitle="Automated Deduction -- CADE 28",
year="2021",
publisher="Springer International Publishing",
address="Cham",
pages="625--635",
isbn="978-3-030-79876-5"
}
@InProceedings{Isabelle,
author="Wenzel, Makarius
and Paulson, Lawrence C.
and Nipkow, Tobias",
editor="Mohamed, Otmane Ait
and Mu{\~{n}}oz, C{\'e}sar
and Tahar, Sofi{\`e}ne",
title="The Isabelle Framework",
booktitle="Theorem Proving in Higher Order Logics",
year="2008",
publisher="Springer Berlin Heidelberg",
address="Berlin, Heidelberg",
pages="33--38",
isbn="978-3-540-71067-7"
}
@inproceedings{jiangdraft,
  title={Draft, Sketch, and Prove: Guiding Formal Theorem Provers with Informal Proofs},
  author={Jiang, Albert Qiaochu and Welleck, Sean and Zhou, Jin Peng and Lacroix, Timothee and Liu, Jiacheng and Li, Wenda and Jamnik, Mateja and Lample, Guillaume and Wu, Yuhuai},
  booktitle={The Eleventh International Conference on Learning Representations},
  year={2023}
}
@article{li2024hunyuanprover,
  title={HUNYUANPROVER: A Scalable Data Synthesis Framework and Guided Tree Search for Automated Theorem Proving},
  author={Li, Yang and Du, Dong and Song, Linfeng and Li, Chen and Wang, Weikang and Yang, Tao and Mi, Haitao},
  journal={arXiv preprint arXiv:2412.20735},
  year={2024}
}
@article{lin2024lean,
  title={Lean-star: Learning to interleave thinking and proving},
  author={Lin, Haohan and Sun, Zhiqing and Yang, Yiming and Welleck, Sean},
  journal={arXiv preprint arXiv:2407.10040},
  year={2024}
}
@article{glazer2024frontiermath,
  title={Frontiermath: A benchmark for evaluating advanced mathematical reasoning in ai},
  author={Glazer, Elliot and Erdil, Ege and Besiroglu, Tamay and Chicharro, Diego and Chen, Evan and Gunning, Alex and Olsson, Caroline Falkman and Denain, Jean-Stanislas and Ho, Anson and Santos, Emily de Oliveira and others},
  journal={arXiv preprint arXiv:2411.04872},
  year={2024}
}
@inproceedings{tsoukalasputnambench,
  title={PutnamBench: Evaluating Neural Theorem-Provers on the Putnam Mathematical Competition},
  author={Tsoukalas, George and Lee, Jasper and Jennings, John and Xin, Jimmy and Ding, Michelle and Jennings, Michael and Thakur, Amitayush and Chaudhuri, Swarat},
  booktitle={The Thirty-eight Conference on Neural Information Processing Systems Datasets and Benchmarks Track}
}
@inproceedings{
gulati2024putnamaxiom,
title={Putnam-{AXIOM}: A Functional and Static Benchmark for Measuring Higher Level Mathematical Reasoning},
author={Aryan Gulati and Brando Miranda and Eric Chen and Emily Xia and Kai Fronsdal and Bruno de Moraes Dumont and Sanmi Koyejo},
booktitle={The 4th Workshop on Mathematical Reasoning and AI at NeurIPS'24},
year={2024},
}
@article{amini2019mathqa,
  title={Mathqa: Towards interpretable math word problem solving with operation-based formalisms},
  author={Amini, Aida and Gabriel, Saadia and Lin, Peter and Koncel-Kedziorski, Rik and Choi, Yejin and Hajishirzi, Hannaneh},
  journal={arXiv preprint arXiv:1905.13319},
  year={2019}
}
@inproceedings{yang2019learning,
  title={Learning to prove theorems via interacting with proof assistants},
  author={Yang, Kaiyu and Deng, Jia},
  booktitle={International Conference on Machine Learning},
  pages={6984--6994},
  year={2019},
  organization={PMLR}
}
@inproceedings{zhengminif2f,
  title={miniF2F: a cross-system benchmark for formal Olympiad-level mathematics},
  author={Zheng, Kunhao and Han, Jesse Michael and Polu, Stanislas},
  booktitle={International Conference on Learning Representations},
  year={2022},
}
@misc{GHOSTS,
      title={Mathematical Capabilities of ChatGPT}, 
      author={Simon Frieder and Luca Pinchetti and Alexis Chevalier and Ryan-Rhys Griffiths and Tommaso Salvatori and Thomas Lukasiewicz and Philipp Christian Petersen and Julius Berner},
      year={2023},
      eprint={2301.13867},
      archivePrefix={arXiv},
      primaryClass={cs.LG},
}
@misc{liu2024mathbench,
      title={MathBench: Evaluating the Theory and Application Proficiency of LLMs with a Hierarchical Mathematics Benchmark}, 
      author={Hongwei Liu and Zilong Zheng and Yuxuan Qiao and Haodong Duan and Zhiwei Fei and Fengzhe Zhou and Wenwei Zhang and Songyang Zhang and Dahua Lin and Kai Chen},
      year={2024},
      eprint={2405.12209},
      archivePrefix={arXiv},
      primaryClass={cs.CL}
}
@misc{he2024olympiadbench,
      title={OlympiadBench: A Challenging Benchmark for Promoting AGI with Olympiad-Level Bilingual Multimodal Scientific Problems}, 
      author={Chaoqun He and Renjie Luo and Yuzhuo Bai and Shengding Hu and Zhen Leng Thai and Junhao Shen and Jinyi Hu and Xu Han and Yujie Huang and Yuxiang Zhang and Jie Liu and Lei Qi and Zhiyuan Liu and Maosong Sun},
      year={2024},
      eprint={2402.14008},
      archivePrefix={arXiv},
      primaryClass={cs.CL}
}
@inproceedings{lu2024mathvista,
  author    = {Lu, Pan and Bansal, Hritik and Xia, Tony and Liu, Jiacheng and Li, Chunyuan and Hajishirzi, Hannaneh and Cheng, Hao and Chang, Kai-Wei and Galley, Michel and Gao, Jianfeng},
  title     = {MathVista: Evaluating Mathematical Reasoning of Foundation Models in Visual Contexts},
  booktitle={International Conference on Learning Representations (ICLR)},
  year      = {2024}
}
@misc{frieder2024largelanguagemodelsmathematicians,
      title={Large Language Models for Mathematicians}, 
      author={Simon Frieder and Julius Berner and Philipp Petersen and Thomas Lukasiewicz},
      year={2024},
      eprint={2312.04556},
      archivePrefix={arXiv},
      primaryClass={cs.CL},
}
@article{mathmechanization,
author = {Wu, Wenjun and Gao, Xiao-Shan},
year = {2007},
month = {02},
pages = {1-8},
title = {Mathematics mechanization and applications after thirty years},
volume = {1},
journal = {Frontiers of Computer Science in China},
doi = {10.1007/s11704-007-0001-8}
}
@book{wen2001mathematics,
  title={Mathematics Mechanization: Mechanical Geometry Theorem-Proving, Mechanical Geometry Problem-Solving and Polynomial Equations-Solving},
  author={Wu, Wen-tsun},
  isbn={9780792358350},
  lccn={99030211},
  series={Mathematics and Its Applications},
  year={2001},
  publisher={Springer Netherlands}
}
@misc{openai2023gpt4,
      title={GPT-4 Technical Report}, 
      author={OpenAI},
      year={2023},
      eprint={2303.08774},
      archivePrefix={arXiv},
      primaryClass={cs.CL},
}
@misc{geminiteam2024gemini,
      title={Gemini 1.5: Unlocking multimodal understanding across millions of tokens of contexts}, 
      author={Gemini Team Google},
      year={2024},
      eprint={2403.05530},
      archivePrefix={arXiv},
      primaryClass={cs.CL},
}
@misc{abel,
  author = {Chern, Ethan and Zou, Haoyang and Li, Xuefeng and Hu, Jiewen and Feng, Kehua and Li, Junlong and Liu, Pengfei},
  title = {Generative AI for Math: Abel},
  year = {2023},
  publisher = {GitHub},
  journal = {GitHub repository},
  howpublished = {\url{https://github.com/GAIR-NLP/abel}},
}
@article{ying2024internlm,
  title={Internlm-math: Open math large language models toward verifiable reasoning},
  author={Ying, Huaiyuan and Zhang, Shuo and Li, Linyang and Zhou, Zhejian and Shao, Yunfan and Fei, Zhaoye and Ma, Yichuan and Hong, Jiawei and Liu, Kuikun and Wang, Ziyi and others},
  journal={arXiv preprint arXiv:2402.06332},
  year={2024}
}
@article{wei2022chain,
  title={Chain-of-thought prompting elicits reasoning in large language models},
  author={Wei, Jason and Wang, Xuezhi and Schuurmans, Dale and Bosma, Maarten and Xia, Fei and Chi, Ed and Le, Quoc V and Zhou, Denny and others},
  journal={Advances in neural information processing systems},
  volume={35},
  pages={24824--24837},
  year={2022}
}
@article{numina_math,
  title={Numinamath: The largest public dataset in ai4maths with 860k pairs of competition math problems and solutions},
  author={Li, Jia and Beeching, Edward and Tunstall, Lewis and Lipkin, Ben and Soletskyi, Roman and Huang, Shengyi and Rasul, Kashif and Yu, Longhui and Jiang, Albert Q and Shen, Ziju and others},
  journal={Hugging Face repository},
  volume={13},
  pages={9},
  year={2024}
}
@article{yang2024qwen2,
  title={Qwen2 technical report},
  author={Yang, An and Yang, Baosong and Hui, Binyuan and Zheng, Bo and Yu, Bowen and Zhou, Chang and Li, Chengpeng and Li, Chengyuan and Liu, Dayiheng and Huang, Fei and others},
  journal={arXiv preprint arXiv:2407.10671},
  year={2024}
}
@article{shao2024deepseekmath,
  title={Deepseekmath: Pushing the limits of mathematical reasoning in open language models},
  author={Shao, Zhihong and Wang, Peiyi and Zhu, Qihao and Xu, Runxin and Song, Junxiao and Bi, Xiao and Zhang, Haowei and Zhang, Mingchuan and Li, YK and Wu, Y and others},
  journal={arXiv preprint arXiv:2402.03300},
  year={2024}
}
@article{wang2024role,
  title={On the Role of Entity and Event Level Conceptualization in Generalizable Reasoning: A Survey of Tasks, Methods, Applications, and Future Directions},
  author={Wang, Weiqi and Fang, Tianqing and Shi, Haochen and Xu, Baixuan and Ding, Wenxuan and Zhang, Liyu and Fan, Wei and Bai, Jiaxin and Li, Haoran and Liu, Xin and others},
  journal={arXiv preprint arXiv:2406.10885},
  year={2024}
}
@inproceedings{
saparov2023testing,
title={Testing the General Deductive Reasoning Capacity of Large Language Models Using {OOD} Examples},
author={Abulhair Saparov and Richard Yuanzhe Pang and Vishakh Padmakumar and Nitish Joshi and Mehran Kazemi and Najoung Kim and He He},
booktitle={Thirty-seventh Conference on Neural Information Processing Systems},
year={2023},
}
@inproceedings{
yasunaga2024large,
title={Large Language Models as Analogical Reasoners},
author={Michihiro Yasunaga and Xinyun Chen and Yujia Li and Panupong Pasupat and Jure Leskovec and Percy Liang and Ed H. Chi and Denny Zhou},
booktitle={The Twelfth International Conference on Learning Representations},
year={2024},
}
@inproceedings{
wang2024hypothesis,
title={Hypothesis Search: Inductive Reasoning with Language Models},
author={Ruocheng Wang and Eric Zelikman and Gabriel Poesia and Yewen Pu and Nick Haber and Noah Goodman},
booktitle={The Twelfth International Conference on Learning Representations},
year={2024},
}
@article{cheng2024inductive,
  title={Inductive or deductive? Rethinking the fundamental reasoning abilities of LLMs},
  author={Cheng, Kewei and Yang, Jingfeng and Jiang, Haoming and Wang, Zhengyang and Huang, Binxuan and Li, Ruirui and Li, Shiyang and Li, Zheng and Gao, Yifan and Li, Xian and others},
  journal={arXiv preprint arXiv:2408.00114},
  year={2024}
}
@article{zhou2024conceptual,
  title={Conceptual and unbiased reasoning in language models},
  author={Zhou, Ben and Zhang, Hongming and Chen, Sihao and Yu, Dian and Wang, Hongwei and Peng, Baolin and Roth, Dan and Yu, Dong},
  journal={arXiv preprint arXiv:2404.00205},
  year={2024}
}
@article{simon2011studying,
  title={Studying Mathematics Conceptual Learning: Student Learning through Their Mathematical Activity.},
  author={Simon, Martin A},
  journal={North American Chapter of the International Group for the Psychology of Mathematics Education},
  year={2011},
  publisher={ERIC}
}
@article{wu2024conceptmath,
  title={Conceptmath: A bilingual concept-wise benchmark for measuring mathematical reasoning of large language models},
  author={Wu, Yanan and Liu, Jie and Bu, Xingyuan and Liu, Jiaheng and Zhou, Zhanhui and Zhang, Yuanxing and Zhang, Chenchen and Bai, Zhiqi and Chen, Haibin and Ge, Tiezheng and others},
  journal={arXiv preprint arXiv:2402.14660},
  year={2024}
}
@article{hao2024llm,
  title={LLM Reasoners: New Evaluation, Library, and Analysis of Step-by-Step Reasoning with Large Language Models},
  author={Hao, Shibo and Gu, Yi and Luo, Haotian and Liu, Tianyang and Shao, Xiyan and Wang, Xinyuan and Xie, Shuhua and Ma, Haodi and Samavedhi, Adithya and Gao, Qiyue and others},
  journal={arXiv preprint arXiv:2404.05221},
  year={2024}
}
@misc{cui2024process,
  title={Process Reinforcement through Implicit Rewards},
  author={Ganqu Cui and Lifan Yuan and Zefan Wang and Hanbin Wang and Wendi Li and Bingxiang He and Yuchen Fan and Tianyu Yu and Qixin Xu and Weize Chen and Jiarui Yuan and Huayu Chen and Kaiyan Zhang and Xingtai Lv and Shuo Wang and Yuan Yao and Hao Peng and Yu Cheng and Zhiyuan Liu and Maosong Sun and Bowen Zhou and Ning Ding},
  year={2025}
}
@inproceedings{yumetamath,
  title={MetaMath: Bootstrap Your Own Mathematical Questions for Large Language Models},
  author={Yu, Longhui and Jiang, Weisen and Shi, Han and Jincheng, YU and Liu, Zhengying and Zhang, Yu and Kwok, James and Li, Zhenguo and Weller, Adrian and Liu, Weiyang},
  booktitle={The Twelfth International Conference on Learning Representations},
  year={2024}
}
@article{lin2024rho,
  title={Rho-1: Not all tokens are what you need},
  author={Lin, Zhenghao and Gou, Zhibin and Gong, Yeyun and Liu, Xiao and Shen, Yelong and Xu, Ruochen and Lin, Chen and Yang, Yujiu and Jiao, Jian and Duan, Nan and others},
  journal={arXiv preprint arXiv:2404.07965},
  year={2024}
}
@article{yue2024mammoth2,
  title={Mammoth2: Scaling instructions from the web},
  author={Yue, Xiang and Zheng, Tuney and Zhang, Ge and Chen, Wenhu},
  journal={arXiv preprint arXiv:2405.03548},
  year={2024}
}
@book{counteralgebra,
  title={Counterexamples in Algebra},
  author={Chonghui Hu},
  year={1983},
  publisher={Shaanxi Science and Technology Press}
}
@book{counterrealanalysis,
  title={Counterexamples in Real Analysis},
  author={Lin Wang},
  year={1989},
  publisher={Higher Education Press}
}
@book{counterfunctionalanalysis,
  title={Counterexamples in Functional Analysis},
  author={Lin Wang},
  year={1994},
  publisher={Higher Education Press}
}
@book{countertopology,
  title={Counterexamples in Topology},
  author={Lin Wang and Fuchun Yang},
  year={2000},
  publisher={Science Press}
}
@book{calculusbook,
author = {Klymchuk, Sergiy},
year = {2010},
month = {01},
pages = {},
title = {Counterexamples in Calculus},
isbn = {9780883857656},
doi = {10.1090/clrm/034}
}
@article{chenprogram,
  title={Program of Thoughts Prompting: Disentangling Computation from Reasoning for Numerical Reasoning Tasks},
  author={Chen, Wenhu and Ma, Xueguang and Wang, Xinyi and Cohen, William W},
  journal={Transactions on Machine Learning Research},
  year={2023}
}
@inproceedings{goutora,
  title={ToRA: A Tool-Integrated Reasoning Agent for Mathematical Problem Solving},
  author={Gou, Zhibin and Shao, Zhihong and Gong, Yeyun and Yang, Yujiu and Huang, Minlie and Duan, Nan and Chen, Weizhu and others},
  booktitle={The Twelfth International Conference on Learning Representations},
  year={2024}
}
@article{proofnet,
  author       = {Zhangir Azerbayev and
                  Bartosz Piotrowski and
                  Hailey Schoelkopf and
                  Edward W. Ayers and
                  Dragomir Radev and
                  Jeremy Avigad},
  title        = {ProofNet: Autoformalizing and Formally Proving Undergraduate-Level
                  Mathematics},
  journal      = {CoRR},
  volume       = {abs/2302.12433},
  year         = {2023},
  doi          = {10.48550/ARXIV.2302.12433},
  eprinttype    = {arXiv},
  eprint       = {2302.12433}
}
@inproceedings{naturalproof,
  author       = {Sean Welleck and
                  Jiacheng Liu and
                  Ronan Le Bras and
                  Hanna Hajishirzi and
                  Yejin Choi and
                  Kyunghyun Cho},
  editor       = {Joaquin Vanschoren and
                  Sai{-}Kit Yeung},
  title        = {NaturalProofs: Mathematical Theorem Proving in Natural Language},
  booktitle    = {Proceedings of the Neural Information Processing Systems Track on
                  Datasets and Benchmarks 1, NeurIPS Datasets and Benchmarks 2021, December
                  2021, virtual},
  year         = {2021}
}

@inproceedings{DBLP:conf/coling/HuangMLHZ0Z24,
  author       = {Shulin Huang and
                  Shirong Ma and
                  Yinghui Li and
                  Mengzuo Huang and
                  Wuhe Zou and
                  Weidong Zhang and
                  Haitao Zheng},
  editor       = {Nicoletta Calzolari and
                  Min{-}Yen Kan and
                  V{\'{e}}ronique Hoste and
                  Alessandro Lenci and
                  Sakriani Sakti and
                  Nianwen Xue},
  title        = {LatEval: An Interactive LLMs Evaluation Benchmark with Incomplete
                  Information from Lateral Thinking Puzzles},
  booktitle    = {Proceedings of the 2024 Joint International Conference on Computational
                  Linguistics, Language Resources and Evaluation, {LREC/COLING} 2024,
                  20-25 May, 2024, Torino, Italy},
  pages        = {10186--10197},
  publisher    = {{ELRA} and {ICCL}},
  year         = {2024},
  url          = {https://aclanthology.org/2024.lrec-main.889},
  timestamp    = {Fri, 26 Jul 2024 07:36:18 +0200},
  biburl       = {https://dblp.org/rec/conf/coling/HuangMLHZ0Z24.bib},
  bibsource    = {dblp computer science bibliography, https://dblp.org}
}

@inproceedings{li2024llms,
  title={When LLMs meet cunning texts: A fallacy understanding benchmark for large language models},
  author={Li, Yinghui and Zhou, Qingyu and Luo, Yuanzhen and Ma, Shirong and Li, Yangning and Zheng, Hai-Tao and Hu, Xuming and Philip, S Yu},
  booktitle={The Thirty-eight Conference on Neural Information Processing Systems Datasets and Benchmarks Track},
  year={2024}
}

@article{xu2024let,
  title={Let LLMs Take on the Latest Challenges! A Chinese Dynamic Question Answering Benchmark},
  author={Xu, Zhikun and Li, Yinghui and Ding, Ruixue and Wang, Xinyu and Chen, Boli and Jiang, Yong and Deng, Xiaodong and Ma, Jianxin and Zheng, Hai-Tao and Lu, Wenlian and others},
  journal={arXiv preprint arXiv:2402.19248},
  year={2024}
}

@article{li2023towards,
  title={Towards real-world writing assistance: A chinese character checking benchmark with faked and misspelled characters},
  author={Li, Yinghui and Xu, Zishan and Chen, Shaoshen and Huang, Haojing and Li, Yangning and Jiang, Yong and Li, Zhongli and Zhou, Qingyu and Zheng, Hai-Tao and Shen, Ying},
  journal={arXiv preprint arXiv:2311.11268},
  year={2023}
}

@article{li2025correct,
  title={Correct like humans: Progressive learning framework for Chinese text error correction},
  author={Li, Yinghui and Ma, Shirong and Chen, Shaoshen and Huang, Haojing and Huang, Shulin and Li, Yangning and Zheng, Hai-Tao and Shen, Ying},
  journal={Expert Systems with Applications},
  volume={265},
  pages={126039},
  year={2025},
  publisher={Elsevier}
}