@inproceedings{DBLP:conf/coling/HuangMLHZ0Z24,
  author       = {Shulin Huang and
                  Shirong Ma and
                  Yinghui Li and
                  Mengzuo Huang and
                  Wuhe Zou and
                  Weidong Zhang and
                  Haitao Zheng},
  editor       = {Nicoletta Calzolari and
                  Min{-}Yen Kan and
                  V{\'{e}}ronique Hoste and
                  Alessandro Lenci and
                  Sakriani Sakti and
                  Nianwen Xue},
  title        = {LatEval: An Interactive LLMs Evaluation Benchmark with Incomplete
                  Information from Lateral Thinking Puzzles},
  booktitle    = {Proceedings of the 2024 Joint International Conference on Computational
                  Linguistics, Language Resources and Evaluation, {LREC/COLING} 2024,
                  20-25 May, 2024, Torino, Italy},
  pages        = {10186--10197},
  publisher    = {{ELRA} and {ICCL}},
  year         = {2024},
  url          = {https://aclanthology.org/2024.lrec-main.889},
  timestamp    = {Fri, 26 Jul 2024 07:36:18 +0200},
  biburl       = {https://dblp.org/rec/conf/coling/HuangMLHZ0Z24.bib},
  bibsource    = {dblp computer science bibliography, https://dblp.org}
}

@misc{GHOSTS,
      title={Mathematical Capabilities of ChatGPT}, 
      author={Simon Frieder and Luca Pinchetti and Alexis Chevalier and Ryan-Rhys Griffiths and Tommaso Salvatori and Thomas Lukasiewicz and Philipp Christian Petersen and Julius Berner},
      year={2023},
      eprint={2301.13867},
      archivePrefix={arXiv},
      primaryClass={cs.LG},
}

@misc{abel,
  author = {Chern, Ethan and Zou, Haoyang and Li, Xuefeng and Hu, Jiewen and Feng, Kehua and Li, Junlong and Liu, Pengfei},
  title = {Generative AI for Math: Abel},
  year = {2023},
  publisher = {GitHub},
  journal = {GitHub repository},
  howpublished = {\url{https://github.com/GAIR-NLP/abel}},
}

@article{amini2019mathqa,
  title={Mathqa: Towards interpretable math word problem solving with operation-based formalisms},
  author={Amini, Aida and Gabriel, Saadia and Lin, Peter and Koncel-Kedziorski, Rik and Choi, Yejin and Hajishirzi, Hannaneh},
  journal={arXiv preprint arXiv:1905.13319},
  year={2019}
}

@article{cheng2024inductive,
  title={Inductive or deductive? Rethinking the fundamental reasoning abilities of LLMs},
  author={Cheng, Kewei and Yang, Jingfeng and Jiang, Haoming and Wang, Zhengyang and Huang, Binxuan and Li, Ruirui and Li, Shiyang and Li, Zheng and Gao, Yifan and Li, Xian and others},
  journal={arXiv preprint arXiv:2408.00114},
  year={2024}
}

@article{cobbe2021gsm8k,
  title={Training Verifiers to Solve Math Word Problems},
  author={Cobbe, Karl and Kosaraju, Vineet and Bavarian, Mohammad and Chen, Mark and Jun, Heewoo and Kaiser, Lukasz and Plappert, Matthias and Tworek, Jerry and Hilton, Jacob and Nakano, Reiichiro and Hesse, Christopher and Schulman, John},
  journal={arXiv preprint arXiv:2110.14168},
  year={2021}
}

@misc{frieder2024largelanguagemodelsmathematicians,
      title={Large Language Models for Mathematicians}, 
      author={Simon Frieder and Julius Berner and Philipp Petersen and Thomas Lukasiewicz},
      year={2024},
      eprint={2312.04556},
      archivePrefix={arXiv},
      primaryClass={cs.CL},
}

@misc{geminiteam2024gemini,
      title={Gemini 1.5: Unlocking multimodal understanding across millions of tokens of contexts}, 
      author={Gemini Team Google},
      year={2024},
      eprint={2403.05530},
      archivePrefix={arXiv},
      primaryClass={cs.CL},
}

@misc{he2024olympiadbench,
      title={OlympiadBench: A Challenging Benchmark for Promoting AGI with Olympiad-Level Bilingual Multimodal Scientific Problems}, 
      author={Chaoqun He and Renjie Luo and Yuzhuo Bai and Shengding Hu and Zhen Leng Thai and Junhao Shen and Jinyi Hu and Xu Han and Yujie Huang and Yuxiang Zhang and Jie Liu and Lei Qi and Zhiyuan Liu and Maosong Sun},
      year={2024},
      eprint={2402.14008},
      archivePrefix={arXiv},
      primaryClass={cs.CL}
}

@article{hendrycksmath2021,
  title={Measuring Mathematical Problem Solving With the MATH Dataset},
  author={Dan Hendrycks and Collin Burns and Saurav Kadavath and Akul Arora and Steven Basart and Eric Tang and Dawn Song and Jacob Steinhardt},
  journal={NeurIPS},
  year={2021}
}

@article{li2023towards,
  title={Towards real-world writing assistance: A chinese character checking benchmark with faked and misspelled characters},
  author={Li, Yinghui and Xu, Zishan and Chen, Shaoshen and Huang, Haojing and Li, Yangning and Jiang, Yong and Li, Zhongli and Zhou, Qingyu and Zheng, Hai-Tao and Shen, Ying},
  journal={arXiv preprint arXiv:2311.11268},
  year={2023}
}

@inproceedings{li2024llms,
  title={When LLMs meet cunning texts: A fallacy understanding benchmark for large language models},
  author={Li, Yinghui and Zhou, Qingyu and Luo, Yuanzhen and Ma, Shirong and Li, Yangning and Zheng, Hai-Tao and Hu, Xuming and Philip, S Yu},
  booktitle={The Thirty-eight Conference on Neural Information Processing Systems Datasets and Benchmarks Track},
  year={2024}
}

@article{li2025correct,
  title={Correct like humans: Progressive learning framework for Chinese text error correction},
  author={Li, Yinghui and Ma, Shirong and Chen, Shaoshen and Huang, Haojing and Huang, Shulin and Li, Yangning and Zheng, Hai-Tao and Shen, Ying},
  journal={Expert Systems with Applications},
  volume={265},
  pages={126039},
  year={2025},
  publisher={Elsevier}
}

@misc{liu2024mathbench,
      title={MathBench: Evaluating the Theory and Application Proficiency of LLMs with a Hierarchical Mathematics Benchmark}, 
      author={Hongwei Liu and Zilong Zheng and Yuxuan Qiao and Haodong Duan and Zhiwei Fei and Fengzhe Zhou and Wenwei Zhang and Songyang Zhang and Dahua Lin and Kai Chen},
      year={2024},
      eprint={2405.12209},
      archivePrefix={arXiv},
      primaryClass={cs.CL}
}

@inproceedings{lu2024mathvista,
  author    = {Lu, Pan and Bansal, Hritik and Xia, Tony and Liu, Jiacheng and Li, Chunyuan and Hajishirzi, Hannaneh and Cheng, Hao and Chang, Kai-Wei and Galley, Michel and Gao, Jianfeng},
  title     = {MathVista: Evaluating Mathematical Reasoning of Foundation Models in Visual Contexts},
  booktitle={International Conference on Learning Representations (ICLR)},
  year      = {2024}
}

@article{luo2023wizardmath,
  title={Wizardmath: Empowering mathematical reasoning for large language models via reinforced evol-instruct},
  author={Luo, Haipeng and Sun, Qingfeng and Xu, Can and Zhao, Pu and Lou, Jianguang and Tao, Chongyang and Geng, Xiubo and Lin, Qingwei and Chen, Shifeng and Zhang, Dongmei},
  journal={arXiv preprint arXiv:2308.09583},
  year={2023}
}

@article{mathmechanization,
author = {Wu, Wenjun and Gao, Xiao-Shan},
year = {2007},
month = {02},
pages = {1-8},
title = {Mathematics mechanization and applications after thirty years},
volume = {1},
journal = {Frontiers of Computer Science in China},
doi = {10.1007/s11704-007-0001-8}
}

@article{numina_math,
  title={Numinamath: The largest public dataset in ai4maths with 860k pairs of competition math problems and solutions},
  author={Li, Jia and Beeching, Edward and Tunstall, Lewis and Lipkin, Ben and Soletskyi, Roman and Huang, Shengyi and Rasul, Kashif and Yu, Longhui and Jiang, Albert Q and Shen, Ziju and others},
  journal={Hugging Face repository},
  volume={13},
  pages={9},
  year={2024}
}

@misc{openai2023gpt4,
      title={GPT-4 Technical Report}, 
      author={OpenAI},
      year={2023},
      eprint={2303.08774},
      archivePrefix={arXiv},
      primaryClass={cs.CL},
}

@article{shao2024deepseekmath,
  title={Deepseekmath: Pushing the limits of mathematical reasoning in open language models},
  author={Shao, Zhihong and Wang, Peiyi and Zhu, Qihao and Xu, Runxin and Song, Junxiao and Bi, Xiao and Zhang, Haowei and Zhang, Mingchuan and Li, YK and Wu, Y and others},
  journal={arXiv preprint arXiv:2402.03300},
  year={2024}
}

@article{simon2011studying,
  title={Studying Mathematics Conceptual Learning: Student Learning through Their Mathematical Activity.},
  author={Simon, Martin A},
  journal={North American Chapter of the International Group for the Psychology of Mathematics Education},
  year={2011},
  publisher={ERIC}
}

@inproceedings{tsoukalasputnambench,
  title={PutnamBench: Evaluating Neural Theorem-Provers on the Putnam Mathematical Competition},
  author={Tsoukalas, George and Lee, Jasper and Jennings, John and Xin, Jimmy and Ding, Michelle and Jennings, Michael and Thakur, Amitayush and Chaudhuri, Swarat},
  booktitle={The Thirty-eight Conference on Neural Information Processing Systems Datasets and Benchmarks Track}
}

@article{wang2024role,
  title={On the Role of Entity and Event Level Conceptualization in Generalizable Reasoning: A Survey of Tasks, Methods, Applications, and Future Directions},
  author={Wang, Weiqi and Fang, Tianqing and Shi, Haochen and Xu, Baixuan and Ding, Wenxuan and Zhang, Liyu and Fan, Wei and Bai, Jiaxin and Li, Haoran and Liu, Xin and others},
  journal={arXiv preprint arXiv:2406.10885},
  year={2024}
}

@article{wei2022chain,
  title={Chain-of-thought prompting elicits reasoning in large language models},
  author={Wei, Jason and Wang, Xuezhi and Schuurmans, Dale and Bosma, Maarten and Xia, Fei and Chi, Ed and Le, Quoc V and Zhou, Denny and others},
  journal={Advances in neural information processing systems},
  volume={35},
  pages={24824--24837},
  year={2022}
}

@book{wen2001mathematics,
  title={Mathematics Mechanization: Mechanical Geometry Theorem-Proving, Mechanical Geometry Problem-Solving and Polynomial Equations-Solving},
  author={Wu, Wen-tsun},
  isbn={9780792358350},
  lccn={99030211},
  series={Mathematics and Its Applications},
  year={2001},
  publisher={Springer Netherlands}
}

@article{wu2024conceptmath,
  title={Conceptmath: A bilingual concept-wise benchmark for measuring mathematical reasoning of large language models},
  author={Wu, Yanan and Liu, Jie and Bu, Xingyuan and Liu, Jiaheng and Zhou, Zhanhui and Zhang, Yuanxing and Zhang, Chenchen and Bai, Zhiqi and Chen, Haibin and Ge, Tiezheng and others},
  journal={arXiv preprint arXiv:2402.14660},
  year={2024}
}

@article{xu2024let,
  title={Let LLMs Take on the Latest Challenges! A Chinese Dynamic Question Answering Benchmark},
  author={Xu, Zhikun and Li, Yinghui and Ding, Ruixue and Wang, Xinyu and Chen, Boli and Jiang, Yong and Deng, Xiaodong and Ma, Jianxin and Zheng, Hai-Tao and Lu, Wenlian and others},
  journal={arXiv preprint arXiv:2402.19248},
  year={2024}
}

@inproceedings{yang2019learning,
  title={Learning to prove theorems via interacting with proof assistants},
  author={Yang, Kaiyu and Deng, Jia},
  booktitle={International Conference on Machine Learning},
  pages={6984--6994},
  year={2019},
  organization={PMLR}
}

@article{yang2024qwen2,
  title={Qwen2 technical report},
  author={Yang, An and Yang, Baosong and Hui, Binyuan and Zheng, Bo and Yu, Bowen and Zhou, Chang and Li, Chengpeng and Li, Chengyuan and Liu, Dayiheng and Huang, Fei and others},
  journal={arXiv preprint arXiv:2407.10671},
  year={2024}
}

@article{ying2024internlm,
  title={Internlm-math: Open math large language models toward verifiable reasoning},
  author={Ying, Huaiyuan and Zhang, Shuo and Li, Linyang and Zhou, Zhejian and Shao, Yunfan and Fei, Zhaoye and Ma, Yichuan and Hong, Jiawei and Liu, Kuikun and Wang, Ziyi and others},
  journal={arXiv preprint arXiv:2402.06332},
  year={2024}
}

@inproceedings{zhengminif2f,
  title={miniF2F: a cross-system benchmark for formal Olympiad-level mathematics},
  author={Zheng, Kunhao and Han, Jesse Michael and Polu, Stanislas},
  booktitle={International Conference on Learning Representations},
  year={2022},
}

@article{zhou2024conceptual,
  title={Conceptual and unbiased reasoning in language models},
  author={Zhou, Ben and Zhang, Hongming and Chen, Sihao and Yu, Dian and Wang, Hongwei and Peng, Baolin and Roth, Dan and Yu, Dong},
  journal={arXiv preprint arXiv:2404.00205},
  year={2024}
}

