@article{amigoni_MultirobotExploration_2017,
	title = {Multirobot exploration of communication-restricted environments: {A} survey},
	volume = {32},
	doi = {10.1109/MIS.2017.4531226},
	number = {6},
	journal = {IEEE Intelligent Systems},
	author = {Amigoni, Francesco and Banfi, Jacopo and Basilico, Nicola},
	year = {2017},
	keywords = {Survey, notion},
	pages = {48--57},
	annote = {总结
提供了一个考虑communication constaints的multi-robot exploration (mapping)的问题的literature review。但是这个review更像是对相关文献的简单罗列。


从通信约束对文献进行了分类，包括无通信约束；event-based通信约束；以及continuous通信约束。


从通信模型对文献进行了分类，包括LOS（usually within a threshold）,circle的通信模型，Signal-based，或者放置beacon。


很多都考虑了连接到一个BS（base station）的问题，这个问题具有现实的意义，因为human operator可能希望在BS端实时看到结果。

启发：
后面考虑communication constaints时，需要想好一个应用背景。比如只要求机器人之间的连通性，是为了什么？协同定位还是地图交换？也就是说，维持communication connectivity的好处，应当在experiment中明确的体现出来，这也是设计问题的时候需要考虑的。
},
	file = {IIS-2017-Multirobot_Exploration_of_Communication-Restricted_Environments_A_Survey.pdf:D\:\\PersonalFile\\NTU_Research\\ReferenceLib\\IIS-2017-Multirobot_Exploration_of_Communication-Restricted_Environments_A_Survey.pdf:application/pdf},
}

@article{chen_MultiUAVDeployment_2023,
	title = {Multi-{UAV} deployment in obstacle-cluttered environments with {LOS} connectivity},
	journal = {Arxiv},
	author = {Chen, Yuda and Guo, Meng},
	year = {2023},
	note = {arXiv: 2308.12117 [cs.RO]},
	keywords = {notion},
	file = {Arxiv-2023-Multi-UAV deployment in obstacle-cluttered environments with LOS connectivity.pdf:D\:\\PersonalFile\\NTU_Research\\ReferenceLib\\Arxiv-2023-Multi-UAV deployment in obstacle-cluttered environments with LOS connectivity.pdf:application/pdf},
}

@inproceedings{dutta_MultirobotInformative_2019,
	title = {Multi-robot {informative} {path} {planning} with {continuous} {connectivity} {constraints}},
	doi = {10.1109/ICRA.2019.8794090},
	abstract = {We consider the problem of information collection from a polygonal environment using a multi-robot system, subject to continuous connectivity constraints. In particular, the robots, having a common radius of communication range, must remain connected throughout the exploration maximizing the information collection. The information gained through the exploration of the terrain is wirelessly transmitted to a base station. The base station performs the centralized planning of informative paths for the robots based on the information collected by them and thereafter, the robots follow these paths. This paper formulates the problem of multi-robot informative path planning under continuous connectivity constraints as an integer program leveraging the ideas of bipartite graph matching and minimal node separators. Theoretical analysis of the proposed solution proves that the informative paths will be collision-free and will be free of both livelock and deadlock. Experimental results demonstrate the low computational requirements of our algorithm for planning the informative paths, taking only about 0.75 sec. for planning a joint set of collision-free informative locations for 10 robots.},
	booktitle = {2019 {International} {Conference} on {Robotics} and {Automation} ({ICRA})},
	author = {Dutta, Ayan and Ghosh, Anirban and Kreidl, O. Patrick},
	month = may,
	year = {2019},
	keywords = {Important, New, notion, Connectivity},
	pages = {3245--3251},
	file = {ICRA-2019-Multi-robot_Informative_Path_Planning_with_Continuous_Connectivity_Constraints.pdf:D\:\\PersonalFile\\NTU_Research\\ReferenceLib\\ICRA-2019-Multi-robot_Informative_Path_Planning_with_Continuous_Connectivity_Constraints.pdf:application/pdf;ICRA-2019-Robust_Area_Coverage_with_Connectivity_Maintenance.pdf:D\:\\PersonalFile\\NTU_Research\\ReferenceLib\\ICRA-2019-Robust_Area_Coverage_with_Connectivity_Maintenance.pdf:application/pdf},
}

@article{hollinger_MultirobotCoordination_2012,
	title = {Multirobot coordination with periodic connectivity: {Theory} and experiments},
	volume = {28},
	doi = {10.1109/TRO.2012.2190178},
	number = {4},
	journal = {IEEE Transactions on Robotics},
	author = {Hollinger, Geoffrey A. and Singh, Sanjiv},
	year = {2012},
	keywords = {Done, notion},
	pages = {967--973},
	file = {TRO-2012-Multirobot_Coordination_With_Periodic_Connectivity_Theory_and_Experiments.pdf:D\:\\PersonalFile\\NTU_Research\\ReferenceLib\\TRO-2012-Multirobot_Coordination_With_Periodic_Connectivity_Theory_and_Experiments.pdf:application/pdf},
}

@inproceedings{li_DecentralizedGlobal_2022,
	title = {Decentralized global connectivity maintenance for multi-robot navigation: a reinforcement learning approach},
	doi = {10.1109/ICRA46639.2022.9812163},
	booktitle = {2022 international conference on robotics and automation ({ICRA})},
	author = {Li, Minghao and Jie, Yingrui and Kong, Yang and Cheng, Hui},
	year = {2022},
	keywords = {Cloning, Important, Maintenance engineering, Navigation, Position measurement, Reinforcement learning, Robot sensing systems, Training},
	pages = {8801--8807},
	file = {ICRA-2022-Decentralized_Global_Connectivity_Maintenance_for_Multi-Robot_Navigation_A_Reinforcement_Learning_Approach.pdf:D\:\\PersonalFile\\NTU_Research\\ReferenceLib\\ICRA-2022-Decentralized_Global_Connectivity_Maintenance_for_Multi-Robot_Navigation_A_Reinforcement_Learning_Approach.pdf:application/pdf},
}

@article{robuffogiordano_PassivitybasedDecentralized_2013,
	title = {A passivity-based decentralized strategy for generalized connectivity maintenance},
	volume = {32},
	number = {3},
	journal = {The International Journal of Robotics Research},
	author = {Robuffo Giordano, Paolo and Franchi, Antonio and Secchi, Cristian and Bülthoff, Heinrich H},
	year = {2013},
	keywords = {Important, New, notion, PotentialField},
	pages = {299--323},
	file = {IJRR-2013-a-passivity-based-decentralized-strategy-for-generalized-connectivity-maintenance.pdf:D\:\\PersonalFile\\NTU_Research\\ReferenceLib\\IJRR-2013-a-passivity-based-decentralized-strategy-for-generalized-connectivity-maintenance.pdf:application/pdf},
}

@inproceedings{shi_CommunicationAwareMultirobot_2021,
	title = {Communication-{aware} {multi}-robot {coordination} with {submodular} {maximization}},
	doi = {10.1109/ICRA48506.2021.9561041},
	booktitle = {2021 {IEEE} {International} {Conference} on {Robotics} and {Automation} ({ICRA})},
	author = {Shi, Guangyao and Rabban, Ishat E and Zhou, Lifeng and Tokekar, Pratap},
	year = {2021},
	keywords = {Important, notion, Submodular},
	pages = {8955--8961},
	annote = {总结
与xia\_RELINKRealTimeLineofSightBased\_2023 有类似之处。都是先将地图，或者可行空间离散化，在上面寻找一个树的结构（一般是minimum spanning tree），然后再根据这个树状结构的guidance，再在局部的连续域中优化机器人的目标位置。
作为对比，本文寻找的是一个minimum bottleneck spanning tree(实际上这个并未解决，而只是解决了MST问题), 而shi\_CommunicationAwareMultirobotCoordination\_2021 中寻找的是一个Steiner tree, 这个tree必须cover Graph中的某些节点（比如base station和clients）,同时需要保证连通性。
难点实际上在于如何把问题建模为一个MST问题，以及局部的连续优化问题如何建模与求解。
文章所采用的方法是：


先用Greedy的方法优化submodular function，来优化track的target数量；


根据选中的trajectory，建立机器人将来预期位置的complete graph，并从中extract MST，这些MST由于包含了边长最小的边，因此视为机器人相互之间建立communication的最佳链路；


Step2中的MST中的边长可能并不满足communication constraints, 因此在每个机器人的reachable set中进行连续优化 （作为对比，前面Step1-2都是离散空间的搜索，相当于把机器人的reachable set进行离散化之后才进行submodular optimization）. 这一步的关键在于，这个连续优化问题一定是有解的，因为至少，机器人可以通过维持在当前的位置不懂，来maintain connectivity.


注意构建reachable set中的局部优化问题时，要确保问题一定有解。

对比
第一，这篇文章没有直接考虑环境中的障碍物对reachable set的影响。虽然reachable set构建过程中可以根据障碍物调整，如下图所示。但这会使得连续优化阶段要求机器人维持在reachable set的范围内这个约束变的非凸，难以直接进行优化。

第二，这篇文章考虑的约束是机器人之间的欧式距离，如何推广到机器人维持light of sight, 并且维持一定的欧式距离？机器人维持light of sight，给优化问题提出了额外的挑战。从star convex region的角度，相当于要求低阶机器人要处在高阶机器人的star convex region里面进行优化。
第三，另外，本文只考虑了track环境中的静态landmark，实际上等价于环境覆盖的任务，能否将其拓展到环境探索中？区别在于，reachable set的构建不仅考虑机器人可达的位置，还需要考虑对未知环境的探索。
第四，能否把所有的过程都构造成分布式运行？或者，这篇文章假设机器人的运动同步，如何假设异步的情况？

},
	file = {2277_VI.mp4:D\:\\PersonalFile\\NTU_Research\\ReferenceLib\\2277_VI.mp4:video/mp4;ICRA-2021-Communication-Aware_Multi-robot_Coordination_with_Submodular_Maximization.pdf:D\:\\PersonalFile\\NTU_Research\\ReferenceLib\\ICRA-2021-Communication-Aware_Multi-robot_Coordination_with_Submodular_Maximization.pdf:application/pdf},
}

@inproceedings{stump_VisibilitybasedDeployment_2011,
	title = {Visibility-based deployment of robot formations for communication maintenance},
	doi = {10.1109/ICRA.2011.5980179},
	booktitle = {2011 {IEEE} international conference on robotics and automation},
	author = {Stump, Ethan and Michael, Nathan and Kumar, Vijay and Isler, Volkan},
	year = {2011},
	keywords = {BaseStation, Important, notion},
	pages = {4498--4505},
	file = {ICRA-2011-Visibility-based_deployment_of_robot_formations_for_communication_maintenance.pdf:D\:\\PersonalFile\\NTU_Research\\ReferenceLib\\ICRA-2011-Visibility-based_deployment_of_robot_formations_for_communication_maintenance.pdf:application/pdf},
}

@article{xia_RELINKRealTime_2023,
	title = {{RELINK}: {Real}-{time} {line}-of-{sight}-{based} {deployment} {framework} of {multi}-{robot} for {maintaining} a {communication} {network}},
	volume = {8},
	doi = {10.1109/LRA.2023.3326656},
	number = {12},
	journal = {IEEE Robotics and Automation Letters},
	author = {Xia, Lijia and Deng, Beiming and Pan, Jie and Zhang, Xiaoxun and Duan, Peiming and Zhou, Boyu and Cheng, Hui},
	year = {2023},
	keywords = {Done, notion, Connectivity},
	pages = {8152--8159},
	annote = {总结
问题描述：
deploy a team of robots in a known environment with obstacles, to connect a base station to multiple clients.

这篇文章也用了star convex polygon，用了和(Liu et al., 2022)一样的约束转化方法：即，机器人要处在周围多个机器人的可视空间内，等价于机器人距离其它机器人的star convex polygon的外向映射到convex hull的距离最大。
每个机器人的位置优化即求解一个这样的约束问题。
存在问题


初值很重要。因为纯优化，不一定保证机器人的最终位置能够收敛到多个机器人的star convex polygon的内部；


多机器人如果都同时调整自己的位置，那么connectivity约束如何保证？


这篇文章考虑的是集中式的问题。


},
	file = {RAL-2023-RELINK_Real-Time_Line-of-Sight-Based_Deployment_Framework_of_Multi-Robot_for_Maintaining_a_Communication_Network.pdf:D\:\\PersonalFile\\NTU_Research\\ReferenceLib\\RAL-2023-RELINK_Real-Time_Line-of-Sight-Based_Deployment_Framework_of_Multi-Robot_for_Maintaining_a_Communication_Network.pdf:application/pdf;supp1-3326656.mp4:D\:\\PersonalFile\\NTU_Research\\ReferenceLib\\supp1-3326656.mp4:video/mp4},
}

@inproceedings{yang_DecentralizedMultirobot_2024,
	title = {Decentralized multi-robot line-of-sight connectivity maintenance under uncertainty},
	booktitle = {Robotics: {Science} and {Systems}},
	author = {Yang, Yupeng and Lyu, Yiwei and Zhang, Yanze and Yi, Sha and Luo, Wenhao},
	year = {2024}
}

@inproceedings{yang_MinimallyConstrained_2023,
	title = {Minimally constrained multi-robot coordination with line-of-sight connectivity maintenance},
	doi = {10.1109/ICRA48891.2023.10161401},
	booktitle = {2023 {IEEE} international conference on robotics and automation ({ICRA})},
	author = {Yang, Yupeng and Lyu, Yiwei and Luo, Wenhao},
	year = {2023},
	keywords = {Aerospace electronics, Behavioral sciences, Line-of-sight propagation, Maintenance engineering, Robot kinematics, Safety, Task analysis},
	pages = {7684--7690},
	file = {ICRA-2023-Minimally_Constrained_Multi-Robot_Coordination_with_Line-of-Sight_Connectivity_Maintenance.pdf:D\:\\PersonalFile\\NTU_Research\\ReferenceLib\\ICRA-2023-Minimally_Constrained_Multi-Robot_Coordination_with_Line-of-Sight_Connectivity_Maintenance.pdf:application/pdf},
}

