@misc{Author1-Year-TwoKeyWords,
abstract = {
Bib file:
This is a template of items in this bib file. Before adding a new item, pay special attention to following domains and remove uncommon symbols in them: (1) Author; (2) Title; (3) Journal. Others may not have problems.

Graph file: Num_TwoKeyWords.pdf
figure label: fig_NAME
table label: table_NAME
Section label: section_ID
Algorithm label: alg_NAME
},
title = {Paper_Title},
note = {
type "misc" has no requirements on the fields and values, and cannot be used in bibtex, because this will generate an entry with no extra information except authors and title.
}
}

@article{varadharajan2020swarm,
  title={Swarm relays: Distributed self-healing ground-and-air connectivity chains},
  author={Varadharajan, Vivek Shankar and St-Onge, David and Adams, Bram and Beltrame, Giovanni},
  journal={IEEE Robotics and Automation Letters},
  volume={5},
  number={4},
  pages={5347--5354},
  year={2020},
  publisher={IEEE}
}

@inproceedings{tan2024ir,
  title={IR 2: Implicit Rendezvous for Robotic Exploration Teams under Sparse Intermittent Connectivity},
  author={Tan, Derek Ming Siang and Ma, Yixiao and Liang, Jingsong and Chng, Yi Cheng and Cao, Yuhong and Sartoretti, Guillaume},
  booktitle={2024 IEEE/RSJ International Conference on Intelligent Robots and Systems (IROS)},
  pages={13245--13252},
  year={2024},
  organization={IEEE}
}

@article{cao2023representation,
  title={Representation granularity enables time-efficient autonomous exploration in large, complex worlds},
  author={Cao, Chao and Zhu, Hongbiao and Ren, Zhongqiang and Choset, Howie and Zhang, Ji},
  journal={Science Robotics},
  volume={8},
  number={80},
  pages={eadf0970},
  year={2023},
  publisher={American Association for the Advancement of Science}
}


@inproceedings{dutta_MultirobotInformative_2019,
	title = {Multi-robot {informative} {path} {planning} with {continuous} {connectivity} {constraints}},
	doi = {10.1109/ICRA.2019.8794090},
	abstract = {We consider the problem of information collection from a polygonal environment using a multi-robot system, subject to continuous connectivity constraints. In particular, the robots, having a common radius of communication range, must remain connected throughout the exploration maximizing the information collection. The information gained through the exploration of the terrain is wirelessly transmitted to a base station. The base station performs the centralized planning of informative paths for the robots based on the information collected by them and thereafter, the robots follow these paths. This paper formulates the problem of multi-robot informative path planning under continuous connectivity constraints as an integer program leveraging the ideas of bipartite graph matching and minimal node separators. Theoretical analysis of the proposed solution proves that the informative paths will be collision-free and will be free of both livelock and deadlock. Experimental results demonstrate the low computational requirements of our algorithm for planning the informative paths, taking only about 0.75 sec. for planning a joint set of collision-free informative locations for 10 robots.},
	booktitle = {2019 {International} {Conference} on {Robotics} and {Automation} ({ICRA})},
	author = {Dutta, Ayan and Ghosh, Anirban and Kreidl, O. Patrick},
	month = may,
	year = {2019},
	keywords = {Important, New, notion, Connectivity},
	pages = {3245--3251},
	file = {ICRA-2019-Multi-robot_Informative_Path_Planning_with_Continuous_Connectivity_Constraints.pdf:D\:\\PersonalFile\\NTU_Research\\ReferenceLib\\ICRA-2019-Multi-robot_Informative_Path_Planning_with_Continuous_Connectivity_Constraints.pdf:application/pdf;ICRA-2019-Robust_Area_Coverage_with_Connectivity_Maintenance.pdf:D\:\\PersonalFile\\NTU_Research\\ReferenceLib\\ICRA-2019-Robust_Area_Coverage_with_Connectivity_Maintenance.pdf:application/pdf},
}


@article{hollinger_MultirobotCoordination_2012,
	title = {Multirobot coordination with periodic connectivity: {Theory} and experiments},
	volume = {28},
	doi = {10.1109/TRO.2012.2190178},
	number = {4},
	journal = {IEEE Transactions on Robotics},
	author = {Hollinger, Geoffrey A. and Singh, Sanjiv},
	year = {2012},
	keywords = {Done, notion},
	pages = {967--973},
	file = {TRO-2012-Multirobot_Coordination_With_Periodic_Connectivity_Theory_and_Experiments.pdf:D\:\\PersonalFile\\NTU_Research\\ReferenceLib\\TRO-2012-Multirobot_Coordination_With_Periodic_Connectivity_Theory_and_Experiments.pdf:application/pdf},
}


@INPROCEEDINGS{Konolige_Karto_2010,
  author={Konolige, Kurt and Grisetti, Giorgio and KÃ¼mmerle, Rainer and Burgard, Wolfram and Limketkai, Benson and Vincent, Regis},
  booktitle={2010 IEEE/RSJ International Conference on Intelligent Robots and Systems (IROS)}, 
  title={Efficient sparse pose adjustment for 2D mapping}, 
  year={2010},
  volume={},
  number={},
  pages={22-29},
  doi={10.1109/IROS.2010.5649043}}

@misc{appendix,
  author    = {Ruofei Bai},
  title     = {Supplementary materials: Real-time line-of-sight maintenance in multi-robot navigation with unknown obstacles},
  howpublished = {\url{https://github.com/bairuofei/LoS_constrained_navigation/blob/main/supplementary.pdf}},
  year      = {2024}
}


@article{tian_kimera-multi_2022,
	title = {Kimera-{Multi}: {Robust}, {distributed}, {dense} {metric}-{semantic} {SLAM} for {multi}-{robot} {systems}},
	volume = {38},
	doi = {10.1109/TRO.2021.3137751},
	number = {4},
	journal = {IEEE Transactions on Robotics},
	author = {Tian, Yulun and Chang, Yun and Herrera Arias, Fernando and Nieto-Granda, Carlos and How, Jonathan P. and Carlone, Luca},
	year = {2022},
	pages = {2022--2038},
	file = {TRO-2022-Kimera-Multi_Robust_Distributed_Dense_Metric-Semantic_SLAM_for_Multi-Robot_Systems.pdf:D\:\\PersonalFile\\NTU_Research\\ReferenceLib\\TRO-2022-Kimera-Multi_Robust_Distributed_Dense_Metric-Semantic_SLAM_for_Multi-Robot_Systems.pdf:application/pdf},
}


@INPROCEEDINGS{10591842,
  author={Xu, Xinhang and Cao, Muqing and Yuan, Shenghai and Nguyen, Thien Hoang and Nguyen, Thien-Minh and Xie, Lihua},
  booktitle={2024 IEEE 18th International Conference on Control \& Automation (ICCA)}, 
  title={A Cost-Effective Cooperative Exploration and Inspection Strategy for Heterogeneous Aerial System}, 
  year={2024},
  volume={},
  number={},
  pages={673-678},
  keywords={Three-dimensional displays;Shape;Inspection;Benchmark testing;Autonomous aerial vehicles;Robustness;Resource management},
  doi={10.1109/ICCA62789.2024.10591842}}



@article{chen_MultiUAVDeployment_2023,
	title = {Multi-{UAV} deployment in obstacle-cluttered environments with {LOS} connectivity},
	journal = {Arxiv},
	author = {Chen, Yuda and Guo, Meng},
	year = {2023},
	note = {arXiv: 2308.12117 [cs.RO]},
	keywords = {notion},
	file = {Arxiv-2023-Multi-UAV deployment in obstacle-cluttered environments with LOS connectivity.pdf:D\:\\PersonalFile\\NTU_Research\\ReferenceLib\\Arxiv-2023-Multi-UAV deployment in obstacle-cluttered environments with LOS connectivity.pdf:application/pdf},
}


@inproceedings{yang_DecentralizedMultirobot_2024,
	title = {Decentralized multi-robot line-of-sight connectivity maintenance under uncertainty},
	booktitle = {Robotics: {Science} and {Systems}},
	author = {Yang, Yupeng and Lyu, Yiwei and Zhang, Yanze and Yi, Sha and Luo, Wenhao},
	year = {2024}
}




@inproceedings{cao_TAREHierarchical_2021,
	title = {{TARE}: {A} {Hierarchical} {Framework} for {Efficiently} {Exploring} {Complex} {3D} {Environments}.},
	volume = {5},
	booktitle = {Robotics: {Science} and {Systems}},
	author = {Cao, Chao and Zhu, Hongbiao and Choset, Howie and Zhang, Ji},
	year = {2021},
	keywords = {Done, notion},
	file = {RSS-2021-TARE-A Hierarchical Framework for Efficiently Exploring.pdf:D\:\\PersonalFile\\NTU_Research\\ReferenceLib\\RSS-2021-TARE-A Hierarchical Framework for Efficiently Exploring.pdf:application/pdf},
}



@inproceedings{yang_MinimallyConstrained_2023,
	title = {Minimally constrained multi-robot coordination with line-of-sight connectivity maintenance},
	doi = {10.1109/ICRA48891.2023.10161401},
	booktitle = {2023 {IEEE} international conference on robotics and automation ({ICRA})},
	author = {Yang, Yupeng and Lyu, Yiwei and Luo, Wenhao},
	year = {2023},
	keywords = {Aerospace electronics, Behavioral sciences, Line-of-sight propagation, Maintenance engineering, Robot kinematics, Safety, Task analysis},
	pages = {7684--7690},
	file = {ICRA-2023-Minimally_Constrained_Multi-Robot_Coordination_with_Line-of-Sight_Connectivity_Maintenance.pdf:D\:\\PersonalFile\\NTU_Research\\ReferenceLib\\ICRA-2023-Minimally_Constrained_Multi-Robot_Coordination_with_Line-of-Sight_Connectivity_Maintenance.pdf:application/pdf},
}



@inproceedings{li_DecentralizedGlobal_2022,
	title = {Decentralized global connectivity maintenance for multi-robot navigation: a reinforcement learning approach},
	doi = {10.1109/ICRA46639.2022.9812163},
	booktitle = {2022 international conference on robotics and automation ({ICRA})},
	author = {Li, Minghao and Jie, Yingrui and Kong, Yang and Cheng, Hui},
	year = {2022},
	keywords = {Cloning, Important, Maintenance engineering, Navigation, Position measurement, Reinforcement learning, Robot sensing systems, Training},
	pages = {8801--8807},
	file = {ICRA-2022-Decentralized_Global_Connectivity_Maintenance_for_Multi-Robot_Navigation_A_Reinforcement_Learning_Approach.pdf:D\:\\PersonalFile\\NTU_Research\\ReferenceLib\\ICRA-2022-Decentralized_Global_Connectivity_Maintenance_for_Multi-Robot_Navigation_A_Reinforcement_Learning_Approach.pdf:application/pdf},
}

@ARTICLE{10577228,
  author={Bai, Ruofei and Guo, Hongliang and Yau, Wei-Yun and Xie, Lihua},
  journal={IEEE Robotics and Automation Letters}, 
  title={Graph-Based SLAM-Aware Exploration With Prior Topo-Metric Information}, 
  year={2024},
  volume={9},
  number={9},
  pages={7597-7604},
  keywords={Simultaneous localization and mapping;Robots;Reliability;Laplace equations;Uncertainty;Robot kinematics;Covariance matrices;Autonomous exploration;planning under uncertainty;Simultaneous Localization and Mapping (SLAM)},
  doi={10.1109/LRA.2024.3420817}}



@article{tian2020search,
  title={Search and rescue under the forest canopy using multiple UAVs},
  author={Tian, Yulun and Liu, Katherine and Ok, Kyel and Tran, Loc and Allen, Danette and Roy, Nicholas and How, Jonathan P},
  journal={The International Journal of Robotics Research},
  volume={39},
  number={10-11},
  pages={1201--1221},
  year={2020},
  publisher={SAGE Publications Sage UK: London, England}
}



@article{liu_RelativeLocalizationEstimation_2023,
	title = {Relative {localization} {estimation} for {multiple} {robots} via the {rotating} {ultra}-{wideband} {tag}},
	volume = {8},
	doi = {10.1109/LRA.2023.3280802},
	number = {7},
	journal = {IEEE Robotics and Automation Letters},
	author = {Liu, Jinxin and Hu, Guoqiang},
	year = {2023},
	keywords = {notion, UWB},
	pages = {4187--4194},
	file = {RAL-2023-Relative_Localization_Estimation_for_Multiple_Robots_via_the_Rotating_Ultra-Wideband_Tag.pdf:D\:\\PersonalFile\\NTU_Research\\ReferenceLib\\RAL-2023-Relative_Localization_Estimation_for_Multiple_Robots_via_the_Rotating_Ultra-Wideband_Tag.pdf:application/pdf},
}

@ARTICLE{robotarium_CSM_2020,
  author={Wilson, Sean and Glotfelter, Paul and Wang, Li and Mayya, Siddharth and Notomista, Gennaro and Mote, Mark and Egerstedt, Magnus},
  journal={IEEE Control Systems Magazine}, 
  title={The Robotarium: Globally Impactful Opportunities, Challenges, and Lessons Learned in Remote-Access, Distributed Control of Multirobot Systems}, 
  year={2020},
  volume={40},
  number={1},
  pages={26-44},
  keywords={Decentralized control;Collision avoidance;Robot kinematics;Robot sensing systems;Mobile robots},
  doi={10.1109/MCS.2019.2949973}}



@inproceedings{yang_FARPlanner_2022,
	title = {{FAR} {Planner}: {Fast}, {attemptable} {route} {planner} using {dynamic} {visibility} {update}},
	doi = {10.1109/IROS47612.2022.9981574},
	booktitle = {2022 {IEEE}/{RSJ} {International} {Conference} on {Intelligent} {Robots} and {Systems} ({IROS})},
	author = {Yang, Fan and Cao, Chao and Zhu, Hongbiao and Oh, Jean and Zhang, Ji},
	year = {2022},
	keywords = {Important, notion},
	pages = {9--16},
	file = {IROS-2022-FAR_Planner_Fast_Attemptable_Route_Planner_using_Dynamic_Visibility_Update.pdf:D\:\\PersonalFile\\NTU_Research\\ReferenceLib\\IROS-2022-FAR_Planner_Fast_Attemptable_Route_Planner_using_Dynamic_Visibility_Update.pdf:application/pdf},
}



@article{amigoni_MultirobotExploration_2017,
	title = {Multirobot exploration of communication-restricted environments: {A} survey},
	volume = {32},
	doi = {10.1109/MIS.2017.4531226},
	number = {6},
	journal = {IEEE Intelligent Systems},
	author = {Amigoni, Francesco and Banfi, Jacopo and Basilico, Nicola},
	year = {2017},
	keywords = {Survey, notion},
	pages = {48--57},
	annote = {æ»ç»
æä¾äºä¸ä¸ªèècommunication constaintsçmulti-robot exploration (mapping)çé®é¢çliterature reviewãä½æ¯è¿ä¸ªreviewæ´åæ¯å¯¹ç¸å³æç®çç®åç½åã


ä»éä¿¡çº¦æå¯¹æç®è¿è¡äºåç±»ï¼åæ¬æ éä¿¡çº¦æï¼event-basedéä¿¡çº¦æï¼ä»¥åcontinuouséä¿¡çº¦æã


ä»éä¿¡æ¨¡åå¯¹æç®è¿è¡äºåç±»ï¼åæ¬LOSï¼usually within a thresholdï¼,circleçéä¿¡æ¨¡åï¼Signal-basedï¼æèæ¾ç½®beaconã


å¾å¤é½èèäºè¿æ¥å°ä¸ä¸ªBSï¼base stationï¼çé®é¢ï¼è¿ä¸ªé®é¢å·æç°å®çæä¹ï¼å ä¸ºhuman operatorå¯è½å¸æå¨BSç«¯å®æ¶çå°ç»æã

å¯åï¼
åé¢èècommunication constaintsæ¶ï¼éè¦æ³å¥½ä¸ä¸ªåºç¨èæ¯ãæ¯å¦åªè¦æ±æºå¨äººä¹é´çè¿éæ§ï¼æ¯ä¸ºäºä»ä¹ï¼ååå®ä½è¿æ¯å°å¾äº¤æ¢ï¼ä¹å°±æ¯è¯´ï¼ç»´æcommunication connectivityçå¥½å¤ï¼åºå½å¨experimentä¸­æç¡®çä½ç°åºæ¥ï¼è¿ä¹æ¯è®¾è®¡é®é¢çæ¶åéè¦èèçã
},
	file = {IIS-2017-Multirobot_Exploration_of_Communication-Restricted_Environments_A_Survey.pdf:D\:\\PersonalFile\\NTU_Research\\ReferenceLib\\IIS-2017-Multirobot_Exploration_of_Communication-Restricted_Environments_A_Survey.pdf:application/pdf},
}


@inproceedings{shi_CommunicationAwareMultirobot_2021,
	title = {Communication-{aware} {multi}-robot {coordination} with {submodular} {maximization}},
	doi = {10.1109/ICRA48506.2021.9561041},
	booktitle = {2021 {IEEE} {International} {Conference} on {Robotics} and {Automation} ({ICRA})},
	author = {Shi, Guangyao and Rabban, Ishat E and Zhou, Lifeng and Tokekar, Pratap},
	year = {2021},
	keywords = {Important, notion, Submodular},
	pages = {8955--8961},
	annote = {æ»ç»
ä¸xia\_RELINKRealTimeLineofSightBased\_2023 æç±»ä¼¼ä¹å¤ãé½æ¯åå°å°å¾ï¼æèå¯è¡ç©ºé´ç¦»æ£åï¼å¨ä¸é¢å¯»æ¾ä¸ä¸ªæ çç»æï¼ä¸è¬æ¯minimum spanning treeï¼ï¼ç¶ååæ ¹æ®è¿ä¸ªæ ç¶ç»æçguidanceï¼åå¨å±é¨çè¿ç»­åä¸­ä¼åæºå¨äººçç®æ ä½ç½®ã
ä½ä¸ºå¯¹æ¯ï¼æ¬æå¯»æ¾çæ¯ä¸ä¸ªminimum bottleneck spanning tree(å®éä¸è¿ä¸ªå¹¶æªè§£å³ï¼èåªæ¯è§£å³äºMSTé®é¢), èshi\_CommunicationAwareMultirobotCoordination\_2021 ä¸­å¯»æ¾çæ¯ä¸ä¸ªSteiner tree, è¿ä¸ªtreeå¿é¡»cover Graphä¸­çæäºèç¹ï¼æ¯å¦base stationåclientsï¼,åæ¶éè¦ä¿è¯è¿éæ§ã
é¾ç¹å®éä¸å¨äºå¦ä½æé®é¢å»ºæ¨¡ä¸ºä¸ä¸ªMSTé®é¢ï¼ä»¥åå±é¨çè¿ç»­ä¼åé®é¢å¦ä½å»ºæ¨¡ä¸æ±è§£ã
æç« æéç¨çæ¹æ³æ¯ï¼


åç¨Greedyçæ¹æ³ä¼åsubmodular functionï¼æ¥ä¼åtrackçtargetæ°éï¼


æ ¹æ®éä¸­çtrajectoryï¼å»ºç«æºå¨äººå°æ¥é¢æä½ç½®çcomplete graphï¼å¹¶ä»ä¸­extract MSTï¼è¿äºMSTç±äºåå«äºè¾¹é¿æå°çè¾¹ï¼å æ­¤è§ä¸ºæºå¨äººç¸äºä¹é´å»ºç«communicationçæä½³é¾è·¯ï¼


Step2ä¸­çMSTä¸­çè¾¹é¿å¯è½å¹¶ä¸æ»¡è¶³communication constraints, å æ­¤å¨æ¯ä¸ªæºå¨äººçreachable setä¸­è¿è¡è¿ç»­ä¼å ï¼ä½ä¸ºå¯¹æ¯ï¼åé¢Step1-2é½æ¯ç¦»æ£ç©ºé´çæç´¢ï¼ç¸å½äºææºå¨äººçreachable setè¿è¡ç¦»æ£åä¹åæè¿è¡submodular optimizationï¼. è¿ä¸æ­¥çå³é®å¨äºï¼è¿ä¸ªè¿ç»­ä¼åé®é¢ä¸å®æ¯æè§£çï¼å ä¸ºè³å°ï¼æºå¨äººå¯ä»¥éè¿ç»´æå¨å½åçä½ç½®ä¸æï¼æ¥maintain connectivity.


æ³¨ææå»ºreachable setä¸­çå±é¨ä¼åé®é¢æ¶ï¼è¦ç¡®ä¿é®é¢ä¸å®æè§£ã

å¯¹æ¯
ç¬¬ä¸ï¼è¿ç¯æç« æ²¡æç´æ¥èèç¯å¢ä¸­çéç¢ç©å¯¹reachable setçå½±åãè½ç¶reachable setæå»ºè¿ç¨ä¸­å¯ä»¥æ ¹æ®éç¢ç©è°æ´ï¼å¦ä¸å¾æç¤ºãä½è¿ä¼ä½¿å¾è¿ç»­ä¼åé¶æ®µè¦æ±æºå¨äººç»´æå¨reachable setçèå´åè¿ä¸ªçº¦æåçéå¸ï¼é¾ä»¥ç´æ¥è¿è¡ä¼åã

ç¬¬äºï¼è¿ç¯æç« èèççº¦ææ¯æºå¨äººä¹é´çæ¬§å¼è·ç¦»ï¼å¦ä½æ¨å¹¿å°æºå¨äººç»´ælight of sight, å¹¶ä¸ç»´æä¸å®çæ¬§å¼è·ç¦»ï¼æºå¨äººç»´ælight of sightï¼ç»ä¼åé®é¢æåºäºé¢å¤çææãä»star convex regionçè§åº¦ï¼ç¸å½äºè¦æ±ä½é¶æºå¨äººè¦å¤å¨é«é¶æºå¨äººçstar convex regionéé¢è¿è¡ä¼åã
ç¬¬ä¸ï¼å¦å¤ï¼æ¬æåªèèäºtrackç¯å¢ä¸­çéælandmarkï¼å®éä¸ç­ä»·äºç¯å¢è¦ççä»»å¡ï¼è½å¦å°å¶æå±å°ç¯å¢æ¢ç´¢ä¸­ï¼åºå«å¨äºï¼reachable setçæå»ºä¸ä»èèæºå¨äººå¯è¾¾çä½ç½®ï¼è¿éè¦èèå¯¹æªç¥ç¯å¢çæ¢ç´¢ã
ç¬¬åï¼è½å¦æææçè¿ç¨é½æé æåå¸å¼è¿è¡ï¼æèï¼è¿ç¯æç« åè®¾æºå¨äººçè¿å¨åæ­¥ï¼å¦ä½åè®¾å¼æ­¥çæåµï¼

},
	file = {2277_VI.mp4:D\:\\PersonalFile\\NTU_Research\\ReferenceLib\\2277_VI.mp4:video/mp4;ICRA-2021-Communication-Aware_Multi-robot_Coordination_with_Submodular_Maximization.pdf:D\:\\PersonalFile\\NTU_Research\\ReferenceLib\\ICRA-2021-Communication-Aware_Multi-robot_Coordination_with_Submodular_Maximization.pdf:application/pdf},
}


@inproceedings{stump_VisibilitybasedDeployment_2011,
	title = {Visibility-based deployment of robot formations for communication maintenance},
	doi = {10.1109/ICRA.2011.5980179},
	booktitle = {2011 {IEEE} international conference on robotics and automation},
	author = {Stump, Ethan and Michael, Nathan and Kumar, Vijay and Isler, Volkan},
	year = {2011},
	keywords = {BaseStation, Important, notion},
	pages = {4498--4505},
	file = {ICRA-2011-Visibility-based_deployment_of_robot_formations_for_communication_maintenance.pdf:D\:\\PersonalFile\\NTU_Research\\ReferenceLib\\ICRA-2011-Visibility-based_deployment_of_robot_formations_for_communication_maintenance.pdf:application/pdf},
}


@article{yang_DecentralizedEstimation_2010,
	title = {Decentralized estimation and control of graph connectivity for mobile sensor networks},
	volume = {46},
	number = {2},
	journal = {Automatica},
	author = {Yang, Peng and Freeman, Randy A and Gordon, Geoffrey J and Lynch, Kevin M and Srinivasa, Siddhartha S and Sukthankar, Rahul},
	year = {2010},
	keywords = {notion},
	pages = {390--396},
	file = {Automatica-2010-Decentralized estimation and control of graph connectivity for mobile sensor networks.pdf:D\:\\PersonalFile\\NTU_Research\\ReferenceLib\\Automatica-2010-Decentralized estimation and control of graph connectivity for mobile sensor networks.pdf:application/pdf},
}



@article{nestmeyer_DecentralizedSimultaneous_2017,
	title = {Decentralized simultaneous multi-target exploration using a connected network of multiple robots},
	volume = {41},
	journal = {Autonomous robots},
	author = {Nestmeyer, Thomas and Robuffo Giordano, Paolo and BÃ¼lthoff, Heinrich H and Franchi, Antonio},
	year = {2017},
	keywords = {New, notion, PotentialField},
	pages = {989--1011},
	annote = {æ»ç»
è¿ç¯æç« åºäºIJRR2013ï¼å¨å¶åºç¡ä¸ï¼æ ¹æ®multi-target explorationå¯¹å¤é¨åè¾å¥f\_iè¿è¡äºè®¾è®¡ãä¸»è¦æ¯å¯¹æºå¨äººçf\_iï¼æ ¹æ®æºå¨äººçä¸åè§è²ï¼è¿è¡äºå¯¹åºçè®¾è®¡ã
é¦åï¼æºå¨äººåä¸º4ç§è§è²


connector, ç®åæ²¡ætargetï¼åªéè¦æ ¹æ®f\_lambdaçä½ç¨æ¥ç»´æå¢ä½çconnectivityå³å¯


prime traveler, è·ç¦»targetæè¿çrobot,éæ©ä¸ºä¸»è¦çtraveler


secondary travelerï¼åæ ·ä¹ætarget,ä½æ¯ä»ä»¬çf\_iä¼è¿è¡scalingï¼ä¸ºäºä¸å½±åf\_lambdaï¼ä»¥åprime travelerçç§»å¨æç


anchor, å°è¾¾ç®æ ä½ç½®çæºå¨äººï¼å¼ºå¶åçå¨æ­¤å¤ï¼ä»¥æ»¡è¶³å¯¹åºçæç»­æ¶é´çº¦æ


åºäºè¿åç§è§è²ï¼å¯¹æºå¨äººçf\_iè¿è¡äºè®¾è®¡ãè¿éçæ ¸å¿é®é¢ï¼å¦ä½èæè¯´, secondary travelerçforceï¼éè¦é¿åä¸¤ç§æåµä»¥é²æ­¢dead lock:


secondary travelerçforceä¸f\_lambdaæ¹åç¸åï¼è¿æ ·exploration forceä¼å½±åconnectivity; è¿éåç°ä¸ä¸ªä¸åçä¹å¤ï¼å®éä¸åºä¸ä»èèf\_lambdaçæ¹åï¼è¿åºèèf\_lambdaçå¤§å°ãå¦ï¼å¯¹f\_lambdaè¾å°æ¶ï¼å¯¹f\_içå½±åå¯éå½åå°ï¼å ä¸ºè¡¨ææ­¤æ¶explorationå¯¹connectivityçå½±åè¾å°ãå½ç¶ä¹å¯ä»¥è§£éä¸ºï¼f\_lambdaé0æ¶ï¼å·²ç»è¡¨æconnecitivityåå°è¾ä¸¥éå¨èã


secondary travelerçforceï¼å¨prime travelerçpath trackingè¡¨ç°ä¸ä½³æ¶ï¼åºå½è¿ä¸æ­¥åå°ï¼ä»¥ä½¿æ´ä¸ªæºå¨äººå¢éä»è¢«prime traveleré©±å¨ã


å¯¹åºçï¼å¦ææ²¡æä¸è¿°æåµï¼å¦secondary travelerçf\_lambdaä¸º0ï¼åæºå¨äººå¯ä»¥æ ¹æ®f\_ièªç±ç§»å¨ã

å¾è¯»ï¼


å®éªé¨å


æºå¨äººæ¨¡åä¸å¤ªäºè§£ã




é®é¢ï¼
å¯¹äºprime travelerï¼å¦æf\_iä¸å¢éä¸­çanchor robotåçäºå²çªï¼f\_içåå¼èå´åºè¯¥è¿è¡ä¸å®çéå¶ï¼å¦åä¼å¯¼è´ç³»ç»connectivityè¢«ç ´åãèè¿ä¸ç¹æ²¡æå¨æ¬æä¸­è¿è¡åæã
å®éä¸ï¼å³ä½¿å¢éä¸­æ²¡æanchor robotï¼ prime travelerä¹éè¦èèæ½å çf\_içèå´ï¼å ä¸ºf\_iå¯è½dominate f\_lambda, å¨è¿ç§æåµä¸connectivityæ æ³ä¿è¯ã
},
	file = {2016g-NesRobBueFra-empty.mp4:D\:\\PersonalFile\\NTU_Research\\ReferenceLib\\2016g-NesRobBueFra-empty.mp4:video/mp4;2016g-NesRobBueFra-town.mp4:D\:\\PersonalFile\\NTU_Research\\ReferenceLib\\2016g-NesRobBueFra-town.mp4:video/mp4;AuRo-2017-Decentralized simultaneous multi-target exploration using a connected network of multiple robots.pdf:D\:\\PersonalFile\\NTU_Research\\ReferenceLib\\AuRo-2017-Decentralized simultaneous multi-target exploration using a connected network of multiple robots.pdf:application/pdf},
}



@article{xia_RELINKRealTime_2023,
	title = {{RELINK}: {Real}-{time} {line}-of-{sight}-{based} {deployment} {framework} of {multi}-{robot} for {maintaining} a {communication} {network}},
	volume = {8},
	doi = {10.1109/LRA.2023.3326656},
	number = {12},
	journal = {IEEE Robotics and Automation Letters},
	author = {Xia, Lijia and Deng, Beiming and Pan, Jie and Zhang, Xiaoxun and Duan, Peiming and Zhou, Boyu and Cheng, Hui},
	year = {2023},
	keywords = {Done, notion, Connectivity},
	pages = {8152--8159},
	annote = {æ»ç»
é®é¢æè¿°ï¼
deploy a team of robots in a known environment with obstacles, to connect a base station to multiple clients.

è¿ç¯æç« ä¹ç¨äºstar convex polygonï¼ç¨äºå(Liu et al., 2022)ä¸æ ·ççº¦æè½¬åæ¹æ³ï¼å³ï¼æºå¨äººè¦å¤å¨å¨å´å¤ä¸ªæºå¨äººçå¯è§ç©ºé´åï¼ç­ä»·äºæºå¨äººè·ç¦»å¶å®æºå¨äººçstar convex polygonçå¤åæ å°å°convex hullçè·ç¦»æå¤§ã
æ¯ä¸ªæºå¨äººçä½ç½®ä¼åå³æ±è§£ä¸ä¸ªè¿æ ·ççº¦æé®é¢ã
å­å¨é®é¢


åå¼å¾éè¦ãå ä¸ºçº¯ä¼åï¼ä¸ä¸å®ä¿è¯æºå¨äººçæç»ä½ç½®è½å¤æ¶æå°å¤ä¸ªæºå¨äººçstar convex polygonçåé¨ï¼


å¤æºå¨äººå¦æé½åæ¶è°æ´èªå·±çä½ç½®ï¼é£ä¹connectivityçº¦æå¦ä½ä¿è¯ï¼


è¿ç¯æç« èèçæ¯éä¸­å¼çé®é¢ã


},
	file = {RAL-2023-RELINK_Real-Time_Line-of-Sight-Based_Deployment_Framework_of_Multi-Robot_for_Maintaining_a_Communication_Network.pdf:D\:\\PersonalFile\\NTU_Research\\ReferenceLib\\RAL-2023-RELINK_Real-Time_Line-of-Sight-Based_Deployment_Framework_of_Multi-Robot_for_Maintaining_a_Communication_Network.pdf:application/pdf;supp1-3326656.mp4:D\:\\PersonalFile\\NTU_Research\\ReferenceLib\\supp1-3326656.mp4:video/mp4},
}



@incollection{katz2007direct,
	title = {Direct visibility of point sets},
	booktitle = {{ACM} {SIGGRAPH} 2007 papers},
	author = {Katz, Sagi and Tal, Ayellet and Basri, Ronen},
	year = {2007},
	keywords = {Important},
	pages = {24--es},
	annote = {æ»ç»
è¿ç¯æç« ä»ç»äºHPR operator (Hidden point removal)ï¼ç¨æ¥å¨æä¸ä¸ªè§è§å¤æ­ç¹äºä¸­çç¹æ¯å¦visible. è¿ä¸ªé®é¢çé¾ç¹å¨äºï¼ä¸¥æ ¼æ¥è¯´ç¹äºå¹¶æ²¡æé®æ¡å³ç³»ï¼é¤éä¸¤ä¸ªç¹äºä¸¥æ ¼å¤å¨åä¸æ¡ä»è§è§åºåçå°çº¿ä¸ï¼ã
æ ¸å¿è§ç¹æ¯ævisiableçæ£æ¥è¿ç¨ï¼è½¬åæäºæ±è§£ç»è¿shperical flippingä¹åçç¹äºçconvex Hullçè¿ç¨. æ ¹æ®shperical flippingçç¹ç¹ï¼å¦æä¸ä¸ªç¹è¢«å¨å´çç¹é®æ¡ï¼åè¿äºå¨å´çç¹è·ç¦»view pointåºè¯¥æ¯å½åç¹æ´è¿ï¼å¯¹åºçflipping pointsåºè¯¥æ´è¿ãå¦æ­¤ï¼å¯ä»¥ä½¿ç¨å½åç¹ä¸å¨å´ç¹çflipping pointsçè¿çº¿å¤¹è§ï¼æ¥å¤æ­å½åç¹æ¯å¦è¢«é®æ¡ã

å¦ä¸å¾æç¤ºï¼å¦æè¦æ±beta\_j + beta\_k {\textless} Pi, åç­ä»·äºflipping pointsçconvex Hullçé¡¶ç¹å¯¹åºçsource pointsä¸ºå¯è§ç¹ï¼èé£äºè¢«å¶å®flipping pointsçconvex Hullåå«çç¹ï¼è¡¨ç¤ºå¨source domainä¸­ï¼è¿äºç¹çéè¿æå¶å®çç¹è·ç¦»view pointæ´è¿ï¼ï¼åè¢«è®¤ä¸ºæ¯not visibleçã
å¨ç»å®è§åº¦çthresholdä¸ºPiçæåµä¸ï¼flipping shpereçradius Rå¯ä»¥è¿ä¸æ­¥æ§å¶ç¹çvisibilityã
},
	file = {ToG-2007-Direct Visibility of Point Sets.pdf:D\:\\PersonalFile\\NTU_Research\\ReferenceLib\\ToG-2007-Direct Visibility of Point Sets.pdf:application/pdf},
}


@article{fiedler1973algebraic,
  title={Algebraic connectivity of graphs},
  author={Fiedler, Miroslav},
  journal={Czechoslovak mathematical journal},
  volume={23},
  number={2},
  pages={298--305},
  year={1973},
  publisher={Institute of Mathematics, Academy of Sciences of the Czech Republic}
}


@inproceedings{liu_StarconvexConstrained_2022,
	title = {Star-convex constrained optimization for visibility planning with application to aerial inspection},
	booktitle = {2022 IEEE International Conference on Robotics and Automation ({ICRA})},
	publisher = {},
	author = {Liu, Tianyu and Wang, Qianhao and Zhong, Xingguang and Wang, Zhepei and Xu, Chao and Zhang, Fu and Gao, Fei},
	year = {2022},
	keywords = {Done, Important, notion},
	pages = {7861--7867},
	annote = {æ»ç»
è¿ç¯æç« èèäºå¤ç¹monitoringé®é¢ä¸­ï¼å¦ä½å¯¹ç®æ ä½ç½®çå¯è§åºåè¿è¡å»ºæ¨¡çé®é¢ã
ç®æ ä½ç½®çå¯è§åºåå®éä¸ææä¸ä¸ªstar convex polytopeãä½æ¯ç±äºSCPéå¸ï¼æä»¥ä¸è½ç´æ¥ä¸convex corridorä¸æ ·ç´æ¥ç¨äºå¸ç©ºé´çè§åã
æ¬æå©ç¨SCPçæ å°å³ç³»ï¼æå¯è§åºåççº¦æï¼è½¬æ¢æä¸ä¸ªflippedçç©ºé´çconvex hullçè·ç¦»çº¦æï¼å¹¶éå¶æºå¨äººä½ç½®å°è¿ä¸ªconvex hullçæå°è·ç¦»ï¼å¹¶éè¿log expç®å­æmaxå½æ°è½¬æä¸ä¸ªè¿ç»­å¯å¾®çå½¢å¼ã
è¿ä¸ªçº¦æç¨æ¥å¨è·åTSPæå¾å°çè®¿é®é¡ºåºä¹åï¼ä¼åpolygonåé¨çwaypointçä½ç½®ã

å¨æç»ä¼åè½¨è¿¹æ¶ï¼ç´æ¥ä½¿ç¨çæ¯star convex polytopeçå¸å­éï¼èä¸æ¯star convex polytope.
},
	file = {ICRA-2022-Star-Convex_Constrained_Optimization_for_Visibility_Planning_with_Application_to_Aerial_Inspection.pdf:D\:\\PersonalFile\\NTU_Research\\ReferenceLib\\ICRA-2022-Star-Convex_Constrained_Optimization_for_Visibility_Planning_with_Application_to_Aerial_Inspection.pdf:application/pdf},
}



@article{robuffogiordano_PassivitybasedDecentralized_2013,
	title = {A passivity-based decentralized strategy for generalized connectivity maintenance},
	volume = {32},
	number = {3},
	journal = {The International Journal of Robotics Research},
	author = {Robuffo Giordano, Paolo and Franchi, Antonio and Secchi, Cristian and BÃ¼lthoff, Heinrich H},
	year = {2013},
	keywords = {Important, New, notion, PotentialField},
	pages = {299--323},
	file = {IJRR-2013-a-passivity-based-decentralized-strategy-for-generalized-connectivity-maintenance.pdf:D\:\\PersonalFile\\NTU_Research\\ReferenceLib\\IJRR-2013-a-passivity-based-decentralized-strategy-for-generalized-connectivity-maintenance.pdf:application/pdf},
}


@inproceedings{Newcombe_2015,
author = {Newcombe, Richard and Fox, Dieter and Seitz, Steven},
year = {2015},
month = {06},
pages = {343-352},
title = {DynamicFusion: Reconstruction and tracking of non-rigid scenes in real-time},
doi = {10.1109/CVPR.2015.7298631}
}