@TechReport{Haussler1999,
  author      = {David Haussler},
  title       = {Convolution kernels on discrete structures},
  year        = {1999},
}

@Book{BishopPRML,
  author    = {Bishop},
  publisher = {Springer},
  title     = {Pattern Recognition and Machine Learning},
  year      = {2006},
}

@InProceedings{ji2019invariant,
  author    = {Ji, Xu and Henriques, Joao F and Vedaldi, Andrea},
  booktitle = {ICCV},
  title     = {Invariant information clustering for unsupervised image classification and segmentation},
  year      = {2019},
  pages     = {9865--9874},
}
@inproceedings{lin2021completer,
    author    = {Lin, Yijie and Gou, Yuanbiao and Liu, Zitao and Li, Boyun and Lv, Jiancheng and Peng, Xi},
    title     = {COMPLETER: Incomplete multi-view clustering via contrastive prediction},
    booktitle = {CVPR},
    year      = {2021},
    pages     = {11174-11183}
}

@InProceedings{Hanijcai2024,
  author =    {Qi Han and Zhibo Tian and Chengwei Xia and Kun Zhan},
  title =     {{InfoMatch}: Entropy neural estimation for semi-supervised image classification},
  booktitle = {IJCAI},
  year =      {2024},
  volume =    {33},
  pages =     {4089--4097},
}
%%%%%%%%%%%%%%%%% intro/ related%%%%%%%%%%%%%%%%%%%%%%%%%
@InProceedings{Xu_2021_ICCV,
  author    = {Xu, Jie and Ren, Yazhou and Tang, Huayi and Pu, Xiaorong and Zhu, Xiaofeng and Zeng, Ming and He, Lifang},
  booktitle = {ICCV},
  title     = {Multi-{VAE}: Learning Disentangled View-Common and View-Peculiar Visual Representations for Multi-View Clustering},
  year      = {2021},
  pages     = {9234-9243},
}

@Article{xu2024structure,
      title={Structure-Aware Consensus Network on Graphs with Few Labeled Nodes}, 
      author={Shuaike Xu and Xiaolin Zhang and Peng Zhang and Kun Zhan},
      year={2024},
      eprint={2407.02188},
      journal={arXiv},
}

@InProceedings{Xu_2022_CVPR,
  author    = {Xu, Jie and Tang, Huayi and Ren, Yazhou and Peng, Liang and Zhu, Xiaofeng and He, Lifang},
  booktitle = {CVPR},
  title     = {Multi-Level feature learning for contrastive multi-View clustering},
  year      = {2022},
  pages     = {16051-16060},
}
@Article{zhan2017graph,
  author    = {Zhan, Kun and Zhang, Changqing and Guan, Junpeng and Wang, Junsheng},
  journal   = {TCyb},
  title     = {Graph learning for multiview clustering},
  year      = {2017},
  number    = {10},
  pages     = {2887--2895},
  volume    = {48},
  publisher = {IEEE},
}
@Article{zhan2018multiview,
  author    = {Zhan, Kun and Nie, Feiping and Wang, Jing and Yang, Yi},
  journal   = {TIP},
  title     = {Multiview consensus graph clustering},
  year      = {2018},
  number    = {3},
  pages     = {1261--1270},
  volume    = {28},
  publisher = {IEEE},
}

@inproceedings{tang2022deep,
  title={Deep safe multi-view clustering: Reducing the risk of clustering performance degradation caused by view increase},
  author={Tang, Huayi and Liu, Yong},
  booktitle={CVPR},
  pages={202--211},
  year={2022}
}
@article{chen2021multiview,
  title={Multiview subspace clustering using low-rank representation},
  author={Chen, Jie and Yang, Shengxiang and Mao, Hua and Fahy, Conor},
  journal={TCyb},
  volume={52},
  number={11},
  pages={12364--12378},
  year={2021},
}
@inproceedings{ENSmymm2023,
author = {Ma, Yixuan and Zhang, Xiaolin and Zhang, Peng and Zhan, Kun},
title = {Entropy Neural Estimation for Graph Contrastive Learning},
year = {2023},
booktitle = {ACM Multimedia},
pages = {435â€“443},
numpages = {9},
}

@Article{liu2020efficient,
  author    = {Liu, Xinwang and Li, Miaomiao and Tang, Chang and Xia, Jingyuan and Xiong, Jian and Liu, Li and Kloft, Marius and Zhu, En},
  journal   = {TPAMI},
  title     = {Efficient and effective regularized incomplete multi-view clustering},
  year      = {2020},
  number    = {8},
  pages     = {2634--2646},
  volume    = {43},
  publisher = {IEEE},
}


@article{liu2018late,
  title={Late fusion incomplete multi-view clustering},
  author={Liu, Xinwang and Zhu, Xinzhong and Li, Miaomiao and Wang, Lei and Tang, Chang and Yin, Jianping and Shen, Dinggang and Wang, Huaimin and Gao, Wen},
  journal={TPAMI},
  volume={41},
  number={10},
  pages={2410--2423},
  year={2018},
  publisher={IEEE}
}
@InProceedings{zhao2017multi,
  author    = {Zhao, Handong and Ding, Zhengming and Fu, Yun},
  booktitle = {AAAI},
  title     = {Multi-view clustering via deep matrix factorization},
  year      = {2017},
  number    = {1},
  volume    = {31},
}
@Article{yang2020uniform,
  author    = {Yang, Zuyuan and Liang, Naiyao and Yan, Wei and Li, Zhenni and Xie, Shengli},
  journal   = {TCyb},
  title     = {Uniform distribution non-negative matrix factorization for multiview clustering},
  year      = {2020},
  number    = {6},
  pages     = {3249--3262},
  volume    = {51},
  publisher = {IEEE},
}

@inproceedings{li2019deep,
  title={Deep Adversarial Multi-view Clustering Network.},
  author={Li, Zhaoyang and Wang, Qianqian and Tao, Zhiqiang and Gao, Quanxue and Yang, Zhaohua and others},
  booktitle={IJCAI},
  volume={2},
  number={3},
  pages={4},
  year={2019}
}
@InProceedings{trostenMVC,
    author    = {Trosten, Daniel J. and Lokse, Sigurd and Jenssen, Robert and Kampffmeyer, Michael},
    title     = {Reconsidering representation alignment for multi-view clustering},
    booktitle = {CVPR},
    year      = {2021},
    pages     = {1255-1265}
}
@article{xie2020joint,
  title={Joint deep multi-view learning for image clustering},
  author={Xie, Yuan and Lin, Bingqian and Qu, Yanyun and Li, Cuihua and Zhang, Wensheng and Ma, Lizhuang and Wen, Yonggang and Tao, Dacheng},
  journal={TKDE},
  volume={33},
  number={11},
  pages={3594--3606},
  year={2020},
  publisher = {IEEE},
}

@inproceedings{xu2022multi,
  title={Multi-level feature learning for contrastive multi-view clustering},
  author={Xu, Jie and Tang, Huayi and Ren, Yazhou and Peng, Liang and Zhu, Xiaofeng and He, Lifang},
  booktitle={CVPR},
  pages={16051--16060},
  year={2022}
}

@InProceedings{zhou2020end,
  author    = {Zhou, Runwu and Shen, Yi-Dong},
  booktitle = {CVPR},
  title     = {End-to-end adversarial-attention network for multi-modal clustering},
  year      = {2020},
  pages     = {14619--14628},
}


@inproceedings{wang2020understanding,
  title={Understanding contrastive representation learning through alignment and uniformity on the hypersphere},
  author={Wang, Tongzhou and Isola, Phillip},
  booktitle={ICML},
  pages={9929--9939},
  year={2020},
  organization={PMLR}
}

@inproceedings{boudiaf2020unifying,
  title={A unifying mutual information view of metric learning: cross-entropy vs. pairwise losses},
  author={Boudiaf, Malik and Rony, J{\'e}r{\^o}me and Ziko, Imtiaz Masud and Granger, Eric and Pedersoli, Marco and Piantanida, Pablo and Ayed, Ismail Ben},
  booktitle={ECCV},
  pages={548--564},
  year={2020},
  organization={Springer}
}
@inproceedings{grill2020bootstrap,
  author  = {Grill, Jean-Bastien and Strub, Florian and Altch{\'e}, Florent and Tallec, Corentin and Richemond, Pierre and Buchatskaya, Elena and Doersch, Carl and Avila Pires, Bernardo and Guo, Zhaohan and Gheshlaghi Azar, Mohammad and others},
  booktitle={NeurIPS},
  title   = {Bootstrap your own latent-a new approach to self-supervised learning},
  year    = {2020},
  pages   = {21271--21284},
  volume  = {33},
}

@inproceedings{kingma2014adam,
  title={Adam: A method for stochastic optimization},
  author={Kingma, Diederik P and Ba, Jimmy},
  booktitle={ICLR},
  year={2015}
}

@article{van2008visualizing,
  title={Visualizing data using t-SNE.},
  author={Van der Maaten, Laurens and Hinton, Geoffrey},
  journal={Journal of Machine Learning Research},
  volume={9},
  number={11},
  year={2008}
}

@inproceedings{blum1998combining,
  title={Combining labeled and unlabeled data with co-training},
  author={Blum, Avrim and Mitchell, Tom},
  booktitle={COLT},
  pages={92--100},
  year={1998}
}

@article{hotelling1936relations,
  title={Relations between two sets of variates.},
  author={Hotelling, H},
  journal={Biometrika},
  year={1936}
}


@InProceedings{chen2020simple,
  author       = {Chen, Ting and Kornblith, Simon and Norouzi, Mohammad and Hinton, Geoffrey},
  booktitle    = {ICML},
  title        = {A simple framework for contrastive learning of visual representations},
  year         = {2020},
  pages        = {1597--1607},
}

@InProceedings{he2020momentum,
  author    = {He, Kaiming and Fan, Haoqi and Wu, Yuxin and Xie, Saining and Girshick, Ross},
  booktitle = {CVPR},
  title     = {Momentum contrast for unsupervised visual representation learning},
  year      = {2020},
  pages     = {9729--9738},
}

@InProceedings{chen2021exploring,
  author    = {Chen, Xinlei and He, Kaiming},
  booktitle = {CVPR},
  title     = {Exploring simple siamese representation learning},
  year      = {2021},
  pages     = {15750--15758},
}

@InProceedings{Tian2021,
  author       = {Tian, Yuandong and Chen, Xinlei and Ganguli, Surya},
  booktitle    = {ICML},
  title        = {Understanding self-supervised learning dynamics without contrastive pairs},
  year         = {2021},
  pages        = {10268--10278},
}


@article{walker1969asymptotic,
  title={On the asymptotic behaviour of posterior distributions},
  author={Walker, Andrew M},
  journal={Journal of the Royal Statistical Society Series B: Statistical Methodology},
  volume={31},
  number={1},
  pages={80--88},
  year={1969},
  publisher={Oxford University Press}
}


%%%%%%%%%%%%%%%%%%%%%%%%%%%%%%%% dataset%%%%%%%%%%%%%%%%%%%%%%%%%%%%%%%%%%
@InProceedings{2010Bag,
  author    = {Yang, Y. and Newsam, S.},
  booktitle = {SIGSPATIAL},
  title     = {Bag-of-visual-words and spatial extensions for land-use classification},
  year      = {2010},
}


@InProceedings{fei2004learning,
  author       = {Fei-Fei, Li and Fergus, Rob and Perona, Pietro},
  booktitle    = {CVPR workshop},
  title        = {Learning generative visual models from few training examples: An incremental bayesian approach tested on 101 object categories},
  year         = {2004},
  pages        = {178--178},
}


@InProceedings{FeiFei2005,
  author       = {Fei-Fei, Li and Perona, Pietro},
  booktitle    = {CVPR},
  title        = {A bayesian hierarchical model for learning natural scene categories},
  year         = {2005},
  pages        = {524--531},
  volume       = {2},
}

@InProceedings{wang2015deep,
  author       = {Wang, Weiran and Arora, Raman and Livescu, Karen and Bilmes, Jeff},
  booktitle    = {ICML},
  title        = {On deep multi-view representation learning},
  year         = {2015},
  pages        = {1083--1092},
}

@inproceedings{hjelm2018learning,
  title={Learning deep representations by mutual information estimation and maximization},
  author={Hjelm, R Devon and Fedorov, Alex and Lavoie-Marchildon, Samuel and Grewal, Karan and Bachman, Phil and Trischler, Adam and Bengio, Yoshua},
  booktitle={ICLR},
  year={2018}
}

@inproceedings{sohn2020fixmatch,
  title={Fixmatch: Simplifying semi-supervised learning with consistency and confidence},
  author={Sohn, Kihyuk and Berthelot, David and Carlini, Nicholas and Zhang, Zizhao and Zhang, Han and Raffel, Colin A and Cubuk, Ekin Dogus and Kurakin, Alexey and Li, Chun-Liang},
  booktitle={NeurIPS},
  volume={33},
  pages={596--608},
  year={2020}
}

%%%%%%%%%%%%%%%%%%%%%% baseline%%%%%%%%%%%%%%%%%%%%%%%%%%%


@InProceedings{chen2023deep,
    author    = {Chen, Jie and Mao, Hua and Woo, Wai Lok and Peng, Xi},
    title     = {Deep multiview clustering by contrasting cluster assignments},
    booktitle = {ICCV},
    year      = {2023},
    pages     = {16752-16761}
}

@InProceedings{andrew2013deep,
  author       = {Andrew, Galen and Arora, Raman and Bilmes, Jeff and Livescu, Karen},
  booktitle    = {ICML},
  title        = {Deep canonical correlation analysis},
  year         = {2013},
  pages        = {1247--1255},
}



@Article{Zhang2018,
  author    = {Zhang, Zheng and Liu, Li and Shen, Fumin and Shen, Heng Tao and Shao, Ling},
  journal   = {TPAMI},
  title     = {Binary multi-view clustering},
  year      = {2018},
  number    = {7},
  pages     = {1774--1782},
  volume    = {41},
}


@inproceedings{ijcai2019p510,
  title     = {Spectral Perturbation Meets Incomplete Multi-view Data},
  author    = {Wang, Hao and Zong, Linlin and Liu, Bing and Yang, Yan and Zhou, Wei},
  booktitle = {IJCAI},
  pages     = {3677--3683},
  year      = {2019},
}


@InProceedings{Zhang_2019_CVPR,
  author    = {Zhang, Changqing and Liu, Yeqing and Fu, Huazhu},
  booktitle = {CVPR},
  title     = {{AE$^2$-Nets}: Autoencoder in autoencoder networks},
  pages={2577--2585},
  year      = {2019},
}

@Article{Lin2022,
  author    = {Lin, Yijie and Gou, Yuanbiao and Liu, Xiaotian and Bai, Jinfeng and Lv, Jiancheng and Peng, Xi},
  journal   = {TPAMI},
  title     = {Dual contrastive prediction for incomplete multi-view representation learning},
  year      = {2023},
  volume    = {45},
   number ={4},
pages = {4447--4461},
  publisher = {IEEE},
}



%%%%%%%%%%%%%%%%%%%new add%%%%%%%%%%%%%%%%%%%%


@InProceedings{xu2024self,
  title={Self-weighted contrastive learning among multiple views for mitigating representation degeneration},
  author={Xu, Jie and Chen, Shuo and Ren, Yazhou and Shi, Xiaoshuang and Shen, Hengtao and Niu, Gang and Zhu, Xiaofeng},
  booktitle={NeurIPS},
  volume={36},
  year={2024}
}





@inproceedings{xu2024investigating,
  title={Investigating and mitigating the side effects of noisy views for self-supervised clustering algorithms in practical multi-view scenarios},
  author={Xu, Jie and Ren, Yazhou and Wang, Xiaolong and Feng, Lei and Zhang, Zheng and Niu, Gang and Zhu, Xiaofeng},
  booktitle={CVPR},
  pages={22957--22966},
  year={2024}
}


@inproceedings{yan2023gcfagg,
  title={{GCFAgg}: Global and cross-view feature aggregation for multi-view clustering},
  author={Yan, Weiqing and Zhang, Yuanyang and Lv, Chenlei and Tang, Chang and Yue, Guanghui and Liao, Liang and Lin, Weisi},
  booktitle={CVPR},
  pages={19863--19872},
  year={2023}
}


@inproceedings{yang2023dealmvc,
  title={Dealmvc: Dual contrastive calibration for multi-view clustering},
  author={Yang, Xihong and Jiaqi, Jin and Wang, Siwei and Liang, Ke and Liu, Yue and Wen, Yi and Liu, Suyuan and Zhou, Sihang and Liu, Xinwang and Zhu, En},
  booktitle={ACM Multimedia},
  pages={337--346},
  year={2023}
}

@inproceedings{ng2001spectral,
  title={On spectral clustering: Analysis and an algorithm},
  author={Ng, Andrew and Jordan, Michael and Weiss, Yair},
  booktitle={NeurIPS},
  volume={14},
  year={2001}
}

@InProceedings{Peng2019:COMIC:full,
  title = 	 {{COMIC}: Multi-view Clustering Without Parameter Selection},
  author = 	 {Peng, Xi and Huang, Zhenyu and Lv, Jiancheng and Zhu, Hongyuan and Zhou, Joey Tianyi},
  booktitle = 	 {ICML},
  pages = 	 {5092--5101},
  year = 	 {2019},
}


@inproceedings{xie2016unsupervised,
  title={Unsupervised deep embedding for clustering analysis},
  author={Xie, Junyuan and Girshick, Ross and Farhadi, Ali},
  booktitle={ICML},
  pages={478--487},
  year={2016},
}

@inproceedings{li2021contrastive,
  title={Contrastive clustering},
  author={Li, Yunfan and Hu, Peng and Liu, Zitao and Peng, Dezhong and Zhou, Joey Tianyi and Peng, Xi},
  booktitle={AAAI},
  volume={35},
  pages={8547--8555},
  year={2021}
}


@Comment{jabref-meta: databaseType:bibtex;}


