@Article{Lin2022,
  author    = {Lin, Yijie and Gou, Yuanbiao and Liu, Xiaotian and Bai, Jinfeng and Lv, Jiancheng and Peng, Xi},
  journal   = {TPAMI},
  title     = {Dual contrastive prediction for incomplete multi-view representation learning},
  year      = {2023},
  volume    = {45},
   number ={4},
pages = {4447--4461},
  publisher = {IEEE},
}

@InProceedings{Tian2021,
  author       = {Tian, Yuandong and Chen, Xinlei and Ganguli, Surya},
  booktitle    = {ICML},
  title        = {Understanding self-supervised learning dynamics without contrastive pairs},
  year         = {2021},
  pages        = {10268--10278},
}

@InProceedings{Xu_2022_CVPR,
  author    = {Xu, Jie and Tang, Huayi and Ren, Yazhou and Peng, Liang and Zhu, Xiaofeng and He, Lifang},
  booktitle = {CVPR},
  title     = {Multi-Level feature learning for contrastive multi-View clustering},
  year      = {2022},
  pages     = {16051-16060},
}

@InProceedings{andrew2013deep,
  author       = {Andrew, Galen and Arora, Raman and Bilmes, Jeff and Livescu, Karen},
  booktitle    = {ICML},
  title        = {Deep canonical correlation analysis},
  year         = {2013},
  pages        = {1247--1255},
}

@inproceedings{blum1998combining,
  title={Combining labeled and unlabeled data with co-training},
  author={Blum, Avrim and Mitchell, Tom},
  booktitle={COLT},
  pages={92--100},
  year={1998}
}

@InProceedings{chen2020simple,
  author       = {Chen, Ting and Kornblith, Simon and Norouzi, Mohammad and Hinton, Geoffrey},
  booktitle    = {ICML},
  title        = {A simple framework for contrastive learning of visual representations},
  year         = {2020},
  pages        = {1597--1607},
}

@InProceedings{chen2021exploring,
  author    = {Chen, Xinlei and He, Kaiming},
  booktitle = {CVPR},
  title     = {Exploring simple siamese representation learning},
  year      = {2021},
  pages     = {15750--15758},
}

@article{chen2021multiview,
  title={Multiview subspace clustering using low-rank representation},
  author={Chen, Jie and Yang, Shengxiang and Mao, Hua and Fahy, Conor},
  journal={TCyb},
  volume={52},
  number={11},
  pages={12364--12378},
  year={2021},
}

@InProceedings{chen2023deep,
    author    = {Chen, Jie and Mao, Hua and Woo, Wai Lok and Peng, Xi},
    title     = {Deep multiview clustering by contrasting cluster assignments},
    booktitle = {ICCV},
    year      = {2023},
    pages     = {16752-16761}
}

@inproceedings{grill2020bootstrap,
  author  = {Grill, Jean-Bastien and Strub, Florian and Altch{\'e}, Florent and Tallec, Corentin and Richemond, Pierre and Buchatskaya, Elena and Doersch, Carl and Avila Pires, Bernardo and Guo, Zhaohan and Gheshlaghi Azar, Mohammad and others},
  booktitle={NeurIPS},
  title   = {Bootstrap your own latent-a new approach to self-supervised learning},
  year    = {2020},
  pages   = {21271--21284},
  volume  = {33},
}

@InProceedings{he2020momentum,
  author    = {He, Kaiming and Fan, Haoqi and Wu, Yuxin and Xie, Saining and Girshick, Ross},
  booktitle = {CVPR},
  title     = {Momentum contrast for unsupervised visual representation learning},
  year      = {2020},
  pages     = {9729--9738},
}

@article{hotelling1936relations,
  title={Relations between two sets of variates.},
  author={Hotelling, H},
  journal={Biometrika},
  year={1936}
}

@inproceedings{ijcai2019p510,
  title     = {Spectral Perturbation Meets Incomplete Multi-view Data},
  author    = {Wang, Hao and Zong, Linlin and Liu, Bing and Yang, Yan and Zhou, Wei},
  booktitle = {IJCAI},
  pages     = {3677--3683},
  year      = {2019},
}

@inproceedings{li2021contrastive,
  title={Contrastive clustering},
  author={Li, Yunfan and Hu, Peng and Liu, Zitao and Peng, Dezhong and Zhou, Joey Tianyi and Peng, Xi},
  booktitle={AAAI},
  volume={35},
  pages={8547--8555},
  year={2021}
}

@Article{liu2020efficient,
  author    = {Liu, Xinwang and Li, Miaomiao and Tang, Chang and Xia, Jingyuan and Xiong, Jian and Liu, Li and Kloft, Marius and Zhu, En},
  journal   = {TPAMI},
  title     = {Efficient and effective regularized incomplete multi-view clustering},
  year      = {2020},
  number    = {8},
  pages     = {2634--2646},
  volume    = {43},
  publisher = {IEEE},
}

@InProceedings{trostenMVC,
    author    = {Trosten, Daniel J. and Lokse, Sigurd and Jenssen, Robert and Kampffmeyer, Michael},
    title     = {Reconsidering representation alignment for multi-view clustering},
    booktitle = {CVPR},
    year      = {2021},
    pages     = {1255-1265}
}

@InProceedings{wang2015deep,
  author       = {Wang, Weiran and Arora, Raman and Livescu, Karen and Bilmes, Jeff},
  booktitle    = {ICML},
  title        = {On deep multi-view representation learning},
  year         = {2015},
  pages        = {1083--1092},
}

@InProceedings{xu2024self,
  title={Self-weighted contrastive learning among multiple views for mitigating representation degeneration},
  author={Xu, Jie and Chen, Shuo and Ren, Yazhou and Shi, Xiaoshuang and Shen, Hengtao and Niu, Gang and Zhu, Xiaofeng},
  booktitle={NeurIPS},
  volume={36},
  year={2024}
}

@inproceedings{yan2023gcfagg,
  title={{GCFAgg}: Global and cross-view feature aggregation for multi-view clustering},
  author={Yan, Weiqing and Zhang, Yuanyang and Lv, Chenlei and Tang, Chang and Yue, Guanghui and Liao, Liang and Lin, Weisi},
  booktitle={CVPR},
  pages={19863--19872},
  year={2023}
}

@Article{zhan2018multiview,
  author    = {Zhan, Kun and Nie, Feiping and Wang, Jing and Yang, Yi},
  journal   = {TIP},
  title     = {Multiview consensus graph clustering},
  year      = {2018},
  number    = {3},
  pages     = {1261--1270},
  volume    = {28},
  publisher = {IEEE},
}

