@article{antonelo2021physics,
  title={Physics-informed neural nets-based control},
  author={Antonelo, Eric Aislan and Camponogara, Eduardo and Seman, Laio Oriel and de Souza, Eduardo Rehbein and Jordanou, Jean P and Hubner, Jomi F},
  journal={ArXiv e-print},
  volume={2104},
  year={2021}
}

@article{barber2021physical,
  title={Physical Constraint Embedded Neural Networks for inference and noise regulation},
  author={Barber, Gregory and Haile, Mulugeta A and Chen, Tzikang},
  journal={arXiv preprint arXiv:2105.09146},
  year={2021}
}

@article{batlle2023kernel,
	title={Kernel methods are competitive for operator learning},
	author={Batlle, Pau and Darcy, Matthieu and Hosseini, Bamdad and Owhadi, Houman},
	journal={arXiv preprint arXiv:2304.13202},
	year={2023}
}

@article{brunton2016discovering,
	title={Discovering governing equations from data by sparse identification of nonlinear dynamical systems},
	author={Brunton, Steven L and Proctor, Joshua L and Kutz, J Nathan},
	journal={Proceedings of the national academy of sciences},
	volume={113},
	number={15},
	pages={3932--3937},
	year={2016},
	publisher={National Acad Sciences}
}

@article{cao2021choose,
  title={Choose a transformer: {F}ourier or galerkin},
  author={Cao, Shuhao},
  journal={Advances in neural information processing systems},
  volume={34},
  pages={24924--24940},
  year={2021}
}

@article{chen2021physics,
	title={Physics-informed learning of governing equations from scarce data},
	author={Chen, Zhao and Liu, Yang and Sun, Hao},
	journal={Nature communications},
	volume={12},
	number={1},
	pages={1--13},
	year={2021},
	publisher={Nature Publishing Group}
}

@inproceedings{djeumou2022neural,
  title={Neural networks with physics-informed architectures and constraints for dynamical systems modeling},
  author={Djeumou, Franck and Neary, Cyrus and Goubault, Eric and Putot, Sylvie and Topcu, Ufuk},
  booktitle={Learning for Dynamics and Control Conference},
  pages={263--277},
  year={2022},
  organization={PMLR}
}

@article{gupta2021multiwavelet,
	title={Multiwavelet-based operator learning for differential equations},
	author={Gupta, Gaurav and Xiao, Xiongye and Bogdan, Paul},
	journal={Advances in neural information processing systems},
	volume={34},
	pages={24048--24062},
	year={2021}
}

@inproceedings{hao2023gnot,
  title={Gnot: A general neural operator transformer for operator learning},
  author={Hao, Zhongkai and Wang, Zhengyi and Su, Hang and Ying, Chengyang and Dong, Yinpeng and Liu, Songming and Cheng, Ze and Song, Jian and Zhu, Jun},
  booktitle={International Conference on Machine Learning},
  pages={12556--12569},
  year={2023},
  organization={PMLR}

@article{kovachki2023neural,
	title={Neural Operator: Learning Maps Between Function Spaces With Applications to PDEs.},
	author={Kovachki, Nikola B and Li, Zongyi and Liu, Burigede and Azizzadenesheli, Kamyar and Bhattacharya, Kaushik and Stuart, Andrew M and Anandkumar, Anima},
	journal={J. Mach. Learn. Res.},
	volume={24},
	number={89},
	pages={1--97},
	year={2023}
}

@article{lagergren2020learning,
	title={Learning partial differential equations for biological transport models from noisy spatio-temporal data},
	author={Lagergren, John H and Nardini, John T and Michael Lavigne, G and Rutter, Erica M and Flores, Kevin B},
	journal={Proceedings of the Royal Society A},
	volume={476},
	number={2234},
	pages={20190800},
	year={2020},
	publisher={The Royal Society Publishing}
}

@article{lee2023oppinn,
	title={opPINN: Physics-informed neural network with operator learning to approximate solutions to the Fokker-Planck-Landau equation},
	author={Lee, Jae Yong and Jang, Juhi and Hwang, Hyung Ju},
	journal={Journal of Computational Physics},
	volume={480},
	pages={112031},
	year={2023},
	publisher={Elsevier}
}

@article{li2020deep,
	title={Deep Multi-Fidelity Active Learning of High-dimensional Outputs},
	author={Li, Shibo and Wang, Zheng and Kirby, Robert M and Zhe, Shandian},
	journal = 	 {Proceedings of the Twenty-Fifth International Conference on Artificial Intelligence and Statistics},
	year = 	 {2022},
}

@inproceedings{li2020fourier,
	title={Fourier Neural Operator for Parametric Partial Differential Equations},
	author={Li, Zongyi and Kovachki, Nikola Borislavov and Azizzadenesheli, Kamyar and Bhattacharya, Kaushik and Stuart, Andrew and Anandkumar, Anima and others},
	booktitle={International Conference on Learning Representations},
	year={2020}
}

@article{li2020multipole,
	title={Multipole graph neural operator for parametric partial differential equations},
	author={Li, Zongyi and Kovachki, Nikola and Azizzadenesheli, Kamyar and Liu, Burigede and Stuart, Andrew and Bhattacharya, Kaushik and Anandkumar, Anima},
	journal={Advances in Neural Information Processing Systems},
	volume={33},
	pages={6755--6766},
	year={2020}
}

@article{li2020neural,
	title={Neural operator: Graph kernel network for partial differential equations},
	author={Li, Zongyi and Kovachki, Nikola and Azizzadenesheli, Kamyar and Liu, Burigede and Bhattacharya, Kaushik and Stuart, Andrew and Anandkumar, Anima},
	journal={arXiv preprint arXiv:2003.03485},
	year={2020}
}

@article{li2021physics,
	title={Physics-informed neural operator for learning partial differential equations},
	author={Li, Zongyi and Zheng, Hongkai and Kovachki, Nikola and Jin, David and Chen, Haoxuan and Liu, Burigede and Azizzadenesheli, Kamyar and Anandkumar, Anima},
	journal={arXiv preprint arXiv:2111.03794},
	year={2021}
}

@article{li2022transformer,
  title={Transformer for partial differential equations' operator learning},
  author={Li, Zijie and Meidani, Kazem and Farimani, Amir Barati},
  journal={arXiv preprint arXiv:2205.13671},
  year={2022}
}

@article{long2022kernel,
	title={A kernel approach for pde discovery and operator learning},
	author={Long, Da and Mrvaljevic, Nicole and Zhe, Shandian and Hosseini, Bamdad},
	journal={arXiv preprint arXiv:2210.08140},
	year={2022}
}

@inproceedings{long2024equation,
  title={Equation Discovery with {B}ayesian Spike-and-Slab Priors and Efficient Kernels},
  author={Long, Da and Xing, Wei and Krishnapriyan, Aditi and Kirby, Robert and Zhe, Shandian and Mahoney, Michael W},
  booktitle={International Conference on Artificial Intelligence and Statistics},
  pages={2413--2421},
  year={2024},
  organization={PMLR}
}

@article{lu2021learning,
  title={Learning nonlinear operators via DeepONet based on the universal approximation theorem of operators},
  author={Lu, Lu and Jin, Pengzhan and Pang, Guofei and Zhang, Zhongqiang and Karniadakis, George Em},
  journal={Nature machine intelligence},
  volume={3},
  number={3},
  pages={218--229},
  year={2021},
  publisher={Nature Publishing Group UK London}
}

@article{lu2022comprehensive,
	title={A comprehensive and fair comparison of two neural operators (with practical extensions) based on fair data},
	author={Lu, Lu and Meng, Xuhui and Cai, Shengze and Mao, Zhiping and Goswami, Somdatta and Zhang, Zhongqiang and Karniadakis, George Em},
	journal={Computer Methods in Applied Mechanics and Engineering},
	volume={393},
	pages={114778},
	year={2022},
	publisher={Elsevier}
}

@article{meng2020ppinn,
  title={PPINN: Parareal physics-informed neural network for time-dependent PDEs},
  author={Meng, Xuhui and Li, Zhen and Zhang, Dongkun and Karniadakis, George Em},
  journal={Computer Methods in Applied Mechanics and Engineering},
  volume={370},
  pages={113250},
  year={2020},
  publisher={Elsevier}
}

@inproceedings{misyris2020physics,
  title={Physics-informed neural networks for power systems},
  author={Misyris, George S and Venzke, Andreas and Chatzivasileiadis, Spyros},
  booktitle={2020 IEEE Power \& Energy Society General Meeting (PESGM)},
  pages={1--5},
  year={2020},
  organization={IEEE}
}

@article{peng2020accelerating,
  title={Accelerating physics-informed neural network training with prior dictionaries},
  author={Peng, Wei and Zhou, Weien and Zhang, Jun and Yao, Wen},
  journal={arXiv preprint arXiv:2004.08151},
  year={2020}
}

@article{raissi2019physics,
  title={Physics-informed neural networks: A deep learning framework for solving forward and inverse problems involving nonlinear partial differential equations},
  author={Raissi, Maziar and Perdikaris, Paris and Karniadakis, George E},
  journal={Journal of Computational physics},
  volume={378},
  pages={686--707},
  year={2019},
  publisher={Elsevier}
}

@article{raonic2024convolutional,
  title={Convolutional neural operators for robust and accurate learning of PDEs},
  author={Raonic, Bogdan and Molinaro, Roberto and De Ryck, Tim and Rohner, Tobias and Bartolucci, Francesca and Alaifari, Rima and Mishra, Siddhartha and de B{\'e}zenac, Emmanuel},
  journal={Advances in Neural Information Processing Systems},
  volume={36},
  year={2023}
}

@article{rosofsky2023applications,
	title={Applications of physics informed neural operators},
	author={Rosofsky, Shawn G and Al Majed, Hani and Huerta, EA},
	journal={Machine Learning: Science and Technology},
	volume={4},
	number={2},
	pages={025022},
	year={2023},
	publisher={IOP Publishing}
}

@article{schaeffer2017learning,
	title={Learning partial differential equations via data discovery and sparse optimization},
	author={Schaeffer, Hayden},
	journal={Proceedings of the Royal Society A: Mathematical, Physical and Engineering Sciences},
	volume={473},
	number={2197},
	pages={20160446},
	year={2017},
	publisher={The Royal Society Publishing}
}

@article{seidman2022nomad,
	title={NOMAD: Nonlinear manifold decoders for operator learning},
	author={Seidman, Jacob and Kissas, Georgios and Perdikaris, Paris and Pappas, George J},
	journal={Advances in Neural Information Processing Systems},
	volume={35},
	pages={5601--5613},
	year={2022}
}

@article{sun2022bayesian,
  title={Bayesian spline learning for equation discovery of nonlinear dynamics with quantified uncertainty},
  author={Sun, Luning and Huang, Daniel and Sun, Hao and Wang, Jian-Xun},
  journal={Advances in neural information processing systems},
  volume={35},
  pages={6927--6940},
  year={2022}
}

@article{wang2021learning,
	title={Learning the solution operator of parametric partial differential equations with physics-informed DeepONets},
	author={Wang, Sifan and Wang, Hanwen and Perdikaris, Paris},
	journal={Science advances},
	volume={7},
	number={40},
	pages={eabi8605},
	year={2021},
	publisher={American Association for the Advancement of Science}
}

@article{wu2022autopinn,
  title={AutoPINN: When AutoML Meets Physics-Informed Neural Networks},
  author={Wu, Xinle and Zhang, Dalin and Zhang, Miao and Guo, Chenjuan and Zhao, Shuai and Zhang, Yi and Wang, Huai and Yang, Bin},
  journal={arXiv preprint arXiv:2212.04058},
  year={2022}
}

@article{zanardi2023adaptive,
	title={Adaptive physics-informed neural operator for coarse-grained non-equilibrium flows},
	author={Zanardi, Ivan and Venturi, Simone and Panesi, Marco},
	journal={Scientific reports},
	volume={13},
	number={1},
	pages={15497},
	year={2023},
	publisher={Nature Publishing Group UK London}
}

@article{zhang2020data,
	title={Data-driven discovery of governing equations for fluid dynamics based on molecular simulation},
	author={Zhang, Jun and Ma, Wenjun},
	journal={Journal of Fluid Mechanics},
	volume={892},
	year={2020},
	publisher={Cambridge University Press}
}

@inproceedings{zhu2017unpaired,
  title={Unpaired image-to-image translation using cycle-consistent adversarial networks},
  author={Zhu, Jun-Yan and Park, Taesung and Isola, Phillip and Efros, Alexei A},
  booktitle={Proceedings of the IEEE international conference on computer vision},
  pages={2223--2232},
  year={2017}
}

