@article{miller2016key,
  title={Key-value memory networks for directly reading documents},
  author={Miller, Alexander and Fisch, Adam and Dodge, Jesse and Karimi, Amir-Hossein and Bordes, Antoine and Weston, Jason},
  journal={arXiv preprint arXiv:1606.03126},
  year={2016}
}

@inproceedings{saxena2020improving,
  title={Improving multi-hop question answering over knowledge graphs using knowledge base embeddings},
  author={Saxena, Apoorv and Tripathi, Aditay and Talukdar, Partha},
  booktitle={Proceedings of the 58th annual meeting of the association for computational linguistics},
  pages={4498--4507},
  year={2020}
}



@article{shi2021transfernet,
  title={Transfernet: An effective and transparent framework for multi-hop question answering over relation graph},
  author={Shi, Jiaxin and Cao, Shulin and Hou, Lei and Li, Juanzi and Zhang, Hanwang},
  journal={arXiv preprint arXiv:2104.07302},
  year={2021}
}

@inproceedings{he2021improving,
  title={Improving multi-hop knowledge base question answering by learning intermediate supervision signals},
  author={He, Gaole and Lan, Yunshi and Jiang, Jing and Zhao, Wayne Xin and Wen, Ji-Rong},
  booktitle={Proceedings of the 14th ACM international conference on web search and data mining},
  pages={553--561},
  year={2021}
}


@article{saxena2022sequence,
  title={Sequence-to-sequence knowledge graph completion and question answering},
  author={Saxena, Apoorv and Kochsiek, Adrian and Gemulla, Rainer},
  journal={arXiv preprint arXiv:2203.10321},
  year={2022}
}

@article{sun2018open,
  title={Open domain question answering using early fusion of knowledge bases and text},
  author={Sun, Haitian and Dhingra, Bhuwan and Zaheer, Manzil and Mazaitis, Kathryn and Salakhutdinov, Ruslan and Cohen, William W},
  journal={arXiv preprint arXiv:1809.00782},
  year={2018}
}

@article{sun2019pullnet,
  title={Pullnet: Open domain question answering with iterative retrieval on knowledge bases and text},
  author={Sun, Haitian and Bedrax-Weiss, Tania and Cohen, William W},
  journal={arXiv preprint arXiv:1904.09537},
  year={2019}
}

@article{zhang2022subgraph,
  title={Subgraph retrieval enhanced model for multi-hop knowledge base question answering},
  author={Zhang, Jing and Zhang, Xiaokang and Yu, Jifan and Tang, Jian and Tang, Jie and Li, Cuiping and Chen, Hong},
  journal={arXiv preprint arXiv:2202.13296},
  year={2022}
}

@inproceedings{sun2020sparqa,
  title={SPARQA: skeleton-based semantic parsing for complex questions over knowledge bases},
  author={Sun, Yawei and Zhang, Lingling and Cheng, Gong and Qu, Yuzhong},
  booktitle={Proceedings of the AAAI conference on artificial intelligence},
  volume={34},
  number={05},
  pages={8952--8959},
  year={2020}
}

@article{gu2204dynamic,
  title={Dynamic program induction and contextualized encoding for knowledge base question answering. arXiv 2022},
  author={Gu, Y and Su, Y Arcaneqa},
  journal={arXiv preprint arXiv:2204.08109}
}


@article{ye2021rng,
  title={Rng-kbqa: Generation augmented iterative ranking for knowledge base question answering},
  author={Ye, Xi and Yavuz, Semih and Hashimoto, Kazuma and Zhou, Yingbo and Xiong, Caiming},
  journal={arXiv preprint arXiv:2109.08678},
  year={2021}
}


@inproceedings{lan2020query,
  title={Query graph generation for answering multi-hop complex questions from knowledge bases},
  author={Lan, Yunshi and Jiang, Jing},
  year={2020},
  organization={Association for Computational Linguistics}
}

@inproceedings{bollacker2008freebase,
  title={Freebase: a collaboratively created graph database for structuring human knowledge},
  author={Bollacker, Kurt and Evans, Colin and Paritosh, Praveen and Sturge, Tim and Taylor, Jamie},
  booktitle={Proceedings of the 2008 ACM SIGMOD international conference on Management of data},
  pages={1247--1250},
  year={2008}
}

@article{vrandevcic2014wikidata,
  title={Wikidata: a free collaborative knowledgebase},
  author={Vrande{\v{c}}i{\'c}, Denny and Kr{\"o}tzsch, Markus},
  journal={Communications of the ACM},
  volume={57},
  number={10},
  pages={78--85},
  year={2014},
  publisher={ACM New York, NY, USA}
}

@book{pearl2009causality,
  title={Causality},
  author={Pearl, Judea},
  year={2009},
  publisher={Cambridge university press}
}

@article{chen2019uhop,
  title={UHop: An unrestricted-hop relation extraction framework for knowledge-based question answering},
  author={Chen, Zi-Yuan and Chang, Chih-Hung and Chen, Yi-Pei and Nayak, Jijnasa and Ku, Lun-Wei},
  journal={arXiv preprint arXiv:1904.01246},
  year={2019}
}

@inproceedings{gu2021beyond,
  title={Beyond IID: three levels of generalization for question answering on knowledge bases},
  author={Gu, Yu and Kase, Sue and Vanni, Michelle and Sadler, Brian and Liang, Percy and Yan, Xifeng and Su, Yu},
  booktitle={Proceedings of the Web Conference 2021},
  pages={3477--3488},
  year={2021}
}

@inproceedings{atif2023beamqa,
  title={Beamqa: Multi-hop knowledge graph question answering with sequence-to-sequence prediction and beam search},
  author={Atif, Farah and El Khatib, Ola and Difallah, Djellel},
  booktitle={Proceedings of the 46th International ACM SIGIR Conference on Research and Development in Information Retrieval},
  pages={781--790},
  year={2023}
}

@article{touvron2023llama,
  title={Llama 2: Open foundation and fine-tuned chat models},
  author={Touvron, Hugo and Martin, Louis and Stone, Kevin and Albert, Peter and Almahairi, Amjad and Babaei, Yasmine and Bashlykov, Nikolay and Batra, Soumya and Bhargava, Prajjwal and Bhosale, Shruti and others},
  journal={arXiv preprint arXiv:2307.09288},
  year={2023}
}

@misc{taori2023stanford,
  title={Stanford alpaca: An instruction-following llama model},
  author={Taori, Rohan and Gulrajani, Ishaan and Zhang, Tianyi and Dubois, Yann and Li, Xuechen and Guestrin, Carlos and Liang, Percy and Hashimoto, Tatsunori B},
  year={2023}
}
@article{jiang2022unikgqa,
  title={Unikgqa: Unified retrieval and reasoning for solving multi-hop question answering over knowledge graph},
  author={Jiang, Jinhao and Zhou, Kun and Zhao, Wayne Xin and Wen, Ji-Rong},
  journal={arXiv preprint arXiv:2212.00959},
  year={2022}
}

@article{wang2023knowledge,
  title={Knowledge-driven cot: Exploring faithful reasoning in llms for knowledge-intensive question answering},
  author={Wang, Keheng and Duan, Feiyu and Wang, Sirui and Li, Peiguang and Xian, Yunsen and Yin, Chuantao and Rong, Wenge and Xiong, Zhang},
  journal={arXiv preprint arXiv:2308.13259},
  year={2023}
}

@article{luo2023reasoning,
  title={Reasoning on graphs: Faithful and interpretable large language model reasoning},
  author={Luo, Linhao and Li, Yuan-Fang and Haffari, Gholamreza and Pan, Shirui},
  journal={arXiv preprint arXiv:2310.01061},
  year={2023}
}

@article{jiang2023structgpt,
  title={Structgpt: A general framework for large language model to reason over structured data},
  author={Jiang, Jinhao and Zhou, Kun and Dong, Zican and Ye, Keming and Zhao, Wayne Xin and Wen, Ji-Rong},
  journal={arXiv preprint arXiv:2305.09645},
  year={2023}
}

@article{sun2023think,
  title={Think-on-graph: Deep and responsible reasoning of large language model with knowledge graph},
  author={Sun, Jiashuo and Xu, Chengjin and Tang, Lumingyuan and Wang, Saizhuo and Lin, Chen and Gong, Yeyun and Shum, Heung-Yeung and Guo, Jian},
  journal={arXiv preprint arXiv:2307.07697},
  year={2023}
}

@article{chen2019bidirectional,
  title={Bidirectional attentive memory networks for question answering over knowledge bases},
  author={Chen, Yu and Wu, Lingfei and Zaki, Mohammed J},
  journal={arXiv preprint arXiv:1903.02188},
  year={2019}
}

@article{lan2022complex,
  title={Complex knowledge base question answering: A survey},
  author={Lan, Yunshi and He, Gaole and Jiang, Jinhao and Jiang, Jing and Zhao, Wayne Xin and Wen, Ji-Rong},
  journal={IEEE Transactions on Knowledge and Data Engineering},
  volume={35},
  number={11},
  pages={11196--11215},
  year={2022},
  publisher={IEEE}
}

@article{openai2023gpt,
  title={Gpt-4 technical report. arxiv 2303.08774},
  author={OpenAI, R},
  journal={View in Article},
  volume={2},
  number={5},
  year={2023}
}

@article{hadi2023survey,
  title={A survey on large language models: Applications, challenges, limitations, and practical usage},
  author={Hadi, Muhammad Usman and Qureshi, Rizwan and Shah, Abbas and Irfan, Muhammad and Zafar, Anas and Shaikh, Muhammad Bilal and Akhtar, Naveed and Wu, Jia and Mirjalili, Seyedali and others},
  journal={Authorea Preprints},
  year={2023},
  publisher={Authorea}
}
@article{zeng2022glm,
  title={Glm-130b: An open bilingual pre-trained model},
  author={Zeng, Aohan and Liu, Xiao and Du, Zhengxiao and Wang, Zihan and Lai, Hanyu and Ding, Ming and Yang, Zhuoyi and Xu, Yifan and Zheng, Wendi and Xia, Xiao and others},
  journal={arXiv preprint arXiv:2210.02414},
  year={2022}
}
@article{bai2023qwen,
  title={Qwen technical report},
  author={Bai, Jinze and Bai, Shuai and Chu, Yunfei and Cui, Zeyu and Dang, Kai and Deng, Xiaodong and Fan, Yang and Ge, Wenbin and Han, Yu and Huang, Fei and others},
  journal={arXiv preprint arXiv:2309.16609},
  year={2023}
}
@article{zhang2023fc,
  title={FC-KBQA: A fine-to-coarse composition framework for knowledge base question answering},
  author={Zhang, Lingxi and Zhang, Jing and Wang, Yanling and Cao, Shulin and Huang, Xinmei and Li, Cuiping and Chen, Hong and Li, Juanzi},
  journal={arXiv preprint arXiv:2306.14722},
  year={2023}
}

@article{hu2021lora,
  title={Lora: Low-rank adaptation of large language models},
  author={Hu, Edward J and Shen, Yelong and Wallis, Phillip and Allen-Zhu, Zeyuan and Li, Yuanzhi and Wang, Shean and Wang, Lu and Chen, Weizhu},
  journal={arXiv preprint arXiv:2106.09685},
  year={2021}
}

@article{dettmers2024qlora,
  title={Qlora: Efficient finetuning of quantized llms},
  author={Dettmers, Tim and Pagnoni, Artidoro and Holtzman, Ari and Zettlemoyer, Luke},
  journal={Advances in Neural Information Processing Systems},
  volume={36},
  year={2024}
}

@article{liu2021p,
  title={P-tuning v2: Prompt tuning can be comparable to fine-tuning universally across scales and tasks},
  author={Liu, Xiao and Ji, Kaixuan and Fu, Yicheng and Tam, Weng Lam and Du, Zhengxiao and Yang, Zhilin and Tang, Jie},
  journal={arXiv preprint arXiv:2110.07602},
  year={2021}
}

@article{geva2020transformer,
  title={Transformer feed-forward layers are key-value memories},
  author={Geva, Mor and Schuster, Roei and Berant, Jonathan and Levy, Omer},
  journal={arXiv preprint arXiv:2012.14913},
  year={2020}
}

@article{yu2022decaf,
  title={Decaf: Joint decoding of answers and logical forms for question answering over knowledge bases},
  author={Yu, Donghan and Zhang, Sheng and Ng, Patrick and Zhu, Henghui and Li, Alexander Hanbo and Wang, Jun and Hu, Yiqun and Wang, William and Wang, Zhiguo and Xiang, Bing},
  journal={arXiv preprint arXiv:2210.00063},
  year={2022}
}

@inproceedings{yih2016value,
  title={The value of semantic parse labeling for knowledge base question answering},
  author={Yih, Wen-tau and Richardson, Matthew and Meek, Christopher and Chang, Ming-Wei and Suh, Jina},
  booktitle={Proceedings of the 54th Annual Meeting of the Association for Computational Linguistics (Volume 2: Short Papers)},
  pages={201--206},
  year={2016}
}

@article{talmor2018web,
  title={The web as a knowledge-base for answering complex questions},
  author={Talmor, Alon and Berant, Jonathan},
  journal={arXiv preprint arXiv:1803.06643},
  year={2018}
}

@article{wu2023retrieve,
  title={Retrieve-rewrite-answer: A kg-to-text enhanced llms framework for knowledge graph question answering},
  author={Wu, Yike and Hu, Nan and Qi, Guilin and Bi, Sheng and Ren, Jie and Xie, Anhuan and Song, Wei},
  journal={arXiv preprint arXiv:2309.11206},
  year={2023}
}

@book{koller2009probabilistic,
  title={Probabilistic graphical models: principles and techniques},
  author={Koller, Daphne and Friedman, Nir},
  year={2009},
  publisher={MIT press}
}

@article{gu2022arcaneqa,
  title={ArcaneQA: Dynamic program induction and contextualized encoding for knowledge base question answering},
  author={Gu, Yu and Su, Yu},
  journal={arXiv preprint arXiv:2204.08109},
  year={2022}
}


@inproceedings{donahue2014decaf,
  title={Decaf: A deep convolutional activation feature for generic visual recognition},
  author={Donahue, Jeff and Jia, Yangqing and Vinyals, Oriol and Hoffman, Judy and Zhang, Ning and Tzeng, Eric and Darrell, Trevor},
  booktitle={International conference on machine learning},
  pages={647--655},
  year={2014},
  organization={PMLR}
}

@inproceedings{hoffman2016elbo,
  title={Elbo surgery: yet another way to carve up the variational evidence lower bound},
  author={Hoffman, Matthew D and Johnson, Matthew J},
  booktitle={Workshop in Advances in Approximate Bayesian Inference, NIPS},
  volume={1},
  number={2},
  year={2016}
}


@inproceedings{ding2024enhancing,
  title={Enhancing complex question answering over knowledge graphs through evidence pattern retrieval},
  author={Ding, Wentao and Li, Jinmao and Luo, Liangchuan and Qu, Yuzhong},
  booktitle={Proceedings of the ACM on Web Conference 2024},
  pages={2106--2115},
  year={2024}
}

@inproceedings{long2024kgdm,
  title={KGDM: A Diffusion Model to Capture Multiple Relation Semantics for Knowledge Graph Embedding},
  author={Long, Xiao and Zhuang, Liansheng and Li, Aodi and Wei, Jiuchang and Li, Houqiang and Wang, Shafei},
  booktitle={Proceedings of the AAAI Conference on Artificial Intelligence},
  volume={38},
  number={8},
  pages={8850--8858},
  year={2024}
}

@inproceedings{long2024fact,
  title={Fact Embedding through Diffusion Model for Knowledge Graph Completion},
  author={Long, Xiao and Zhuang, Liansheng and Li, Aodi and Li, Houqiang and Wang, Shafei},
  booktitle={Proceedings of the ACM on Web Conference 2024},
  pages={2020--2029},
  year={2024}
}

@article{bordes2013translating,
  title={Translating embeddings for modeling multi-relational data},
  author={Bordes, Antoine and Usunier, Nicolas and Garcia-Duran, Alberto and Weston, Jason and Yakhnenko, Oksana},
  journal={Advances in neural information processing systems},
  volume={26},
  year={2013}
}

@article{sun2019rotate,
  title={Rotate: Knowledge graph embedding by relational rotation in complex space},
  author={Sun, Zhiqing and Deng, Zhi-Hong and Nie, Jian-Yun and Tang, Jian},
  journal={arXiv preprint arXiv:1902.10197},
  year={2019}
}

@inproceedings{long2022neural,
  title={Neural-based mixture probabilistic query embedding for answering fol queries on knowledge graphs},
  author={Long, Xiao and Zhuang, Liansheng and Aodi, Li and Wang, Shafei and Li, Houqiang},
  booktitle={Proceedings of the 2022 Conference on Empirical Methods in Natural Language Processing},
  pages={3001--3013},
  year={2022}
}


@article{wei2022chain,
  title={Chain-of-thought prompting elicits reasoning in large language models},
  author={Wei, Jason and Wang, Xuezhi and Schuurmans, Dale and Bosma, Maarten and Xia, Fei and Chi, Ed and Le, Quoc V and Zhou, Denny and others},
  journal={Advances in neural information processing systems},
  volume={35},
  pages={24824--24837},
  year={2022}
}