@article{5673a1d18644461d895f9b7c6ecfe2e1,
    title = "Executive Dysfunction and the Prefrontal Cortex",
    author = "Jones, {David T.} and Jonathan Graff-Radford",
    note = "Publisher Copyright: {\textcopyright} Lippincott Williams \& Wilkins.",
    year = "2021",
    month = dec,
    day = "1",
    doi = "10.1212/CON.0000000000001009",
    language = "English (US)",
    volume = "27",
    pages = "1586--1601",
    journal = "CONTINUUM Lifelong Learning in Neurology",
    issn = "1080-2371",
    publisher = "Lippincott Williams and Wilkins",
    number = "6"
}

@article{Alexeev20,
  title={A highly efficient neural network solution for automated detection of pointer meters with different analog scales operating in different conditions},
  author={Alexeev, Alexey and Kukharev, Georgy and Matveev, Yuri and Matveev, Anton},
  journal={Mathematics},
  volume={8},
  number={7},
  pages={1104},
  year={2020},
  publisher={Multidisciplinary Digital Publishing Institute}
}

@article{DBLP:journals/corr/abs-2410-11756,
  author       = {Isaac R. Galatzer{-}Levy and
                  Jed McGiffin and
                  David Munday and
                  Xin Liu and
                  Danny Karmon and
                  Ilia Labzovsky and
                  Rivka Moroshko and
                  Amir Zait and
                  Daniel McDuff},
  title        = {Evidence of Cognitive Deficits and Developmental Advances in Generative
                  {AI:} {A} Clock Drawing Test Analysis},
  journal      = {CoRR},
  volume       = {abs/2410.11756},
  year         = {2024}
}

@InProceedings{Howells_2021_CVPR,
  author       = "Howells, B. and Charles, J. and Cipolla, R.",
  title        = "Real-time analogue gauge transcription on mobile phone",
  booktitle    = "Proceedings of the IEEE/CVF Conference on Computer Vision and Pattern Recognition (CVPR) Workshops",	
  year         = "2021",
}

@InProceedings{Yue_2024_CVPR,
    author    = {Yue, Xiang and Ni, Yuansheng and Zhang, Kai and Zheng, Tianyu and Liu, Ruoqi and Zhang, Ge and Stevens, Samuel and Jiang, Dongfu and Ren, Weiming and Sun, Yuxuan and Wei, Cong and Yu, Botao and Yuan, Ruibin and Sun, Renliang and Yin, Ming and Zheng, Boyuan and Yang, Zhenzhu and Liu, Yibo and Huang, Wenhao and Sun, Huan and Su, Yu and Chen, Wenhu},
    title     = {MMMU: A Massive Multi-discipline Multimodal Understanding and Reasoning Benchmark for Expert AGI},
    booktitle = {Proceedings of the IEEE/CVF Conference on Computer Vision and Pattern Recognition (CVPR)},
    month     = {June},
    year      = {2024},
    pages     = {9556-9567},
    url = {https://openaccess.thecvf.com/content/CVPR2024/html/Yue_MMMU_A_Massive_Multi-discipline_Multimodal_Understanding_and_Reasoning_Benchmark_for_CVPR_2024_paper.html}
}

@Article{bao19,
AUTHOR = {Bao, Haojing and Tan, Qingchang and Liu, Siyuan and Miao, Jianwei},
TITLE = {Computer Vision Measurement of Pointer Meter Readings Based on Inverse Perspective Mapping},
JOURNAL = {Applied Sciences},
VOLUME = {9},
YEAR = {2019},
NUMBER = {18},
ARTICLE-NUMBER = {3729},
URL = {https://www.mdpi.com/2076-3417/9/18/3729},
ISSN = {2076-3417},
DOI = {10.3390/app9183729}
}

@ARTICLE{cai20,
       author = {{Cai}, Weidong and {Ma}, Bo and {Zhang}, Liu and {Han}, Yongming},
        title = "{A pointer meter recognition method based on virtual sample generation technology}",
      journal = {Measurements},
     keywords = {Pointer meter recognition, Virtual sample generation, Convolutional neural networks, End-to-end model, Computer vision},
         year = 2020,
        month = oct,
       volume = {163},
          eid = {107962},
        pages = {107962},
          doi = {10.1016/j.measurement.2020.107962},
       adsurl = {https://ui.adsabs.harvard.edu/abs/2020Meas..16307962C},
      adsnote = {Provided by the SAO/NASA Astrophysics Data System}
}

@misc{deitke2024molmopixmoopenweights,
      title={Molmo and PixMo: Open Weights and Open Data for State-of-the-Art Vision-Language Models}, 
      author={Matt Deitke and Christopher Clark and Sangho Lee and Rohun Tripathi and Yue Yang and Jae Sung Park and Mohammadreza Salehi and Niklas Muennighoff and Kyle Lo and Luca Soldaini and Jiasen Lu and Taira Anderson and Erin Bransom and Kiana Ehsani and Huong Ngo and YenSung Chen and Ajay Patel and Mark Yatskar and Chris Callison-Burch and Andrew Head and Rose Hendrix and Favyen Bastani and Eli VanderBilt and Nathan Lambert and Yvonne Chou and Arnavi Chheda and Jenna Sparks and Sam Skjonsberg and Michael Schmitz and Aaron Sarnat and Byron Bischoff and Pete Walsh and Chris Newell and Piper Wolters and Tanmay Gupta and Kuo-Hao Zeng and Jon Borchardt and Dirk Groeneveld and Crystal Nam and Sophie Lebrecht and Caitlin Wittlif and Carissa Schoenick and Oscar Michel and Ranjay Krishna and Luca Weihs and Noah A. Smith and Hannaneh Hajishirzi and Ross Girshick and Ali Farhadi and Aniruddha Kembhavi},
      year={2024},
      eprint={2409.17146},
      archivePrefix={arXiv},
      primaryClass={cs.CV},
      url={https://arxiv.org/abs/2409.17146}, 
}

@misc{ghosal2024languagemodelspuzzleprodigies,
      title={Are Language Models Puzzle Prodigies? Algorithmic Puzzles Unveil Serious Challenges in Multimodal Reasoning}, 
      author={Deepanway Ghosal and Vernon Toh Yan Han and Chia Yew Ken and Soujanya Poria},
      year={2024},
      eprint={2403.03864},
      archivePrefix={arXiv},
      primaryClass={cs.CV},
      url={https://arxiv.org/abs/2403.03864}, 
}

@inproceedings{yang2022its,
  author       = {Charig Yang and
                  Weidi Xie and
                  Andrew Zisserman},
  title        = {It's About Time: Analog Clock Reading in the Wild},
  booktitle    = {{CVPR}},
  pages        = {2498--2507},
  publisher    = {{IEEE}},
  year         = {2022}
}

