@article{baker1979numerical,
  title={The numerical treatment of integral equations},
  author={Baker, Christopher TH and Taylor, RL},
  journal={Journal of Applied Mechanics},
  volume={46},
  number={4},
  pages={969},
  year={1979}
}

@article{hayou2024lora+,
  title={Lora+: Efficient low rank adaptation of large models},
  author={Hayou, Soufiane and Ghosh, Nikhil and Yu, Bin},
  journal={arXiv preprint arXiv:2402.12354},
  year={2024}
}

@article{hu2021lora,
  title={Lora: Low-rank adaptation of large language models},
  author={Hu, Edward J and Shen, Yelong and Wallis, Phillip and Allen-Zhu, Zeyuan and Li, Yuanzhi and Wang, Shean and Wang, Lu and Chen, Weizhu},
  journal={arXiv preprint arXiv:2106.09685},
  year={2021}
}

@article{kumar2009ensemble,
  title={Ensemble nystrom method},
  author={Kumar, Sanjiv and Mohri, Mehryar and Talwalkar, Ameet},
  journal={Advances in Neural Information Processing Systems},
  volume={22},
  year={2009}
}

@inproceedings{li2010making,
  title={Making large-scale Nystr{\"o}m approximation possible},
  author={Li, Mu and Kwok, James Tin-Yau and L{\"u}, Baoliang},
  booktitle={Proceedings of the 27th International Conference on Machine Learning, ICML 2010},
  pages={631},
  year={2010}
}

@inproceedings{lialin2023relora,
  title={Relora: High-rank training through low-rank updates},
  author={Lialin, Vladislav and Muckatira, Sherin and Shivagunde, Namrata and Rumshisky, Anna},
  booktitle={The Twelfth International Conference on Learning Representations},
  year={2023}
}

@article{liu2024dora,
  title={Dora: Weight-decomposed low-rank adaptation},
  author={Liu, Shih-Yang and Wang, Chien-Yi and Yin, Hongxu and Molchanov, Pavlo and Wang, Yu-Chiang Frank and Cheng, Kwang-Ting and Chen, Min-Hung},
  journal={arXiv preprint arXiv:2402.09353},
  year={2024}
}

@article{meng2024pissa,
  title={Pissa: Principal singular values and singular vectors adaptation of large language models},
  author={Meng, Fanxu and Wang, Zhaohui and Zhang, Muhan},
  journal={arXiv preprint arXiv:2404.02948},
  year={2024}
}

@article{nemtsov2016matrix,
  title={Matrix compression using the Nystr{\"o}m method},
  author={Nemtsov, Arik and Averbuch, Amir and Schclar, Alon},
  journal={Intelligent Data Analysis},
  volume={20},
  number={5},
  pages={997--1019},
  year={2016},
  publisher={IOS Press}
}

@article{persson2024randomized,
  title={Randomized Nystr$\backslash$" om approximation of non-negative self-adjoint operators},
  author={Persson, David and Boull{\'e}, Nicolas and Kressner, Daniel},
  journal={arXiv preprint arXiv:2404.00960},
  year={2024}
}

@inproceedings{si2016computationally,
  title={Computationally efficient Nystr{\"o}m approximation using fast transforms},
  author={Si, Si and Hsieh, Cho-Jui and Dhillon, Inderjit},
  booktitle={International conference on machine learning},
  pages={2655--2663},
  year={2016},
  organization={PMLR}
}

@inproceedings{vladymyrov2016variational,
  title={The variational nystrom method for large-scale spectral problems},
  author={Vladymyrov, Max and Carreira-Perpinan, Miguel},
  booktitle={International Conference on Machine Learning},
  pages={211--220},
  year={2016},
  organization={PMLR}
}

@article{wang2013improving,
  title={Improving CUR matrix decomposition and the Nystr{\"o}m approximation via adaptive sampling},
  author={Wang, Shusen and Zhang, Zhihua},
  journal={The Journal of Machine Learning Research},
  volume={14},
  number={1},
  pages={2729--2769},
  year={2013},
  publisher={JMLR. org}
}

@article{wang2019scalable,
  title={Scalable kernel k-means clustering with nystrom approximation: Relative-error bounds},
  author={Wang, Shusen and Gittens, Alex and Mahoney, Michael W},
  journal={Journal of Machine Learning Research},
  volume={20},
  number={12},
  pages={1--49},
  year={2019}
}

@article{wang2024lora,
  title={Lora-ga: Low-rank adaptation with gradient approximation},
  author={Wang, Shaowen and Yu, Linxi and Li, Jian},
  journal={arXiv preprint arXiv:2407.05000},
  year={2024}
}

@article{williams2000using,
  title={Using the Nystr{\"o}m method to speed up kernel machines},
  author={Williams, Christopher and Seeger, Matthias},
  journal={Advances in neural information processing systems},
  volume={13},
  year={2000}
}

@inproceedings{xiong2021nystromformer,
  title={Nystr{\"o}mformer: A nystr{\"o}m-based algorithm for approximating self-attention},
  author={Xiong, Yunyang and Zeng, Zhanpeng and Chakraborty, Rudrasis and Tan, Mingxing and Fung, Glenn and Li, Yin and Singh, Vikas},
  booktitle={Proceedings of the AAAI Conference on Artificial Intelligence},
  volume={35},
  number={16},
  pages={14138--14148},
  year={2021}
}

@article{zhang2023adalora,
  title={AdaLoRA: Adaptive budget allocation for parameter-efficient fine-tuning},
  author={Zhang, Qingru and Chen, Minshuo and Bukharin, Alexander and Karampatziakis, Nikos and He, Pengcheng and Cheng, Yu and Chen, Weizhu and Zhao, Tuo},
  journal={arXiv preprint arXiv:2303.10512},
  year={2023}
}

