@techreport{koonce2008traffic,
  title={Traffic signal timing manual.},
  author={Koonce, Peter and Rodegerdts, Lee},
  year={2008},
  institution={United States. Federal Highway Administration}
}

@incollection{cools2013self,
  title={Self-organizing traffic lights: A realistic simulation},
  author={Cools, Seung-Bae and Gershenson, Carlos and Dâ€™Hooghe, Bart},
  booktitle={Advances in applied self-organizing systems},
  pages={45--55},
  year={2013},
  publisher={Springer}
}

@incollection{varaiya2013max,
  title={The max-pressure controller for arbitrary networks of signalized intersections},
  author={Varaiya, Pravin},
  booktitle={Advances in dynamic network modeling in complex transportation systems},
  pages={27--66},
  year={2013},
  publisher={Springer}
}

@article{zhang2021knowledge,
  title={Knowledge intensive state design for traffic signal control},
  author={Zhang, Liang and Wu, Qiang and Deng, Jianming},
  journal={arXiv preprint arXiv:2201.00006},
  year={2021}
}

@article{torok1996green,
  title={The green wave model of two-dimensional traffic: Transitions in the flow properties and in the geometry of the traffic jam},
  author={T{\"o}r{\"o}k, J{\'a}nos and Kert{\'e}sz, J{\'a}nos},
  journal={Physica A: Statistical Mechanics and its Applications},
  volume={231},
  number={4},
  pages={515--533},
  year={1996},
  publisher={Elsevier}
}

@article{hunt1982scoot,
  title={The SCOOT on-line traffic signal optimization technique},
  author={Hunt, PB and Robertson, DI and Bretherton, RD and Royle, M Cr},
  journal={Traffic Engineering \& Control},
  volume={23},
  number={4},
  year={1982}
}

@article{pr1992scats,
  title={SCATS: A Traffic responsive method of controlling Urban Traffic Control/PR Lowrie},
  author={PR, Lowrie},
  journal={Roads and Traffic Authority},
  year={1992}
}

@inproceedings{wei2019presslight,
  title={Presslight: Learning max pressure control to coordinate traffic signals in arterial network},
  author={Wei, Hua and Chen, Chacha and Zheng, Guanjie and Wu, Kan and Gayah, Vikash and Xu, Kai and Li, Zhenhui},
  booktitle={Proc. of International Conference on Knowledge Discovery \& Data Mining (SIGKDD)},
  pages={1290--1298},
  year={2019}
}

@inproceedings{ye2021fedlight,
  title={FedLight: Federated reinforcement learning for autonomous multi-intersection traffic signal control},
  author={Ye, Yutong and Zhao, Wupan and Wei, Tongquan and Hu, Shiyan and Chen, Mingsong},
  booktitle={Proc. of Design Automation Conference (DAC)},
  pages={847--852},
  year={2021},
}

@article{zhao2022ipdalight,
  title={IPDALight: Intensity-and phase duration-aware traffic signal control based on Reinforcement Learning},
  author={Zhao, Wupan and Ye, Yutong and Ding, Jiepin and Wang, Ting and Wei, Tongquan and Chen, Mingsong},
  journal={Journal of Systems Architecture},
  volume={123},
  pages={102374},
  year={2022},
  publisher={Elsevier}
}

@inproceedings{ho2016generative,
  title={Generative adversarial imitation learning},
  author={Ho, Jonathan and Ermon, Stefano},
  booktitle={Proc. of Advances in Neural Information Processing Systems (NeurIPS)},
  pages     = {4565--4573},
  year={2016}
}

@inproceedings{henderson2018optiongan,
  title={Optiongan: Learning joint reward-policy options using generative adversarial inverse reinforcement learning},
  author={Henderson, Peter and Chang, Wei-Di and Bacon, Pierre-Luc and Meger, David and Pineau, Joelle and Precup, Doina},
  booktitle={Proc. of AAAI Conference on Artificial Intelligence (AAAI)},
  pages     = {3199--3206},
  year={2018}
}

@inproceedings{fu2018learning,
  title={Learning robust rewards with adversarial inverse reinforcement learning},
  author={Fu, Justin and Luo, Katie and Levine, Sergey},
  booktitle={Proc. of International Conference on Learning Representations (ICLR)},
  pages={1--15},
  year={2018}
}

@inproceedings{qureshi2018adversarial,
  title={Adversarial imitation via variational inverse reinforcement learning},
  author={Qureshi, Ahmed H and Boots, Byron and Yip, Michael C},
  booktitle={Proc. of International Conference on Learning Representations (ICLR)},
  pages={1--14},
  year={2019}
}

@inproceedings{cui2021airl,
  title={Aux-AIRL: End-to-end self-supervised reward learning for extrapolating beyond suboptimal demonstrations},
  author={Cui, Yuchen and Liu, Bo and Saran, Akanksha and Giguere, Stephen and Stone, Peter and Niekum, Scott},
  booktitle={Proc. of ICML Workshop on Self-Supervised Learning for Reasoning and Perception},
  pages={1--8},
  year={2021}
}

@article{goodfellow2014generative,
  title={Generative adversarial nets},
  author={Goodfellow, Ian and Pouget-Abadie, Jean and Mirza, Mehdi and Xu, Bing and Warde-Farley, David and Ozair, Sherjil and Courville, Aaron and Bengio, Yoshua},
  journal={Proc. of Advances in Neural Information Processing Systems (NeurIPS)},
  pages     = {2672--2680},
  year={2014}
}

@article{schulman2017proximal,
  title={Proximal policy optimization algorithms},
  author={Schulman, John and Wolski, Filip and Dhariwal, Prafulla and Radford, Alec and Klimov, Oleg},
  journal={arXiv preprint arXiv:1707.06347},
  year={2017}
}

@article{schulman2015high,
  title={High-dimensional continuous control using generalized advantage estimation},
  author={Schulman, John and Moritz, Philipp and Levine, Sergey and Jordan, Michael and Abbeel, Pieter},
  journal={Proc. of International Conference on Learning Representations (ICLR)},
  pages={1--14},
  year={2015}
}

@article{kingma2014adam,
  title={Adam: A method for stochastic optimization},
  author={Kingma, Diederik P and Ba, Jimmy},
  journal={Proc. of International Conference on Learning Representations (ICLR)},
  pages={1--15},
  year={2014}
}

@book{kullback1997information,
  title={Information theory and statistics},
  author={Kullback, Solomon},
  year={1997},
  publisher={Courier Corporation}
}

@inproceedings{bakker1996robot,
  title={Robot see, robot do: An overview of robot imitation},
  author={Bakker, Paul and Kuniyoshi, Yasuo and others},
  booktitle={Workshop on Learning in Robots and Animals},
  volume={5},
  year={1996},
  organization={Citeseer}
}

@article{finn2016connection,
  title={A connection between generative adversarial networks, inverse reinforcement learning, and energy-based models},
  author={Finn, Chelsea and Christiano, Paul and Abbeel, Pieter and Levine, Sergey},
  journal={arXiv preprint arXiv:1611.03852},
  year={2016}
}

@inproceedings{zhang2019cityflow,
  title={Cityflow: A multi-agent reinforcement learning environment for large scale city traffic scenario},
  author={Zhang, Huichu and Feng, Siyuan and Liu, Chang and Ding, Yaoyao and Zhu, Yichen and Zhou, Zihan and Zhang, Weinan and Yu, Yong and Jin, Haiming and Li, Zhenhui},
  booktitle={Proc. of World Wide Web Conference (WWW)},
  pages={3620--3624},
  year={2019}
}

@article{wei2019survey,
  title={A survey on traffic signal control methods},
  author={Wei, Hua and Zheng, Guanjie and Gayah, Vikash and Li, Zhenhui},
  journal={arXiv preprint arXiv:1904.08117},
  year={2019}
}

@inproceedings{chen2020pay,
  title={Pay your trip for traffic congestion: Dynamic pricing in traffic-aware road networks},
  author={Chen, Lisi and Shang, Shuo and Yao, Bin and Li, Jing},
  booktitle={Proc. of AAAI Conference on Artificial Intelligence (AAAI)},
  pages={582--589},
  year={2020}
}

@inproceedings{rizzo2019time,
  title={Time critic policy gradient methods for traffic signal control in complex and congested scenarios},
  author={Rizzo, Stefano Giovanni and Vantini, Giovanna and Chawla, Sanjay},
  booktitle={Proc. of International Conference on Knowledge Discovery \& Data Mining (SIGKDD)},
  pages={1654--1664},
  year={2019}
}

@inproceedings{chen2020toward,
  title={Toward a thousand lights: Decentralized deep reinforcement learning for large-scale traffic signal control},
  author={Chen, Chacha and Wei, Hua and Xu, Nan and Zheng, Guanjie and Yang, Ming and Xiong, Yuanhao and Xu, Kai and Li, Zhenhui},
  booktitle={Proc. of AAAI Conference on Artificial Intelligence (AAAI)},
  pages={3414--3421},
  year={2020}
}

@inproceedings{zang2020metalight,
  title={Metalight: Value-based meta-reinforcement learning for traffic signal control},
  author={Zang, Xinshi and Yao, Huaxiu and Zheng, Guanjie and Xu, Nan and Xu, Kai and Li, Zhenhui},
  booktitle={Proc. of AAAI Conference on Artificial Intelligence (AAAI)},
  pages={1153--1160},
  year={2020}
}

@inproceedings{ng2000algorithms,
  title={Algorithms for inverse reinforcement learning.},
  author={Ng, Andrew Y and Russell, Stuart and others},
  booktitle={Proc. of International Conference on Machine Learning (ICML)},
  pages={663--670},
  year={2000}
}

@inproceedings{russell1998learning,
  title={Learning agents for uncertain environments},
  author={Russell, Stuart},
  booktitle={Proc. of Annual Conference on Computational Learning Theory (ACCLT)},
  pages={101--103},
  year={1998}
}

@inproceedings{abbeel2004apprenticeship,
  title={Apprenticeship learning via inverse reinforcement learning},
  author={Abbeel, Pieter and Ng, Andrew Y},
  booktitle={Proc. of International Conference on Machine Learning (ICML)},
  pages={1--8},
  year={2004}
}

@inproceedings{ratliff2006maximum,
  title={Maximum margin planning},
  author={Ratliff, Nathan D and Bagnell, J Andrew and Zinkevich, Martin A},
  booktitle={Proc. of International Conference on Machine Learning (ICML)},
  pages={729--736},
  year={2006}
}

@inproceedings{ziebart2008maximum,
  title={Maximum entropy inverse reinforcement learning.},
  author={Ziebart, Brian D and Maas, Andrew L and Bagnell, J Andrew and Dey, Anind K and others},
  booktitle={Proc. of AAAI Conference on Artificial Intelligence (AAAI)},
  pages={1433--1438},
  year={2008},
}

@inproceedings{boularias2011relative,
  title={Relative entropy inverse reinforcement learning},
  author={Boularias, Abdeslam and Kober, Jens and Peters, Jan},
  booktitle={Proc. of International Conference on Artificial Intelligence and Statistics (ICAIS)},
  pages={182--189},
  year={2011},
}

@inproceedings{finn2016guided,
  title={Guided cost learning: Deep inverse optimal control via policy optimization},
  author={Finn, Chelsea and Levine, Sergey and Abbeel, Pieter},
  booktitle={Proc. of International Conference on Machine Learning (ICML)},
  pages={49--58},
  year={2016},
}

@article{tesauro1995temporal,
  title={Temporal difference learning and TD-Gammon},
  author={Tesauro, Gerald and others},
  journal={Communications of the ACM},
  volume={38},
  number={3},
  pages={58--68},
  year={1995}
}

@inproceedings{zhang2020generalight,
  title={Generalight: Improving environment generalization of traffic signal control via meta reinforcement learning},
  author={Zhang, Huichu and Liu, Chang and Zhang, Weinan and Zheng, Guanjie and Yu, Yong},
  booktitle={Proc. of International Conference on Information \& Knowledge Management (CIKM)},
  pages={1783--1792},
  year={2020}
}

@article{zhu2021variationally,
  title={Variationally and intrinsically motivated reinforcement learning for decentralized traffic signal control},
  author={Zhu, Liwen and Peng, Peixi and Lu, Zongqing and Wang, Xiangqian and Tian, Yonghong},
  journal={arXiv preprint arXiv:2101.00746},
  year={2021}
}

@inproceedings{xiong2019learning,
  title={Learning traffic signal control from demonstrations},
  author={Xiong, Yuanhao and Zheng, Guanjie and Xu, Kai and Li, Zhenhui},
  booktitle={Proc. of International Conference on Information \& Knowledge Management (CIKM)},
  pages={2289--2292},
  year={2019}
}

@inproceedings{de2022multiagent,
  title={Multiagent reinforcement learning for traffic signal control: a k-nearest neighbors based approach},
  author={de Almeida, Vicente N and Bazzan, Ana LC and Abdoos, Monireh},
  booktitle = {Proc. of IJCAI Workshop on Agents in Traffic and Transportation Co-located},
  pages     = {32--46},
  year={2022}
}

@inproceedings{chen2022real,
  title={The Real Deal: A review of challenges and opportunities in moving reinforcement learning-based traffic signal control systems towards reality},
  author={Chen, Rex and Fang, Fei and Sadeh, Norman},
  booktitle = {Proc. of IJCAI Workshop on Agents in Traffic and Transportation Co-located},
  pages     = {14--31},
  year={2022}
}

@inproceedings{koohy2022reward,
  title={Reward function design in multi-agent reinforcement learning for traffic signal control},
  author={Koohy, Behrad and Stein, Sebastian and Gerding, Enrico and Manla, Ghaithaa},
  booktitle = {Proc. of IJCAI Workshop on Agents in Traffic and Transportation Co-located},
  pages     = {1--13},
  year={2022}
}

@inproceedings{jiang2022multi,
  title={Multi-agent reinforcement learning for traffic signal control through universal communication method},
  author={Jiang, Qize and Qin, Minhao and Shi, Shengmin and Sun, Weiwei and Zheng, Baihua},
  booktitle = {Proc. of International Joint Conference on Artificial Intelligence (IJCAI)},
  pages     = {3854--3860},
  year={2022}
}

@inproceedings{xing2022tinylight,
  title={TinyLight: Adaptive traffic signal control on devices with extremely limited resources},
  author={Xing, Dong and Zheng, Qian and Liu, Qianhui and Pan, Gang},
  booktitle = {Proc. of International Joint Conference on Artificial Intelligence (IJCAI)},
  pages     = {3999--4005},
  year={2022}
}

@inproceedings{jiang2021dynamic,
  title={Dynamic lane traffic signal control with group attention and multi-timescale reinforcement learning},
  author={Jiang, Qize and Li, Jingze and SUN, Weiwei Sun and Zheng, Baihua},
  booktitle = {Proc. of International Joint Conference on Artificial Intelligence (IJCAI)},
  pages     = {3642--3648},
  year={2021},
}

@article{ye2022fairlight,
  title={FairLight: Fairness-aware autonomous traffic signal control with hierarchical action space},
  author={Ye, Yutong and Ding, Jiepin and Wang, Ting and Zhou, Junlong and Wei, Xian and Chen, Mingsong},
  journal={IEEE Transactions on Computer-Aided Design of Integrated Circuits and Systems},
  year={2022},
  publisher={IEEE}
}

@article{zhang2021attentionlight,
  title={AttentionLight: Rethinking queue length and attention mechanism for traffic signal control},
  author={Zhang, Liang and Wu, Qiang and Deng, Jianming},
  journal={arXiv preprint arXiv:2201.00006},
  year={2021}
}

@inproceedings{ramachandran2007bayesian,
  title={Bayesian inverse reinforcement learning.},
  author={Ramachandran, Deepak and Amir, Eyal},
  booktitle={Proc. of International Joint Conference on Artificial Intelligence (IJCAI)},
  pages={2586--2591},
  year={2007}
}

@inproceedings{choi2013bayesian,
  title={Bayesian nonparametric feature construction for inverse reinforcement learning.},
  author={Choi, Jaedeug and Kim, Kee-Eung},
  booktitle={Proc. of International Joint Conference on Artificial Intelligence (IJCAI)},
  pages={1287--1293},
  year={2013}
}

@inproceedings{zheng2021objective,
  title     = {Objective-aware traffic simulation via inverse reinforcement learning},
  author    = {Zheng, Guanjie and Liu, Hanyang and Xu, Kai and Li, Zhenhui},
  booktitle = {Proc. of International Joint Conference on Artificial Intelligence (IJCAI)},
  pages     = {3771--3777},
  year      = {2021},
}

@inproceedings{ye2023brief,
  title={Brief Industry Paper: RTLight: Digital twin-based real-time federated traffic signal control},
  author={Ye, Yutong and Ling, Zhiwei and Yang, Yaning and Wei, Xian and Cheng, Chen and Chen, Su and Chen, Mingsong},
  booktitle={Proc. of Real-Time Systems Symposium (RTSS)},
  pages={473--477},
  year={2023},
  organization={IEEE}
}

@article{du2024felight,
  title={FELight: Fairness-aware traffic signal control via sample-efficient reinforcement learning},
  author={Du, Xinqi and Li, Ziyue and Long, Cheng and Xing, Yongheng and Philip, S Yu and Chen, Hechang},
  journal={IEEE Transactions on Knowledge and Data Engineering},
  volume={36},
  number={9},
  pages={4678-4692},
  year={2024},
  publisher={IEEE}
}

@inproceedings{xu2021hierarchically,
  title={Hierarchically and cooperatively learning traffic signal control},
  author={Xu, Bingyu and Wang, Yaowei and Wang, Zhaozhi and Jia, Huizhu and Lu, Zongqing},
  booktitle={Proc. of AAAI Conference on Artificial Intelligence (AAAI)},
  pages={669--677},
  year={2021}
}

@inproceedings{wei2019colight,
  title={Colight: Learning network-level cooperation for traffic signal control},
  author={Wei, Hua and Xu, Nan and Zhang, Huichu and Zheng, Guanjie and Zang, Xinshi and Chen, Chacha and Zhang, Weinan and Zhu, Yanmin and Xu, Kai and Li, Zhenhui},
  booktitle={Proc. of International Conference on Information \& Knowledge Management (CIKM)},
  pages={1913--1922},
  year={2019}
}

@inproceedings{gu2024pi,
  title={$\pi$-light: Programmatic interpretable reinforcement learning for resource-limited traffic signal control},
  author={Gu, Yin and Zhang, Kai and Liu, Qi and Gao, Weibo and Li, Longfei and Zhou, Jun},
  booktitle={Proc. of AAAI Conference on Artificial Intelligence (AAAI)},
  pages={21107--21115},
  year={2024}
}

@inproceedings{du2023safelight,
  title={Safelight: A reinforcement learning method toward collision-free traffic signal control},
  author={Du, Wenlu and Ye, Junyi and Gu, Jingyi and Li, Jing and Wei, Hua and Wang, Guiling},
  booktitle={Proc. of AAAI Conference on Artificial Intelligence (AAAI)},
  pages={14801--14810},
  year={2023}
}

@article{agarwal2019reinforcement,
  title={Reinforcement learning: Theory and algorithms},
  author={Agarwal, Alekh and Jiang, Nan and Kakade, Sham M and Sun, Wen},
  journal={CS Dept., UW Seattle, Seattle, WA, USA, Tech. Rep},
  volume={32},
  pages={96},
  year={2019}
}

@article{argall2009survey,
  title={A survey of robot learning from demonstration},
  author={Argall, Brenna D and Chernova, Sonia and Veloso, Manuela and Browning, Brett},
  journal={Robotics and Autonomous Systems},
  volume={57},
  number={5},
  pages={469--483},
  year={2009},
  publisher={Elsevier}
}

@article{hussein2017imitation,
  title={Imitation learning: A survey of learning methods},
  author={Hussein, Ahmed and Gaber, Mohamed Medhat and Elyan, Eyad and Jayne, Chrisina},
  journal={ACM Computing Surveys},
  volume={50},
  number={2},
  pages={1--35},
  year={2017},
  publisher={ACM New York, NY, USA}
}

@article{osa2018algorithmic,
  title={An algorithmic perspective on imitation learning},
  author={Osa, Takayuki and Pajarinen, Joni and Neumann, Gerhard and Bagnell, J Andrew and Abbeel, Pieter and Peters, Jan and others},
  journal={Foundations and Trends{\textregistered} in Robotics},
  volume={7},
  number={1-2},
  pages={1--179},
  year={2018},
  publisher={Now Publishers, Inc.}
}

@inproceedings{bain1995framework,
  title={A framework for behavioral cloning.},
  author={Bain, Michael and Sammut, Claude},
  booktitle={Machine Intelligence 15},
  pages={103--129},
  year={1995}
}

@article{pomerleau1991efficient,
  title={Efficient training of artificial neural networks for autonomous navigation},
  author={Pomerleau, Dean A},
  journal={Neural Computation},
  volume={3},
  number={1},
  pages={88--97},
  year={1991},
  publisher={MIT Press One Rogers Street, Cambridge, MA 02142-1209, USA journals-info~â€¦}
}

@inproceedings{syed2007game,
  title={A game-theoretic approach to apprenticeship learning},
  author={Syed, Umar and Schapire, Robert E},
  booktitle={Proc. of Advances in Neural Information Processing Systems (NeurIPS)},
  pages={1--8},
  year={2007}
}

@inproceedings{ross2010efficient,
  title={Efficient reductions for imitation learning},
  author={Ross, St{\'e}phane and Bagnell, Drew},
  booktitle={Proc. of International Conference on Artificial Intelligence and Statistics (AISTATS)},
  pages={661--668},
  year={2010},
}

@inproceedings{syed2010reduction,
  title={A reduction from apprenticeship learning to classification},
  author={Syed, Umar and Schapire, Robert E},
  booktitle={Proc. of Advances in Neural Information Processing Systems (NeurIPS)},
  pages={1--9},
  year={2010}
}

@inproceedings{ye2023initlight,
  title={InitLight: Initial model generation for traffic signal control using adversarial inverse reinforcement learning},
  author={Ye, Yutong and Zhou, Yingbo and Ding, Jiepin and Wang, Ting and Chen, Mingsong and Lian, Xiang},
  booktitle={Proc. of International Joint Conference on Artificial Intelligence (IJCAI)},
  pages={4949--4958},
  year={2023}
}

@inproceedings{zhang2018generalized,
  title={Generalized cross entropy loss for training deep neural networks with noisy labels},
  author={Zhang, Zhilu and Sabuncu, Mert},
  booktitle={Proc. of Advances in Neural Information Processing Systems (NeurIPS)},
  pages={1--9},
  year={2018}
}

@article{shannon1948mathematical,
  title={A mathematical theory of communication},
  author={Shannon, Claude Elwood},
  journal={The Bell system technical journal},
  volume={27},
  number={3},
  pages={379--423},
  year={1948},
  publisher={Nokia Bell Labs}
}

@inproceedings{frankle2018lottery,
  title={The lottery ticket hypothesis: Finding sparse, trainable neural networks},
  author={Frankle, Jonathan and Carbin, Michael},
  booktitle={Proc. of International Conference on Learning Representations (ICLR)},
  pages={1--42},
  year={2018}
}

@inproceedings{kim2023parameter,
  title={Parameter sharing with network pruning for scalable multi-agent deep reinforcement learning},
  author={Kim, Woojun and Sung, Youngchul},
  booktitle={Proc. of International Conference on Autonomous Agents and Multiagent Systems (AAMAS)},
  pages={1942--1950},
  year={2023}
}

@inproceedings{chang2020cps,
  title={CPS-oriented modeling and control of traffic signals using adaptive back pressure},
  author={Chang, Wanli and Roy, Debayan and Zhao, Shuai and Annaswamy, Anuradha and Chakraborty, Samarjit},
  booktitle={Proc. of Design, Automation and Test in Europe Conference (DATE)},
  pages={1686--1691},
  year={2020},
}

@article{waszecki2017automotive,
  title={Automotive electrical and electronic architecture security via distributed in-vehicle traffic monitoring},
  author={Waszecki, Peter and Mundhenk, Philipp and Steinhorst, Sebastian and Lukasiewycz, Martin and Karri, Ramesh and Chakraborty, Samarjit},
  journal={IEEE Transactions on Computer-Aided Design of Integrated Circuits and Systems},
  volume={36},
  number={11},
  pages={1790--1803},
  year={2017},
}

@inproceedings{chen2013neuromorphic,
  title={A neuromorphic architecture for anomaly detection in autonomous large-area traffic monitoring},
  author={Chen, Qiuwen and Qiu, Qinru and Li, Hai and Wu, Qing},
  booktitle={Proc. of International Conference on Computer-Aided Design (ICCAD)},
  pages={202--205},
  year={2013},
}





