@inproceedings{abbeel2004apprenticeship,
  title={Apprenticeship learning via inverse reinforcement learning},
  author={Abbeel, Pieter and Ng, Andrew Y},
  booktitle={Proc. of International Conference on Machine Learning (ICML)},
  pages={1--8},
  year={2004}
}

@article{agarwal2019reinforcement,
  title={Reinforcement learning: Theory and algorithms},
  author={Agarwal, Alekh and Jiang, Nan and Kakade, Sham M and Sun, Wen},
  journal={CS Dept., UW Seattle, Seattle, WA, USA, Tech. Rep},
  volume={32},
  pages={96},
  year={2019}
}

@article{argall2009survey,
  title={A survey of robot learning from demonstration},
  author={Argall, Brenna D and Chernova, Sonia and Veloso, Manuela and Browning, Brett},
  journal={Robotics and Autonomous Systems},
  volume={57},
  number={5},
  pages={469--483},
  year={2009},
  publisher={Elsevier}
}

@inproceedings{bain1995framework,
  title={A framework for behavioral cloning.},
  author={Bain, Michael and Sammut, Claude},
  booktitle={Machine Intelligence 15},
  pages={103--129},
  year={1995}
}

@inproceedings{chen2020toward,
  title={Toward a thousand lights: Decentralized deep reinforcement learning for large-scale traffic signal control},
  author={Chen, Chacha and Wei, Hua and Xu, Nan and Zheng, Guanjie and Yang, Ming and Xiong, Yuanhao and Xu, Kai and Li, Zhenhui},
  booktitle={Proc. of AAAI Conference on Artificial Intelligence (AAAI)},
  pages={3414--3421},
  year={2020}
}

@article{du2024felight,
  title={FELight: Fairness-aware traffic signal control via sample-efficient reinforcement learning},
  author={Du, Xinqi and Li, Ziyue and Long, Cheng and Xing, Yongheng and Philip, S Yu and Chen, Hechang},
  journal={IEEE Transactions on Knowledge and Data Engineering},
  volume={36},
  number={9},
  pages={4678-4692},
  year={2024},
  publisher={IEEE}
}

@article{hussein2017imitation,
  title={Imitation learning: A survey of learning methods},
  author={Hussein, Ahmed and Gaber, Mohamed Medhat and Elyan, Eyad and Jayne, Chrisina},
  journal={ACM Computing Surveys},
  volume={50},
  number={2},
  pages={1--35},
  year={2017},
  publisher={ACM New York, NY, USA}
}

@inproceedings{jiang2022multi,
  title={Multi-agent reinforcement learning for traffic signal control through universal communication method},
  author={Jiang, Qize and Qin, Minhao and Shi, Shengmin and Sun, Weiwei and Zheng, Baihua},
  booktitle = {Proc. of International Joint Conference on Artificial Intelligence (IJCAI)},
  pages     = {3854--3860},
  year={2022}
}

@article{osa2018algorithmic,
  title={An algorithmic perspective on imitation learning},
  author={Osa, Takayuki and Pajarinen, Joni and Neumann, Gerhard and Bagnell, J Andrew and Abbeel, Pieter and Peters, Jan and others},
  journal={Foundations and Trends{\textregistered} in Robotics},
  volume={7},
  number={1-2},
  pages={1--179},
  year={2018},
  publisher={Now Publishers, Inc.}
}

@article{pomerleau1991efficient,
  title={Efficient training of artificial neural networks for autonomous navigation},
  author={Pomerleau, Dean A},
  journal={Neural Computation},
  volume={3},
  number={1},
  pages={88--97},
  year={1991},
  publisher={MIT Press One Rogers Street, Cambridge, MA 02142-1209, USA journals-info~â€¦}
}

@inproceedings{ross2010efficient,
  title={Efficient reductions for imitation learning},
  author={Ross, St{\'e}phane and Bagnell, Drew},
  booktitle={Proc. of International Conference on Artificial Intelligence and Statistics (AISTATS)},
  pages={661--668},
  year={2010},
}

@inproceedings{syed2007game,
  title={A game-theoretic approach to apprenticeship learning},
  author={Syed, Umar and Schapire, Robert E},
  booktitle={Proc. of Advances in Neural Information Processing Systems (NeurIPS)},
  pages={1--8},
  year={2007}
}

@inproceedings{syed2010reduction,
  title={A reduction from apprenticeship learning to classification},
  author={Syed, Umar and Schapire, Robert E},
  booktitle={Proc. of Advances in Neural Information Processing Systems (NeurIPS)},
  pages={1--9},
  year={2010}
}

@incollection{varaiya2013max,
  title={The max-pressure controller for arbitrary networks of signalized intersections},
  author={Varaiya, Pravin},
  booktitle={Advances in dynamic network modeling in complex transportation systems},
  pages={27--66},
  year={2013},
  publisher={Springer}
}

@inproceedings{wei2019colight,
  title={Colight: Learning network-level cooperation for traffic signal control},
  author={Wei, Hua and Xu, Nan and Zhang, Huichu and Zheng, Guanjie and Zang, Xinshi and Chen, Chacha and Zhang, Weinan and Zhu, Yanmin and Xu, Kai and Li, Zhenhui},
  booktitle={Proc. of International Conference on Information \& Knowledge Management (CIKM)},
  pages={1913--1922},
  year={2019}
}

@inproceedings{wei2019presslight,
  title={Presslight: Learning max pressure control to coordinate traffic signals in arterial network},
  author={Wei, Hua and Chen, Chacha and Zheng, Guanjie and Wu, Kan and Gayah, Vikash and Xu, Kai and Li, Zhenhui},
  booktitle={Proc. of International Conference on Knowledge Discovery \& Data Mining (SIGKDD)},
  pages={1290--1298},
  year={2019}
}

@inproceedings{xiong2019learning,
  title={Learning traffic signal control from demonstrations},
  author={Xiong, Yuanhao and Zheng, Guanjie and Xu, Kai and Li, Zhenhui},
  booktitle={Proc. of International Conference on Information \& Knowledge Management (CIKM)},
  pages={2289--2292},
  year={2019}
}

@inproceedings{xu2021hierarchically,
  title={Hierarchically and cooperatively learning traffic signal control},
  author={Xu, Bingyu and Wang, Yaowei and Wang, Zhaozhi and Jia, Huizhu and Lu, Zongqing},
  booktitle={Proc. of AAAI Conference on Artificial Intelligence (AAAI)},
  pages={669--677},
  year={2021}
}

@inproceedings{ye2021fedlight,
  title={FedLight: Federated reinforcement learning for autonomous multi-intersection traffic signal control},
  author={Ye, Yutong and Zhao, Wupan and Wei, Tongquan and Hu, Shiyan and Chen, Mingsong},
  booktitle={Proc. of Design Automation Conference (DAC)},
  pages={847--852},
  year={2021},
}

@article{ye2022fairlight,
  title={FairLight: Fairness-aware autonomous traffic signal control with hierarchical action space},
  author={Ye, Yutong and Ding, Jiepin and Wang, Ting and Zhou, Junlong and Wei, Xian and Chen, Mingsong},
  journal={IEEE Transactions on Computer-Aided Design of Integrated Circuits and Systems},
  year={2022},
  publisher={IEEE}
}

@inproceedings{ye2023brief,
  title={Brief Industry Paper: RTLight: Digital twin-based real-time federated traffic signal control},
  author={Ye, Yutong and Ling, Zhiwei and Yang, Yaning and Wei, Xian and Cheng, Chen and Chen, Su and Chen, Mingsong},
  booktitle={Proc. of Real-Time Systems Symposium (RTSS)},
  pages={473--477},
  year={2023},
  organization={IEEE}
}

@inproceedings{ye2023initlight,
  title={InitLight: Initial model generation for traffic signal control using adversarial inverse reinforcement learning},
  author={Ye, Yutong and Zhou, Yingbo and Ding, Jiepin and Wang, Ting and Chen, Mingsong and Lian, Xiang},
  booktitle={Proc. of International Joint Conference on Artificial Intelligence (IJCAI)},
  pages={4949--4958},
  year={2023}
}

@inproceedings{zang2020metalight,
  title={Metalight: Value-based meta-reinforcement learning for traffic signal control},
  author={Zang, Xinshi and Yao, Huaxiu and Zheng, Guanjie and Xu, Nan and Xu, Kai and Li, Zhenhui},
  booktitle={Proc. of AAAI Conference on Artificial Intelligence (AAAI)},
  pages={1153--1160},
  year={2020}
}

@article{zhao2022ipdalight,
  title={IPDALight: Intensity-and phase duration-aware traffic signal control based on Reinforcement Learning},
  author={Zhao, Wupan and Ye, Yutong and Ding, Jiepin and Wang, Ting and Wei, Tongquan and Chen, Mingsong},
  journal={Journal of Systems Architecture},
  volume={123},
  pages={102374},
  year={2022},
  publisher={Elsevier}
}

@inproceedings{ziebart2008maximum,
  title={Maximum entropy inverse reinforcement learning.},
  author={Ziebart, Brian D and Maas, Andrew L and Bagnell, J Andrew and Dey, Anind K and others},
  booktitle={Proc. of AAAI Conference on Artificial Intelligence (AAAI)},
  pages={1433--1438},
  year={2008},
}

