@article{bajari2021multiple,
  title={Multiple randomization designs},
  author={Bajari, Patrick and Burdick, Brian and Imbens, Guido W and Masoero, Lorenzo and McQueen, James and Richardson, Thomas and Rosen, Ido M},
  journal={arXiv preprint arXiv:2112.13495},
  year={2021}
}

@article{bokelmann2024improving,
  title={Improving uplift model evaluation on randomized controlled trial data},
  author={Bokelmann, Bj{\"o}rn and Lessmann, Stefan},
  journal={European Journal of Operational Research},
  volume={313},
  number={2},
  pages={691--707},
  year={2024},
  publisher={Elsevier}
}

@article{eckles2017design,
  title={Design and analysis of experiments in networks: Reducing bias from interference},
  author={Eckles, Dean and Karrer, Brian and Ugander, Johan},
  journal={Journal of Causal Inference},
  volume={5},
  number={1},
  pages={20150021},
  year={2017},
  publisher={De Gruyter}
}

@article{hudgens2008toward,
  title={Toward causal inference with interference},
  author={Hudgens, Michael G and Halloran, M Elizabeth},
  journal={Journal of the American Statistical Association},
  volume={103},
  number={482},
  pages={832--842},
  year={2008},
  publisher={Taylor \& Francis}
}

@article{radcliffe2007using,
  title={Using control groups to target on predicted lift: Building and assessing uplift model},
  author={Radcliffe, Nicholas},
  journal={Direct Marketing Analytics Journal},
  pages={14--21},
  year={2007}
}

@article{rossler2022bridging,
  title={Bridging the gap: A systematic benchmarking of uplift modeling and heterogeneous treatment effects methods},
  author={R{\"o}{\ss}ler, Jannik and Schoder, Detlef},
  journal={Journal of Interactive Marketing},
  volume={57},
  number={4},
  pages={629--650},
  year={2022},
  publisher={SAGE Publications Sage CA: Los Angeles, CA}
}

@article{rubin1974estimating,
  title={Estimating causal effects of treatments in randomized and nonrandomized studies.},
  author={Rubin, Donald B},
  journal={Journal of educational Psychology},
  volume={66},
  number={5},
  pages={688},
  year={1974},
  publisher={American Psychological Association}
}

@article{sobel2006randomized,
  title={What do randomized studies of housing mobility demonstrate? Causal inference in the face of interference},
  author={Sobel, Michael E},
  journal={Journal of the American Statistical Association},
  volume={101},
  number={476},
  pages={1398--1407},
  year={2006},
  publisher={Taylor \& Francis}
}

@article{sverdrup2024qini,
  title={Qini curves for multi-armed treatment rules},
  author={Sverdrup, Erik and Wu, Han and Athey, Susan and Wager, Stefan},
  journal={Journal of Computational and Graphical Statistics},
  number={just-accepted},
  pages={1--24},
  year={2024},
  publisher={Taylor \& Francis}
}

@article{tchetgen2012causal,
  title={On causal inference in the presence of interference},
  author={Tchetgen, Eric J Tchetgen and VanderWeele, Tyler J},
  journal={Statistical methods in medical research},
  volume={21},
  number={1},
  pages={55--75},
  year={2012},
  publisher={SAGE Publications Sage UK: London, England}
}

@inproceedings{ugander2013graph,
  title={Graph cluster randomization: Network exposure to multiple universes},
  author={Ugander, Johan and Karrer, Brian and Backstrom, Lars and Kleinberg, Jon},
  booktitle={Proceedings of the 19th ACM SIGKDD international conference on Knowledge discovery and data mining},
  pages={329--337},
  year={2013}
}

@article{yadlowsky2024evaluating,
  title={Evaluating treatment prioritization rules via rank-weighted average treatment effects},
  author={Yadlowsky, Steve and Fleming, Scott and Shah, Nigam and Brunskill, Emma and Wager, Stefan},
  journal={Journal of the American Statistical Association},
  pages={1--14},
  year={2024},
  publisher={Taylor \& Francis}
}

@article{zhang2023individualized,
  title={Individualized Policy Evaluation and Learning under Clustered Network Interference},
  author={Zhang, Yi and Imai, Kosuke},
  journal={arXiv preprint arXiv:2311.02467},
  year={2023}
}

@article{zhao2024learning,
  title={Learning individual treatment effects under heterogeneous interference in networks},
  author={Zhao, Ziyu and Bai, Yuqi and Xiong, Ruoxuan and Cao, Qingyu and Ma, Chao and Jiang, Ning and Wu, Fei and Kuang, Kun},
  journal={ACM Transactions on Knowledge Discovery from Data},
  volume={18},
  number={8},
  pages={1--21},
  year={2024},
  publisher={ACM New York, NY}
}

