@article{hudgens2008toward,
  title={Toward causal inference with interference},
  author={Hudgens, Michael G and Halloran, M Elizabeth},
  journal={Journal of the American Statistical Association},
  volume={103},
  number={482},
  pages={832--842},
  year={2008},
  publisher={Taylor \& Francis}
}

@article{tchetgen2012causal,
  title={On causal inference in the presence of interference},
  author={Tchetgen, Eric J Tchetgen and VanderWeele, Tyler J},
  journal={Statistical methods in medical research},
  volume={21},
  number={1},
  pages={55--75},
  year={2012},
  publisher={SAGE Publications Sage UK: London, England}
}

@article{zhang2023individualized,
  title={Individualized Policy Evaluation and Learning under Clustered Network Interference},
  author={Zhang, Yi and Imai, Kosuke},
  journal={arXiv preprint arXiv:2311.02467},
  year={2023}
}


@article{bajari2021multiple,
  title={Multiple randomization designs},
  author={Bajari, Patrick and Burdick, Brian and Imbens, Guido W and Masoero, Lorenzo and McQueen, James and Richardson, Thomas and Rosen, Ido M},
  journal={arXiv preprint arXiv:2112.13495},
  year={2021}
}

@inproceedings{ugander2013graph,
  title={Graph cluster randomization: Network exposure to multiple universes},
  author={Ugander, Johan and Karrer, Brian and Backstrom, Lars and Kleinberg, Jon},
  booktitle={Proceedings of the 19th ACM SIGKDD international conference on Knowledge discovery and data mining},
  pages={329--337},
  year={2013}
}

@article{aronow2017estimating,
  title={Estimating average causal effects under general interference, with application to a social network experiment},
  author={Aronow, Peter M and Samii, Cyrus},
  year={2017}
}

@article{rubin1974estimating,
  title={Estimating causal effects of treatments in randomized and nonrandomized studies.},
  author={Rubin, Donald B},
  journal={Journal of educational Psychology},
  volume={66},
  number={5},
  pages={688},
  year={1974},
  publisher={American Psychological Association}
}

@article{rosenbaum1983central,
  title={The central role of the propensity score in observational studies for causal effects},
  author={Rosenbaum, Paul R and Rubin, Donald B},
  journal={Biometrika},
  volume={70},
  number={1},
  pages={41--55},
  year={1983},
  publisher={Oxford University Press}
}

@book{hernan2020causal,
  title={Causal Inference: What If},
  author={Hernan, M.A. and Robins, J.M.},
  series={Chapman \& Hall/CRC Monographs on Statistics \& Applied Probab},
  year={2020},
  publisher={CRC Press}
}

@article{robins1994estimation,
  title={Estimation of regression coefficients when some regressors are not always observed},
  author={Robins, James M and Rotnitzky, Andrea and Zhao, Lue Ping},
  journal={Journal of the American statistical Association},
  volume={89},
  number={427},
  pages={846--866},
  year={1994},
  publisher={Taylor \& Francis}
}

@article{manski2013identification,
  title={Identification of treatment response with social interactions},
  author={Manski, Charles F},
  journal={The Econometrics Journal},
  volume={16},
  number={1},
  pages={S1--S23},
  year={2013},
  publisher={Oxford University Press Oxford, UK}
}

@article{radcliffe2007using,
  title={Using control groups to target on predicted lift: Building and assessing uplift model},
  author={Radcliffe, Nicholas},
  journal={Direct Marketing Analytics Journal},
  pages={14--21},
  year={2007}
}

@article{holtz2024reducing,
  title={Reducing interference bias in online marketplace experiments using cluster randomization: Evidence from a pricing meta-experiment on airbnb},
  author={Holtz, David and Lobel, Felipe and Lobel, Ruben and Liskovich, Inessa and Aral, Sinan},
  journal={Management Science},
  year={2024},
  publisher={INFORMS}
}

@article{ogburn2020causal,
  title={Causal inference, social networks and chain graphs},
  author={Ogburn, Elizabeth L and Shpitser, Ilya and Lee, Youjin},
  journal={Journal of the Royal Statistical Society Series A: Statistics in Society},
  volume={183},
  number={4},
  pages={1659--1676},
  year={2020},
  publisher={Oxford University Press}
}

@article{vanderweele2015interference,
  title={Interference and sensitivity analysis},
  author={VanderWeele, Tyler J and Tchetgen, Eric J Tchetgen and Halloran, M Elizabeth},
  journal={Statistical science: a review journal of the Institute of Mathematical Statistics},
  volume={29},
  number={4},
  pages={687},
  year={2015}
}

@article{liu2019doubly,
  title={Doubly robust estimation in observational studies with partial interference},
  author={Liu, Lan and Hudgens, Michael G and Saul, Bradley and Clemens, John D and Ali, Mohammad and Emch, Michael E},
  journal={Stat},
  volume={8},
  number={1},
  pages={e214},
  year={2019},
  publisher={Wiley Online Library}
}

@article{sobel2006randomized,
  title={What do randomized studies of housing mobility demonstrate? Causal inference in the face of interference},
  author={Sobel, Michael E},
  journal={Journal of the American Statistical Association},
  volume={101},
  number={476},
  pages={1398--1407},
  year={2006},
  publisher={Taylor \& Francis}
}

@article{eckles2017design,
  title={Design and analysis of experiments in networks: Reducing bias from interference},
  author={Eckles, Dean and Karrer, Brian and Ugander, Johan},
  journal={Journal of Causal Inference},
  volume={5},
  number={1},
  pages={20150021},
  year={2017},
  publisher={De Gruyter}
}

@article{yadlowsky2024evaluating,
  title={Evaluating treatment prioritization rules via rank-weighted average treatment effects},
  author={Yadlowsky, Steve and Fleming, Scott and Shah, Nigam and Brunskill, Emma and Wager, Stefan},
  journal={Journal of the American Statistical Association},
  pages={1--14},
  year={2024},
  publisher={Taylor \& Francis}
}

@article{sverdrup2024qini,
  title={Qini curves for multi-armed treatment rules},
  author={Sverdrup, Erik and Wu, Han and Athey, Susan and Wager, Stefan},
  journal={Journal of Computational and Graphical Statistics},
  number={just-accepted},
  pages={1--24},
  year={2024},
  publisher={Taylor \& Francis}
}

@article{rubin1980randomization,
  title={Randomization analysis of experimental data: The Fisher randomization test comment},
  author={Rubin, Donald B},
  journal={Journal of the American statistical association},
  volume={75},
  number={371},
  pages={591--593},
  year={1980},
  publisher={JSTOR}
}


@inproceedings{joachims2005accurately,
  title={Accurately Interpreting Clickthrough Data As Implicit Feedback},
  author={Joachims, Thorsten and Granka, Laura and Pan, Bing and Hembrooke, Helene and Gay, Geri},
  booktitle={SIGIR'05},
  pages={154--161},
  year={2005}
}

@article{brand2011impact,
  title={The impact of college education on fertility: Evidence for heterogeneous effects},
  author={Brand, Jennie E and Davis, Dwight},
  journal={Demography},
  volume={48},
  pages={863--887},
  year={2011},
  publisher={Springer}
}

@inproceedings{goldenberg2020free,
  title={Free lunch! retrospective uplift modeling for dynamic promotions recommendation within roi constraints},
  author={Goldenberg, Dmitri and Albert, Javier and Bernardi, Lucas and Estevez, Pablo},
  booktitle={Proceedings of the 14th ACM Conference on Recommender Systems},
  pages={486--491},
  year={2020}
}

@article{kravitz2004evidence,
  title={Evidence-based medicine, heterogeneity of treatment effects, and the trouble with averages},
  author={Kravitz, Richard L and Duan, Naihua and Braslow, Joel},
  journal={The Milbank Quarterly},
  volume={82},
  number={4},
  pages={661--687},
  year={2004},
  publisher={Wiley Online Library}
}

@article{zhao2024learning,
  title={Learning individual treatment effects under heterogeneous interference in networks},
  author={Zhao, Ziyu and Bai, Yuqi and Xiong, Ruoxuan and Cao, Qingyu and Ma, Chao and Jiang, Ning and Wu, Fei and Kuang, Kun},
  journal={ACM Transactions on Knowledge Discovery from Data},
  volume={18},
  number={8},
  pages={1--21},
  year={2024},
  publisher={ACM New York, NY}
}

@article{bokelmann2024improving,
  title={Improving uplift model evaluation on randomized controlled trial data},
  author={Bokelmann, Bj{\"o}rn and Lessmann, Stefan},
  journal={European Journal of Operational Research},
  volume={313},
  number={2},
  pages={691--707},
  year={2024},
  publisher={Elsevier}
}

@article{rossler2022bridging,
  title={Bridging the gap: A systematic benchmarking of uplift modeling and heterogeneous treatment effects methods},
  author={R{\"o}{\ss}ler, Jannik and Schoder, Detlef},
  journal={Journal of Interactive Marketing},
  volume={57},
  number={4},
  pages={629--650},
  year={2022},
  publisher={SAGE Publications Sage CA: Los Angeles, CA}
}

@article{park2024minimum,
  title={Minimum resource threshold policy under partial interference},
  author={Park, Chan and Chen, Guanhua and Yu, Menggang and Kang, Hyunseung},
  journal={Journal of the American Statistical Association},
  volume={119},
  number={548},
  pages={2881--2894},
  year={2024},
  publisher={Taylor \& Francis}
}


@book{mccullagh1989generalized,
  title={Generalized linear models},
  author={Mccullagh, P and Nelder, JA},
  year={1989},
  publisher={CRC press}
}

@book{efron1994introduction,
  title={An introduction to the bootstrap},
  author={Efron, Bradley and Tibshirani, Robert J},
  year={1994},
  publisher={Chapman and Hall/CRC}
}

@article{stefanski2002calculus,
  title={The calculus of M-estimation},
  author={Stefanski, Leonard A and Boos, Dennis D},
  journal={The American Statistician},
  volume={56},
  number={1},
  pages={29--38},
  year={2002},
  publisher={Taylor \& Francis}
}

@article{kunzel2019metalearners,
  title={Metalearners for estimating heterogeneous treatment effects using machine learning},
  author={K{\"u}nzel, S{\"o}ren R and Sekhon, Jasjeet S and Bickel, Peter J and Yu, Bin},
  journal={Proceedings of the national academy of sciences},
  volume={116},
  number={10},
  pages={4156--4165},
  year={2019},
  publisher={National Acad Sciences}
}

@article{wager2018estimation,
  title={Estimation and inference of heterogeneous treatment effects using random forests},
  author={Wager, Stefan and Athey, Susan},
  journal={Journal of the American Statistical Association},
  volume={113},
  number={523},
  pages={1228--1242},
  year={2018},
  publisher={Taylor \& Francis}
}