@Article{Alfayez2023,
    author={Alfayez, Reem and Ding, Yunyan and Winn, Robert and Alfayez, Ghaida and Harman, Christopher and Boehm, Barry},
    title={What is asked about technical debt (TD) on Stack Exchange question-and-answer (Q\&A) websites? An observational study},
    journal={Empirical Software Engineering},
    year={2023},
    pages={35},
    issn={1573-7616},
    doi={10.1007/s10664-022-10269-5},
    publisher={Springer},
    url={https://doi.org/10.1007/s10664-022-10269-5}
}

@article{Alves2016,
  url = {https://doi.org/10.1016/j.infsof.2015.10.008},
  doi = {10.1016/j.infsof.2015.10.008},
  year = {2016},
  pages = {100--121},
  author = {Nicolli S.R. Alves and Thiago S. Mendes and Manoel G. de Mendon{\c{c}}a and Rodrigo O. Sp{\'{\i}}nola and Forrest Shull and Carolyn Seaman},
  title = {Identification and management of technical debt: A systematic mapping study},
  journal = {Information and Software Technology}
}

@misc{Edbert2023,
      title={Exploring Technical Debt in Security Questions on {Stack Overflow}}, 
      author={Joshua Aldrich Edbert and Sahrima Jannat Oishwee and Shubhashis Karmakar and Zadia Codabux and Roberto Verdecchia},
      year={2023},
      eprint={2307.11387},
      archivePrefix={arXiv},
      primaryClass={cs.SE}
}

@inproceedings{Gama2020,
    author = {Gama, Eliakim and Freire, S\'{a}vio and Mendon\c{c}a, Manoel and Sp\'{\i}nola, Rodrigo O. and Paixao, Matheus and Cort\'{e}s, Mariela I.},
    title = {Using {Stack Overflow} to Assess Technical Debt Identification on Software Projects},
    year = {2020},
    isbn = {9781450387538},
    publisher = {Association for Computing Machinery},
    address = {New York, NY, USA},
    url = {https://doi.org/10.1145/3422392.3422429},
    doi = {10.1145/3422392.3422429},
    booktitle = {Proceedings of the XXXIV Brazilian Symposium on Software Engineering},
    pages = {730–739},
    numpages = {10},
    keywords = {Indicators, Mining Software Repositories, Stack Overflow, Technical Debt},
    location = {Natal, Brazil},
    series = {SBES '20}
}

@inproceedings{Guo2011,
author = {Guo, Yuepu and Seaman, Carolyn},
title = {A Portfolio Approach to Technical Debt Management},
year = {2011},
publisher = {Association for Computing Machinery},
url = {https://doi.org/10.1145/1985362.1985370},
doi = {10.1145/1985362.1985370},
booktitle = {Proceedings of the 2nd Workshop on Managing Technical Debt {(MTD '11)}},
pages = {31–34},
address = {Waikiki, HI, USA},
}

@inproceedings{Kozanidis2022,
    author = {Kozanidis, Nicholas and Verdecchia, Roberto and Guzman, Emitza},
    title = {Asking about Technical Debt: Characteristics and Automatic Identification of Technical Debt Questions on {Stack Overflow}},
    year = {2022},
    isbn = {9781450394277},
    publisher = {Association for Computing Machinery},
    address = {New York, NY, USA},
    url = {https://doi.org/10.1145/3544902.3546245},
    doi = {10.1145/3544902.3546245},
    booktitle = {Proceedings of the 16th ACM / IEEE International Symposium on Empirical Software Engineering and Measurement},
    pages = {45–56},
    numpages = {12},
    location = {Helsinki, Finland},
    series = {ESEM '22}
}

@article{Li2015,
  doi = {10.1016/j.jss.2014.12.027},
  url = {https://doi.org/10.1016/j.jss.2014.12.027},
  year = {2015},
  pages = {193--220},
  author = {Zengyang Li and Paris Avgeriou and Peng Liang},
  title = {A systematic mapping study on technical debt and its management},
  journal = {Journal of Systems and Software}
}

@INPROCEEDINGS{McGregor2012, 
author={McGregor, John D. and Monteith, J. Yates and Zhang, Jie},  
booktitle={Proceedings of the 3rd International Workshop on Managing Technical Debt {(MTD'12)}}, 
title={Technical debt aggregation in ecosystems},   
year={2012},
pages={27-30},
doi={10.1109/MTD.2012.6225996},
url = {https://doi.org/10.1109/MTD.2012.6225996},
address = {Zurich, Switzerland}
}

@Article{Peruma2021,
    author={Peruma, Anthony
    and Simmons, Steven
    and AlOmar, Eman Abdullah
    and Newman, Christian D.
    and Mkaouer, Mohamed Wiem
    and Ouni, Ali},
    title={How do i refactor this? An empirical study on refactoring trends and topics in {Stack Overflow}},
    journal={Empirical Software Engineering},
    year={2021},
    month={Oct},
    day={23},
    volume={27},
    number={1},
    pages={11},
    issn={1573-7616},
    doi={10.1007/s10664-021-10045-x},
    url={https://doi.org/10.1007/s10664-021-10045-x}
}

@InProceedings{Santos2013,
author="dos Santos, Paulo S{\'e}rgio Medeiros
and Varella, Amanda
and Dantas, Cristine Ribeiro
and Borges, Daniel Beltr{\~a}o",
title="Visualizing and Managing Technical Debt in Agile Development: An Experience Report",
booktitle="Proceedings of the 14th International Conference on Agile Software Development and Extreme Programming {(XP'13)}",
year="2013",
address="Viena, Austria",
pages="121--134",
doi = {10.1007/978-3-642-38314-4_9},
url = {https://doi.org/10.1007/978-3-642-38314-4_9
}}

@inproceedings{Santos2022,
    author = {Santos, Eder Pereira and Gomes, Felipe and Freire, S\'{a}vio and Mendon\c{c}a, Manoel and Mendes, Thiago Souto and Sp\'{\i}nola, Rodrigo},
    title = {Technical Debt on Agile Projects: Managers’ point of view at Stack Exchange},
    year = {2023},
    isbn = {9781450399999},
    publisher = {Association for Computing Machinery},
    address = {New York, NY, USA},
    url = {https://doi.org/10.1145/3571473.3571500},
    doi = {10.1145/3571473.3571500},
    booktitle = {Proceedings of the XXI Brazilian Symposium on Software Quality},
    articleno = {20},
    numpages = {9},
    keywords = {Agile software development, Project management practitioners, Stack Exchange, Technical debt},
    series = {SBQS '22}
}

