@article{frizzi2021convolutional,
  title={Convolutional Neural Network for Smoke and Fire Semantic Segmentation},
  author={Frizzi, Sebastien and Bouchouicha, Moez and Ginoux, Jean-Marc and Moreau, Eric and Sayadi, Mounir},
  journal={IET Image Processing},
  volume={15},
  number={3},
  pages={634--647},
  year={2021},
  publisher={Wiley Online Library}
}

@article{howard2017mobilenets,
  title={MobileNets: Efficient Convolutional Neural Networks for Mobile Vision Applications},
  author={Howard, Andrew G},
  journal={arXiv preprint arXiv:1704.04861},
  year={2017}
}

@inproceedings{li2019dfanet,
  title={DFANet: Deep Feature Aggregation for Real-Time Semantic Segmentation},
  author={Li, Hanchao and Xiong, Pengfei and Fan, Haoqiang and Sun, Jian},
  booktitle={Proceedings of the IEEE/CVF Conference on Computer Vision and Pattern Recognition},
  pages={9522--9531},
  year={2019}
}

@article{mehta2022separable,
  title={Separable Self-Attention for Mobile Vision Transformers},
  author={Mehta, Sachin and Rastegari, Mohammad},
  journal={arXiv preprint arXiv:2206.02680},
  year={2022}
}

@article{oktay2018attention,
  title={Attention U-Net: Learning Where to Look for the Pancreas},
  author={Oktay, Ozan},
  journal={arXiv preprint arXiv:1804.03999},
  year={2018}
}

@article{romera2017erfnet,
  title={ERFNet: Efficient Residual Factorized Convnet for Real-Time Semantic Segmentation},
  author={Romera, Eduardo and Alvarez, Jos{\'e} M and Bergasa, Luis M and Arroyo, Roberto},
  journal={IEEE Transactions on Intelligent Transportation Systems},
  volume={19},
  number={1},
  pages={263--272},
  year={2017},
  publisher={IEEE}
}

@inproceedings{ronneberger2015u,
  title={U-Net: Convolutional Networks for Biomedical Image Segmentation},
  author={Ronneberger, Olaf and Fischer, Philipp and Brox, Thomas},
  booktitle={Medical Image Computing and Computer-Assisted Intervention--MICCAI 2015: 18th international conference, Munich, Germany, October 5-9, 2015, proceedings, part III 18},
  pages={234--241},
  year={2015},
  organization={Springer}
}

@inproceedings{ruan2022malunet,
  title={MALUNet: A Multi-Attention and Light-weight UNet for Skin Lesion Segmentation},
  author={Ruan, Jiacheng and Xiang, Suncheng and Xie, Mingye and Liu, Ting and Fu, Yuzhuo},
  booktitle={2022 IEEE International Conference on Bioinformatics and Biomedicine (BIBM)},
  pages={1150--1156},
  year={2022},
  organization={IEEE}
}

@inproceedings{tan2019efficientnet,
  title={EfficientNet: Rethinking Model Scaling for Convolutional Neural Networks},
  author={Tan, Mingxing and Le, Quoc},
  booktitle={International Conference on Machine Learning},
  pages={6105--6114},
  year={2019},
  organization={PMLR}
}

@inproceedings{valanarasu2022unext,
  title={UNeXt: MLP-based Rapid Medical Image Segmentation Network},
  author={Valanarasu, Jeya Maria Jose and Patel, Vishal M},
  booktitle={International Conference on Medical Image Computing and Computer-Assisted Intervention},
  pages={23--33},
  year={2022},
  organization={Springer}
}

@inproceedings{wang2019lednet,
  title={LEDNet: A Lightweight Encoder-Decoder Network for Real-Time Semantic Segmentation},
  author={Wang, Yu and Zhou, Quan and Liu, Jia and Xiong, Jian and Gao, Guangwei and Wu, Xiaofu and Latecki, Longin Jan},
  booktitle={2019 IEEE International Conference on Image Processing (ICIP)},
  pages={1860--1864},
  year={2019},
  organization={IEEE}
}

@article{wu2020cgnet,
  title={CGNet: A Light-weight Context Guided Network for Semantic Segmentation},
  author={Wu, Tianyi and Tang, Sheng and Zhang, Rui and Cao, Juan and Zhang, Yongdong},
  journal={IEEE Transactions on Image Processing},
  volume={30},
  pages={1169--1179},
  year={2020},
  publisher={IEEE}
}

@article{yuan2019deep,
  title={Deep Smoke Segmentation},
  author={Yuan, Feiniu and Zhang, Lin and Xia, Xue and Wan, Boyang and Huang, Qinghua and Li, Xuelong},
  journal={Neurocomputing},
  volume={357},
  pages={248--260},
  year={2019},
  publisher={Elsevier}
}

@article{yuan2023lightweight,
  title={A Lightweight Network for Smoke Semantic Segmentation},
  author={Yuan, Feiniu and Li, Kang and Wang, Chunmei and Fang, Zhijun},
  journal={Pattern Recognition},
  volume={137},
  pages={109289},
  year={2023},
  publisher={Elsevier}
}

@inproceedings{zhang2018shufflenet,
  title={ShuffleNet: An Extremely Efficient Convolutional Neural Network for Mobile Devices},
  author={Zhang, Xiangyu and Zhou, Xinyu and Lin, Mengxiao and Sun, Jian},
  booktitle={Proceedings of the IEEE Conference on Computer Vision and Pattern Recognition},
  pages={6848--6856},
  year={2018}
}

@inproceedings{zhou2018unet++,
  title={UNet++: A Nested U-Net Architecture for Medical Image Segmentation},
  author={Zhou, Zongwei and Rahman Siddiquee, Md Mahfuzur and Tajbakhsh, Nima and Liang, Jianming},
  booktitle={Deep Learning in Medical Image Analysis and Multimodal Learning for Clinical Decision Support: 4th International Workshop, DLMIA 2018, and 8th International Workshop, ML-CDS 2018, Held in Conjunction with MICCAI 2018, Granada, Spain, September 20, 2018, Proceedings 4},
  pages={3--11},
  year={2018},
  organization={Springer}
}

