@article{ramjee2024cataractbot,
  title={CataractBot: an LLM-powered expert-in-the-loop chatbot for cataract patients},
  author={Ramjee, Pragnya and Sachdeva, Bhuvan and Golechha, Satvik and Kulkarni, Shreyas and Fulari, Geeta and Murali, Kaushik and Jain, Mohit},
  journal={arXiv preprint arXiv:2402.04620},
  year={2024}
}

