@String(PAMI = {IEEE Trans. Pattern Anal. Mach. Intell.})
@String(IJCV = {Int. J. Comput. Vis.})
@String(CVPR= {IEEE Conf. Comput. Vis. Pattern Recog.})
@String(ICCV= {Int. Conf. Comput. Vis.})
@String(ECCV= {Eur. Conf. Comput. Vis.})
@String(NIPS= {Adv. Neural Inform. Process. Syst.})
@String(ICPR = {Int. Conf. Pattern Recog.})
@String(BMVC= {Brit. Mach. Vis. Conf.})
@String(TOG= {ACM Trans. Graph.})
@String(TIP  = {IEEE Trans. Image Process.})
@String(TVCG  = {IEEE Trans. Vis. Comput. Graph.})
@String(TMM  = {IEEE Trans. Multimedia})
@String(ACMMM= {ACM Int. Conf. Multimedia})
@String(ICME = {Int. Conf. Multimedia and Expo})
@String(ICASSP=	{ICASSP})
@String(ICIP = {IEEE Int. Conf. Image Process.})
@String(ACCV  = {ACCV})
@String(ICLR = {Int. Conf. Learn. Represent.})
@String(IJCAI = {IJCAI})
@String(PR   = {Pattern Recognition})
@String(AAAI = {AAAI})
@String(CVPRW= {IEEE Conf. Comput. Vis. Pattern Recog. Worksh.})
@String(CSVT = {IEEE Trans. Circuit Syst. Video Technol.})

@String(SPL	= {IEEE Sign. Process. Letters})
@String(VR   = {Vis. Res.})
@String(JOV	 = {J. Vis.})
@String(TVC  = {The Vis. Comput.})
@String(JCST  = {J. Comput. Sci. Tech.})
@String(CGF  = {Comput. Graph. Forum})
@String(CVM = {Computational Visual Media})


@String(PAMI  = {IEEE TPAMI})
@String(IJCV  = {IJCV})
@String(CVPR  = {CVPR})
@String(ICCV  = {ICCV})
@String(ECCV  = {ECCV})
@String(NIPS  = {NeurIPS})
@String(ICPR  = {ICPR})
@String(BMVC  =	{BMVC})
@String(TOG   = {ACM TOG})
@String(TIP   = {IEEE TIP})
@String(TVCG  = {IEEE TVCG})
@String(TCSVT = {IEEE TCSVT})
@String(TMM   =	{IEEE TMM})
@String(ACMMM = {ACM MM})
@String(ICME  =	{ICME})
@String(ICASSP=	{ICASSP})
@String(ICIP  = {ICIP})
@String(ACCV  = {ACCV})
@String(ICLR  = {ICLR})
@String(IJCAI = {IJCAI})
@String(PR = {PR})
@String(AAAI = {AAAI})
@String(CVPRW= {CVPRW})
@String(CSVT = {IEEE TCSVT})

@article{vae,
  title={Auto-encoding variational bayes},
  author={Kingma, Diederik P and Welling, Max},
  journal={arXiv preprint arXiv:1312.6114},
  year={2013}
}

@article{ddim,
  title={Denoising Diffusion Implicit Models},
  author={Song, Jiaming and Meng, Chenlin and Ermon, Stefano},
  journal={ICLR},
  year={2021},
  month={October},
  url={https://arxiv.org/abs/2010.02502}
}

@article{diffusion,
  title={Denoising diffusion probabilistic models},
  author={Ho, Jonathan and Jain, Ajay and Abbeel, Pieter},
  journal={Advances in neural information processing systems},
  volume={33},
  pages={6840--6851},
  year={2020}
}

@article{rulebase1,
  title={Toward benchmarking of microscopic traffic flow models},
  author={Brockfeld, Elmar and K{\"u}hne, Reinhart D and Skabardonis, Alexander and Wagner, Peter},
  journal={Transportation research record},
  volume={1852},
  number={1},
  pages={124--129},
  year={2003},
  publisher={SAGE Publications Sage CA: Los Angeles, CA}
}

@article{learningbase1,
  title={Multipath: Multiple probabilistic anchor trajectory hypotheses for behavior prediction},
  author={Chai, Yuning and Sapp, Benjamin and Bansal, Mayank and Anguelov, Dragomir},
  journal={arXiv preprint arXiv:1910.05449},
  year={2019}
}

@inproceedings{learningbase2,
  title={Scept: Scene-consistent, policy-based trajectory predictions for planning},
  author={Chen, Yuxiao and Ivanovic, Boris and Pavone, Marco},
  booktitle={Proceedings of the IEEE/CVF Conference on Computer Vision and Pattern Recognition},
  pages={17103--17112},
  year={2022}
}

@inproceedings{learningbase3,
  title={Trajectron++: Dynamically-feasible trajectory forecasting with heterogeneous data},
  author={Salzmann, Tim and Ivanovic, Boris and Chakravarty, Punarjay and Pavone, Marco},
  booktitle={Computer Vision--ECCV 2020: 16th European Conference, Glasgow, UK, August 23--28, 2020, Proceedings, Part XVIII 16},
  pages={683--700},
  year={2020},
  organization={Springer}
}

@inproceedings{rulebase2,
  title={Microscopic traffic simulation using sumo},
  author={Lopez, Pablo Alvarez and Behrisch, Michael and Bieker-Walz, Laura and Erdmann, Jakob and Fl{\"o}tter{\"o}d, Yun-Pang and Hilbrich, Robert and L{\"u}cken, Leonhard and Rummel, Johannes and Wagner, Peter and Wie{\ss}ner, Evamarie},
  booktitle={2018 21st international conference on intelligent transportation systems (ITSC)},
  pages={2575--2582},
  year={2018},
  organization={IEEE}
}

@inproceedings{metricsrefer,
  title={Bits: Bi-level imitation for traffic simulation},
  author={Xu, Danfei and Chen, Yuxiao and Ivanovic, Boris and Pavone, Marco},
  booktitle={2023 IEEE International Conference on Robotics and Automation (ICRA)},
  pages={2929--2936},
  year={2023},
  organization={IEEE}
}

@inproceedings{nuscenes,
  title={nuscenes: A multimodal dataset for autonomous driving},
  author={Caesar, Holger and Bankiti, Varun and Lang, Alex H and Vora, Sourabh and Liong, Venice Erin and Xu, Qiang and Krishnan, Anush and Pan, Yu and Baldan, Giancarlo and Beijbom, Oscar},
  booktitle={Proceedings of the IEEE/CVF conference on computer vision and pattern recognition},
  pages={11621--11631},
  year={2020}
}

@article{intro1,
  title={Driving to safety: How many miles of driving would it take to demonstrate autonomous vehicle reliability?},
  author={Kalra, Nidhi and Paddock, Susan M},
  journal={Transportation Research Part A: Policy and Practice},
  volume={94},
  pages={182--193},
  year={2016},
  publisher={Elsevier}
}

@article{ditrefer,
  title={Accurate, large minibatch sgd: Training imagenet in 1 hour},
  author={Goyal, Priya and Doll{\'a}r, Piotr and Girshick, Ross and Noordhuis, Pieter and Wesolowski, Lukasz and Kyrola, Aapo and Tulloch, Andrew and Jia, Yangqing and He, Kaiming},
  journal={arXiv preprint arXiv:1706.02677},
  year={2017}
}

@article{review,
  title={Data-driven Traffic Simulation: A Comprehensive Review},
  author={Chen, Di and Zhu, Meixin and Yang, Hao and Wang, Xuesong and Wang, Yinhai},
  journal={arXiv preprint arXiv:2310.15975},
  year={2023}
}

@inproceedings{strive,
  title={Generating useful accident-prone driving scenarios via a learned traffic prior},
  author={Rempe, Davis and Philion, Jonah and Guibas, Leonidas J and Fidler, Sanja and Litany, Or},
  booktitle={Proceedings of the IEEE/CVF Conference on Computer Vision and Pattern Recognition},
  pages={17305--17315},
  year={2022}
}

@inproceedings{ctg,
  title={Guided conditional diffusion for controllable traffic simulation},
  author={Zhong, Ziyuan and Rempe, Davis and Xu, Danfei and Chen, Yuxiao and Veer, Sushant and Che, Tong and Ray, Baishakhi and Pavone, Marco},
  booktitle={2023 IEEE International Conference on Robotics and Automation (ICRA)},
  pages={3560--3566},
  year={2023},
  organization={IEEE}
}

@inproceedings{trace,
  title={Trace and Pace: Controllable Pedestrian Animation via Guided Trajectory Diffusion},
  author={Rempe, Davis and Luo, Zhengyi and Bin Peng, Xue and Yuan, Ye and Kitani, Kris and Kreis, Karsten and Fidler, Sanja and Litany, Or},
  booktitle={Proceedings of the IEEE/CVF Conference on Computer Vision and Pattern Recognition},
  pages={13756--13766},
  year={2023}
}

@article{navigate,
  title={A Diffusion-Model of Joint Interactive Navigation},
  author={Niedoba, Matthew and Lavington, Jonathan and Liu, Yunpeng and Lioutas, Vasileios and Sefas, Justice and Liang, Xiaoxuan and Green, Dylan and Dabiri, Setareh and Zwartsenberg, Berend and Scibior, Adam and others},
  journal={Advances in Neural Information Processing Systems},
  volume={36},
  year={2024}
}

@inproceedings{motiondiffuser,
  title={MotionDiffuser: Controllable Multi-Agent Motion Prediction using Diffusion},
  author={Jiang, Chiyu and Cornman, Andre and Park, Cheolho and Sapp, Benjamin and Zhou, Yin and Anguelov, Dragomir and others},
  booktitle={Proceedings of the IEEE/CVF Conference on Computer Vision and Pattern Recognition},
  pages={9644--9653},
  year={2023}
}

@article{diffuser,
  title={Planning with diffusion for flexible behavior synthesis},
  author={Janner, Michael and Du, Yilun and Tenenbaum, Joshua B and Levine, Sergey},
  journal={arXiv preprint arXiv:2205.09991},
  year={2022}
}

@inproceedings{dit,
  title={Scalable diffusion models with transformers},
  author={Peebles, William and Xie, Saining},
  booktitle={Proceedings of the IEEE/CVF International Conference on Computer Vision},
  pages={4195--4205},
  year={2023}
}

@article{classifierfree,
  title={Classifier-free diffusion guidance},
  author={Ho, Jonathan and Salimans, Tim},
  journal={arXiv preprint arXiv:2207.12598},
  year={2022}
}

@inproceedings{universal,
  title={Universal guidance for diffusion models},
  author={Bansal, Arpit and Chu, Hong-Min and Schwarzschild, Avi and Sengupta, Soumyadip and Goldblum, Micah and Geiping, Jonas and Goldstein, Tom},
  booktitle={Proceedings of the IEEE/CVF Conference on Computer Vision and Pattern Recognition},
  pages={843--852},
  year={2023}
}

@article{dpo,
  title={Direct preference optimization: Your language model is secretly a reward model},
  author={Rafailov, Rafael and Sharma, Archit and Mitchell, Eric and Manning, Christopher D and Ermon, Stefano and Finn, Chelsea},
  journal={Advances in Neural Information Processing Systems},
  volume={36},
  year={2024}
}

@article{trafficRLHF,
  title={Reinforcement Learning with Human Feedback for Realistic Traffic Simulation},
  author={Cao, Yulong and Ivanovic, Boris and Xiao, Chaowei and Pavone, Marco},
  journal={arXiv preprint arXiv:2309.00709},
  year={2023}
}

@article{diffusionDPO,
  title={Diffusion model alignment using direct preference optimization},
  author={Wallace, Bram and Dang, Meihua and Rafailov, Rafael and Zhou, Linqi and Lou, Aaron and Purushwalkam, Senthil and Ermon, Stefano and Xiong, Caiming and Joty, Shafiq and Naik, Nikhil},
  journal={arXiv preprint arXiv:2311.12908},
  year={2023}
}

@article{d3po,
  title={Using Human Feedback to Fine-tune Diffusion Models without Any Reward Model},
  author={Yang, Kai and Tao, Jian and Lyu, Jiafei and Ge, Chunjiang and Chen, Jiaxin and Li, Qimai and Shen, Weihan and Zhu, Xiaolong and Li, Xiu},
  journal={arXiv preprint arXiv:2311.13231},
  year={2023}
}

@inproceedings{taskconditional,
  title={Task switching network for multi-task learning},
  author={Sun, Guolei and Probst, Thomas and Paudel, Danda Pani and Popovi{\'c}, Nikola and Kanakis, Menelaos and Patel, Jagruti and Dai, Dengxin and Van Gool, Luc},
  booktitle={Proceedings of the IEEE/CVF international conference on computer vision},
  pages={8291--8300},
  year={2021}
}

@article{traffcdiffusion1,
  title={SceneDM: Scene-level multi-agent trajectory generation with consistent diffusion models},
  author={Guo, Zhiming and Gao, Xing and Zhou, Jianlan and Cai, Xinyu and Shi, Botian},
  journal={arXiv preprint arXiv:2311.15736},
  year={2023}
}

@article{trafficdiffusion2,
  title={Generating Driving Scenes with Diffusion},
  author={Pronovost, Ethan and Wang, Kai and Roy, Nick},
  journal={arXiv preprint arXiv:2305.18452},
  year={2023}
}

@article{trafficdiffusion3,
  title={Scenario Diffusion: Controllable Driving Scenario Generation With Diffusion},
  author={Pronovost, Ethan and Ganesina, Meghana Reddy and Hendy, Noureldin and Wang, Zeyu and Morales, Andres and Wang, Kai and Roy, Nick},
  journal={Advances in Neural Information Processing Systems},
  volume={36},
  year={2024}
}

@inproceedings{trafficdiffusion4,
  title={Diffscene: Diffusion-based safety-critical scenario generation for autonomous vehicles},
  author={Xu, Chejian and Zhao, Ding and Sangiovanni-Vincentelli, Alberto and Li, Bo},
  booktitle={The Second Workshop on New Frontiers in Adversarial Machine Learning},
  year={2023}
}

@article{ctg+llm,
  title={Language-Guided Traffic Simulation via Scene-Level Diffusion},
  author={Zhong, Ziyuan and Rempe, Davis and Chen, Yuxiao and Ivanovic, Boris and Cao, Yulong and Xu, Danfei and Pavone, Marco and Ray, Baishakhi},
  journal={arXiv preprint arXiv:2306.06344},
  year={2023}
}

@article{multitaskdiffusionfinetuning,
  title={Parameter-efficient multi-task fine-tuning for transformers via shared hypernetworks},
  author={Mahabadi, Rabeeh Karimi and Ruder, Sebastian and Dehghani, Mostafa and Henderson, James},
  journal={arXiv preprint arXiv:2106.04489},
  year={2021}
}

@article{realgen,
  title={RealGen: Retrieval Augmented Generation for Controllable Traffic Scenarios},
  author={Ding, Wenhao and Cao, Yulong and Zhao, Ding and Xiao, Chaowei and Pavone, Marco},
  journal={arXiv preprint arXiv:2312.13303},
  year={2023}
}

@inproceedings{king,
  title={King: Generating safety-critical driving scenarios for robust imitation via kinematics gradients},
  author={Hanselmann, Niklas and Renz, Katrin and Chitta, Kashyap and Bhattacharyya, Apratim and Geiger, Andreas},
  booktitle={European Conference on Computer Vision},
  pages={335--352},
  year={2022},
  organization={Springer}
}

@inproceedings{fine-tuning1,
  title={Dreambooth: Fine tuning text-to-image diffusion models for subject-driven generation},
  author={Ruiz, Nataniel and Li, Yuanzhen and Jampani, Varun and Pritch, Yael and Rubinstein, Michael and Aberman, Kfir},
  booktitle={Proceedings of the IEEE/CVF Conference on Computer Vision and Pattern Recognition},
  pages={22500--22510},
  year={2023}
}

@article{fine-tuning2,
  title={An image is worth one word: Personalizing text-to-image generation using textual inversion},
  author={Gal, Rinon and Alaluf, Yuval and Atzmon, Yuval and Patashnik, Or and Bermano, Amit H and Chechik, Gal and Cohen-Or, Daniel},
  journal={arXiv preprint arXiv:2208.01618},
  year={2022}
}

@inproceedings{fine-tuning3,
  title={Adding conditional control to text-to-image diffusion models},
  author={Zhang, Lvmin and Rao, Anyi and Agrawala, Maneesh},
  booktitle={Proceedings of the IEEE/CVF International Conference on Computer Vision},
  pages={3836--3847},
  year={2023}
}

@misc{fine-tuning4,
  title={Low-rank adaptation for fast text-to-image diffusion fine-tuning},
  author={Ryu, Simo},
  year={2023}
}

@article{fine-tuning5,
  title={Svdiff: Compact parameter space for diffusion fine-tuning},
  author={Han, Ligong and Li, Yinxiao and Zhang, Han and Milanfar, Peyman and Metaxas, Dimitris and Yang, Feng},
  journal={arXiv preprint arXiv:2303.11305},
  year={2023}
}

@article{diffusionrlhf,
  title={AlignDiff: Aligning Diverse Human Preferences via Behavior-Customisable Diffusion Model},
  author={Dong, Zibin and Yuan, Yifu and Hao, Jianye and Ni, Fei and Mu, Yao and Zheng, Yan and Hu, Yujing and Lv, Tangjie and Fan, Changjie and Hu, Zhipeng},
  journal={arXiv preprint arXiv:2310.02054},
  year={2023}
}

@article{video-diffusion-model,
  title={Video Diffusion Models}, 
  author={Jonathan Ho and Tim Salimans and Alexey Gritsenko and William Chan and Mohammad Norouzi and David J. Fleet},
  journal={arXiv preprint arXiv:2204.03458},
  year={2022}
}

@inbook{luca1988feedback,
  author={Luca, A. D. and Oriolo, G. and Samson, C.},
  title={Feedback Control of a Nonholonomic Car-Like Robot},
  pages={171--249},
  publisher={Springer},
  address={Berlin, Germany},
  year={1988}
}

@inproceedings{improved,
  title={Improved denoising diffusion probabilistic models},
  author={Nichol, Alexander Quinn and Dhariwal, Prafulla},
  booktitle={International Conference on Machine Learning},
  pages={8162--8171},
  year={2021},
  organization={PMLR}
}

@inproceedings{scenecontrol,
  title={SceneControl: Diffusion for Controllable Traffic Scene Generation},
  author={Lu, Jack and Wong, Kelvin and Zhang, Chris and Suo, Simon and Urtasun, Raquel},
  booktitle={2024 IEEE International Conference on Robotics and Automation (ICRA)},
  pages={16908--16914},
  year={2024},
  organization={IEEE}
}