@article{diffuser,
  title={Planning with diffusion for flexible behavior synthesis},
  author={Janner, Michael and Du, Yilun and Tenenbaum, Joshua B and Levine, Sergey},
  journal={arXiv preprint arXiv:2205.09991},
  year={2022}
}

@article{diffusion,
  title={Denoising diffusion probabilistic models},
  author={Ho, Jonathan and Jain, Ajay and Abbeel, Pieter},
  journal={Advances in neural information processing systems},
  volume={33},
  pages={6840--6851},
  year={2020}
}

@article{diffusionDPO,
  title={Diffusion model alignment using direct preference optimization},
  author={Wallace, Bram and Dang, Meihua and Rafailov, Rafael and Zhou, Linqi and Lou, Aaron and Purushwalkam, Senthil and Ermon, Stefano and Xiong, Caiming and Joty, Shafiq and Naik, Nikhil},
  journal={arXiv preprint arXiv:2311.12908},
  year={2023}
}

@article{diffusionrlhf,
  title={AlignDiff: Aligning Diverse Human Preferences via Behavior-Customisable Diffusion Model},
  author={Dong, Zibin and Yuan, Yifu and Hao, Jianye and Ni, Fei and Mu, Yao and Zheng, Yan and Hu, Yujing and Lv, Tangjie and Fan, Changjie and Hu, Zhipeng},
  journal={arXiv preprint arXiv:2310.02054},
  year={2023}
}

@article{dpo,
  title={Direct preference optimization: Your language model is secretly a reward model},
  author={Rafailov, Rafael and Sharma, Archit and Mitchell, Eric and Manning, Christopher D and Ermon, Stefano and Finn, Chelsea},
  journal={Advances in Neural Information Processing Systems},
  volume={36},
  year={2024}
}

@inproceedings{fine-tuning1,
  title={Dreambooth: Fine tuning text-to-image diffusion models for subject-driven generation},
  author={Ruiz, Nataniel and Li, Yuanzhen and Jampani, Varun and Pritch, Yael and Rubinstein, Michael and Aberman, Kfir},
  booktitle={Proceedings of the IEEE/CVF Conference on Computer Vision and Pattern Recognition},
  pages={22500--22510},
  year={2023}
}

@article{fine-tuning2,
  title={An image is worth one word: Personalizing text-to-image generation using textual inversion},
  author={Gal, Rinon and Alaluf, Yuval and Atzmon, Yuval and Patashnik, Or and Bermano, Amit H and Chechik, Gal and Cohen-Or, Daniel},
  journal={arXiv preprint arXiv:2208.01618},
  year={2022}
}

@inproceedings{fine-tuning3,
  title={Adding conditional control to text-to-image diffusion models},
  author={Zhang, Lvmin and Rao, Anyi and Agrawala, Maneesh},
  booktitle={Proceedings of the IEEE/CVF International Conference on Computer Vision},
  pages={3836--3847},
  year={2023}
}

@misc{fine-tuning4,
  title={Low-rank adaptation for fast text-to-image diffusion fine-tuning},
  author={Ryu, Simo},
  year={2023}
}

@article{fine-tuning5,
  title={Svdiff: Compact parameter space for diffusion fine-tuning},
  author={Han, Ligong and Li, Yinxiao and Zhang, Han and Milanfar, Peyman and Metaxas, Dimitris and Yang, Feng},
  journal={arXiv preprint arXiv:2303.11305},
  year={2023}
}

@inproceedings{king,
  title={King: Generating safety-critical driving scenarios for robust imitation via kinematics gradients},
  author={Hanselmann, Niklas and Renz, Katrin and Chitta, Kashyap and Bhattacharyya, Apratim and Geiger, Andreas},
  booktitle={European Conference on Computer Vision},
  pages={335--352},
  year={2022},
  organization={Springer}
}

@article{learningbase1,
  title={Multipath: Multiple probabilistic anchor trajectory hypotheses for behavior prediction},
  author={Chai, Yuning and Sapp, Benjamin and Bansal, Mayank and Anguelov, Dragomir},
  journal={arXiv preprint arXiv:1910.05449},
  year={2019}
}

@inproceedings{learningbase2,
  title={Scept: Scene-consistent, policy-based trajectory predictions for planning},
  author={Chen, Yuxiao and Ivanovic, Boris and Pavone, Marco},
  booktitle={Proceedings of the IEEE/CVF Conference on Computer Vision and Pattern Recognition},
  pages={17103--17112},
  year={2022}
}

@inproceedings{learningbase3,
  title={Trajectron++: Dynamically-feasible trajectory forecasting with heterogeneous data},
  author={Salzmann, Tim and Ivanovic, Boris and Chakravarty, Punarjay and Pavone, Marco},
  booktitle={Computer Vision--ECCV 2020: 16th European Conference, Glasgow, UK, August 23--28, 2020, Proceedings, Part XVIII 16},
  pages={683--700},
  year={2020},
  organization={Springer}
}

@inproceedings{motiondiffuser,
  title={MotionDiffuser: Controllable Multi-Agent Motion Prediction using Diffusion},
  author={Jiang, Chiyu and Cornman, Andre and Park, Cheolho and Sapp, Benjamin and Zhou, Yin and Anguelov, Dragomir and others},
  booktitle={Proceedings of the IEEE/CVF Conference on Computer Vision and Pattern Recognition},
  pages={9644--9653},
  year={2023}
}

@article{multitaskdiffusionfinetuning,
  title={Parameter-efficient multi-task fine-tuning for transformers via shared hypernetworks},
  author={Mahabadi, Rabeeh Karimi and Ruder, Sebastian and Dehghani, Mostafa and Henderson, James},
  journal={arXiv preprint arXiv:2106.04489},
  year={2021}
}

@article{navigate,
  title={A Diffusion-Model of Joint Interactive Navigation},
  author={Niedoba, Matthew and Lavington, Jonathan and Liu, Yunpeng and Lioutas, Vasileios and Sefas, Justice and Liang, Xiaoxuan and Green, Dylan and Dabiri, Setareh and Zwartsenberg, Berend and Scibior, Adam and others},
  journal={Advances in Neural Information Processing Systems},
  volume={36},
  year={2024}
}

@inproceedings{nuscenes,
  title={nuscenes: A multimodal dataset for autonomous driving},
  author={Caesar, Holger and Bankiti, Varun and Lang, Alex H and Vora, Sourabh and Liong, Venice Erin and Xu, Qiang and Krishnan, Anush and Pan, Yu and Baldan, Giancarlo and Beijbom, Oscar},
  booktitle={Proceedings of the IEEE/CVF conference on computer vision and pattern recognition},
  pages={11621--11631},
  year={2020}
}

@article{rulebase1,
  title={Toward benchmarking of microscopic traffic flow models},
  author={Brockfeld, Elmar and K{\"u}hne, Reinhart D and Skabardonis, Alexander and Wagner, Peter},
  journal={Transportation research record},
  volume={1852},
  number={1},
  pages={124--129},
  year={2003},
  publisher={SAGE Publications Sage CA: Los Angeles, CA}
}

@inproceedings{rulebase2,
  title={Microscopic traffic simulation using sumo},
  author={Lopez, Pablo Alvarez and Behrisch, Michael and Bieker-Walz, Laura and Erdmann, Jakob and Fl{\"o}tter{\"o}d, Yun-Pang and Hilbrich, Robert and L{\"u}cken, Leonhard and Rummel, Johannes and Wagner, Peter and Wie{\ss}ner, Evamarie},
  booktitle={2018 21st international conference on intelligent transportation systems (ITSC)},
  pages={2575--2582},
  year={2018},
  organization={IEEE}
}

@inproceedings{trace,
  title={Trace and Pace: Controllable Pedestrian Animation via Guided Trajectory Diffusion},
  author={Rempe, Davis and Luo, Zhengyi and Bin Peng, Xue and Yuan, Ye and Kitani, Kris and Kreis, Karsten and Fidler, Sanja and Litany, Or},
  booktitle={Proceedings of the IEEE/CVF Conference on Computer Vision and Pattern Recognition},
  pages={13756--13766},
  year={2023}
}

@article{traffcdiffusion1,
  title={SceneDM: Scene-level multi-agent trajectory generation with consistent diffusion models},
  author={Guo, Zhiming and Gao, Xing and Zhou, Jianlan and Cai, Xinyu and Shi, Botian},
  journal={arXiv preprint arXiv:2311.15736},
  year={2023}
}

@article{trafficdiffusion2,
  title={Generating Driving Scenes with Diffusion},
  author={Pronovost, Ethan and Wang, Kai and Roy, Nick},
  journal={arXiv preprint arXiv:2305.18452},
  year={2023}
}

@article{trafficdiffusion3,
  title={Scenario Diffusion: Controllable Driving Scenario Generation With Diffusion},
  author={Pronovost, Ethan and Ganesina, Meghana Reddy and Hendy, Noureldin and Wang, Zeyu and Morales, Andres and Wang, Kai and Roy, Nick},
  journal={Advances in Neural Information Processing Systems},
  volume={36},
  year={2024}
}

@inproceedings{trafficdiffusion4,
  title={Diffscene: Diffusion-based safety-critical scenario generation for autonomous vehicles},
  author={Xu, Chejian and Zhao, Ding and Sangiovanni-Vincentelli, Alberto and Li, Bo},
  booktitle={The Second Workshop on New Frontiers in Adversarial Machine Learning},
  year={2023}
}

@article{vae,
  title={Auto-encoding variational bayes},
  author={Kingma, Diederik P and Welling, Max},
  journal={arXiv preprint arXiv:1312.6114},
  year={2013}
}

