%%
%% IEEEfull.bib
%% 
%% BibTeX bibliography string definitions of the FULL titles of
%% IEEE journals and magazines
%% 
%% NOTE: This text file uses MS Windows line feed conventions. When (human)
%% reading this file on other platforms, you may have to use a text
%% editor that can handle lines terminated by the MS Windows line feed
%% characters (0x0D 0x0A).
%% 
%% This file is designed for bibliography styles that require 
%% full-length titles and is not for use in bibliographies that
%% abbreviate titles.
%% 
%% Version 1.10 (2003/04/02)
%% 
%% Composed by Michael Shell
%%
%% See:
%% http://www.ctan.org/tex-archive/macros/latex/contrib/supported/IEEEtran/
%% for latest version and current contact information.
%%
%% Special thanks to Laura Hyslop of IEEE for her help in obtaining the
%% information needed to compile this file. Also, Volker Kuhlmann kindly
%% provided some corrections and additions.
%%
%%**********************************************************************
%% Legal Notice:
%% This code is offered as-is without any warranty either expressed or
%% implied; without even the implied warranty of MERCHANTABILITY or
%% FITNESS FOR A PARTICULAR PURPOSE!
%% User assumes all risk.
%% In no event shall IEEE or any contributor to this code be liable for
%% any damages or losses, including, but not limited to, incidental,
%% consequential, or any other damages, resulting from the use or misuse
%% of any information contained here.
%%
%% This code is distributed under the Perl Artistic License 
%% ( http://language.perl.com/misc/Artistic.html ) 
%% and may be freely used, distributed and modified - subject to the
%% constraints therein.
%% Retain all contribution notices, credits and disclaimers.
%% 
%% All comments are the opinions of their respective authors and are not
%% necessarily endorsed by the IEEE.
%%**********************************************************************
%
%
% USAGE:
%
% \bibliographystyle{mybstfile} 
% \bibliography{IEEEfull,mybibfile}
%
% where the IEEE titles in the .bib database entries use the strings
% defined here. e.g.,
%
%
%    journal = IEEE_J_AC,
%
%
% to yield "{IEEE} Transactions on Automatic Control"
%
%
% WARNING: IEEE uses abbreviated journal titles in their bibliographies!
% Because this file provides the full titles, you should NOT use this file
% for work that is to be submitted to the IEEE.
%
% For IEEE work, you should use the abbreviated titles provided in the
% companion file, IEEEabrv.bib.
%
%
% ** NOTES **
%
% 1. Journals have been grouped according to subject in order to make it
%    easier to locate and extract the definitions for related journals - 
%    as most works use references that are confined to a single topic.
%    Magazines are listed in straight alphabetical order.
%
% 2. String names are closely based on IEEE's own internal acronyms.
%
% 3. Older, out-of-print IEEE titles are included (but not including titles
%    dating prior to IEEE's formation from the IRE and AIEE in 1963).





%%%%%%%%%%%%%%%%%%%
%% IEEE Journals %%
%%%%%%%%%%%%%%%%%%%


% aerospace and military
@STRING{IEEE_J_AES        = "{IEEE} Transactions on Aerospace and Electronic Systems"}
@STRING{IEEE_J_ANE        = "{IEEE} Transactions on Aerospace and Navigational Electronics"}
@STRING{IEEE_J_ANNE       = "{IEEE} Transactions on Aeronautical and Navigational Electronics"}
@STRING{IEEE_J_AS         = "{IEEE} Transactions on Aerospace"}
@STRING{IEEE_J_AIRE       = "{IEEE} Transactions on Airborne Electronics"}
@STRING{IEEE_J_MIL        = "{IEEE} Transactions on Military Electronics"}



% autos, transportation and vehicles (non-aerospace)
@STRING{IEEE_J_ITS        = "{IEEE} Transactions on Intelligent Transportation Systems"}
@STRING{IEEE_J_VT         = "{IEEE} Transactions on Vehicular Technology"}
@STRING{IEEE_J_VC         = "{IEEE} Transactions on Vehicular Communications"}



% circuits, signals, systems, audio and controls
@STRING{IEEE_J_SPL        = "{IEEE} Signal Processing Letters"}
@STRING{IEEE_J_ASSP       = "{IEEE} Transactions on Acoustics, Speech, and Signal Processing"}
@STRING{IEEE_J_AU         = "{IEEE} Transactions on Audio"}
@STRING{IEEE_J_AUEA       = "{IEEE} Transactions on Audio and Electroacoustics"}
@STRING{IEEE_J_AC         = "{IEEE} Transactions on Automatic Control"}
@STRING{IEEE_J_CAS        = "{IEEE} Transactions on Circuits and Systems"}
@STRING{IEEE_J_CASVT      = "{IEEE} Transactions on Circuits and Systems for Video Technology"}
@STRING{IEEE_J_CASI       = "{IEEE} Transactions on Circuits and Systems---Part {I}: Fundamental Theory and Applications"}
@STRING{IEEE_J_CASII      = "{IEEE} Transactions on Circuits and Systems---Part {II}: Analog and Digital Signal Processing"}
@STRING{IEEE_J_CT         = "{IEEE} Transactions on Circuit Theory"}
@STRING{IEEE_J_CST        = "{IEEE} Transactions on Control Systems Technology"}
@STRING{IEEE_J_SP         = "{IEEE} Transactions on Signal Processing"}
@STRING{IEEE_J_SU         = "{IEEE} Transactions on Sonics and Ultrasonics"}
@STRING{IEEE_J_SAP        = "{IEEE} Transactions on Speech and Audio Processing"}
@STRING{IEEE_J_UE         = "{IEEE} Transactions on Ultrasonics Engineering"}
@STRING{IEEE_J_UFFC       = "{IEEE} Transactions on Ultrasonics, Ferroelectrics, and Frequency Control"}



% communications
@STRING{IEEE_J_COML       = "{IEEE} Communications Letters"}
@STRING{IEEE_J_JSAC       = "{IEEE} Journal on Selected Areas in Communications"}
@STRING{IEEE_J_COM        = "{IEEE} Transactions on Communications"}
@STRING{IEEE_J_COMT       = "{IEEE} Transactions on Communication Technology"}
@STRING{IEEE_J_WCOM       = "{IEEE} Transactions on Wireless Communications"}



% components, packaging and manufacturing
@STRING{IEEE_J_ADVP       = "{IEEE} Transactions on Advanced Packaging"}
@STRING{IEEE_J_CHMT       = "{IEEE} Transactions on Components, Hybrids and Manufacturing Technology"}
@STRING{IEEE_J_CPMTA      = "{IEEE} Transactions on Components, Packaging and Manufacturing Technology---Part {A}"}
@STRING{IEEE_J_CPMTB      = "{IEEE} Transactions on Components, Packaging and Manufacturing Technology---Part {B}: Advanced Packaging"}
@STRING{IEEE_J_CPMTC      = "{IEEE} Transactions on Components, Packaging and Manufacturing Technology---Part {C}: Manufacturing"}
@STRING{IEEE_J_CAPT       = "{IEEE} Transactions on Components and Packaging Technology"}
@STRING{IEEE_J_CAPTS      = "{IEEE} Transactions on Components and Packaging Technologies"}
@STRING{IEEE_J_CPART      = "{IEEE} Transactions on Component Parts"}
@STRING{IEEE_J_EPM        = "{IEEE} Transactions on Electronics Packaging Manufacturing"}
@STRING{IEEE_J_MFT        = "{IEEE} Transactions on Manufacturing Technology"}
@STRING{IEEE_J_PHP        = "{IEEE} Transactions on Parts, Hybrids and Packaging"}
@STRING{IEEE_J_PMP        = "{IEEE} Transactions on Parts, Materials and Packaging"}



% CAD
@STRING{IEEE_J_TCAD       = "{IEEE} Journal on Technology in Computer Aided Design"}
@STRING{IEEE_J_CAD        = "{IEEE} Transactions on Computer-Aided Design of Integrated Circuits and Systems"}



% coding, data, information, knowledge
@STRING{IEEE_J_IT         = "{IEEE} Transactions on Information Theory"}
@STRING{IEEE_J_KDE        = "{IEEE} Transactions on Knowledge and Data Engineering"}



% computers, computation, networking and software
@STRING{IEEE_J_C          = "{IEEE} Transactions on Computers"}
@STRING{IEEE_J_ECOMP      = "{IEEE} Transactions on Electronic Computers"}
@STRING{IEEE_J_EVC        = "{IEEE} Transactions on Evolutionary Computation"}
@STRING{IEEE_J_FUZZ       = "{IEEE} Transactions on Fuzzy Systems"}
@STRING{IEEE_J_MC         = "{IEEE} Transactions on Mobile Computing"}
@STRING{IEEE_J_NET        = "{IEEE/ACM} Transactions on Networking"}
@STRING{IEEE_J_NN         = "{IEEE} Transactions on Neural Networks"}
@STRING{IEEE_J_PDS        = "{IEEE} Transactions on Parallel and Distributed Systems"}
@STRING{IEEE_J_SE         = "{IEEE} Transactions on Software Engineering"}



% computer graphics, imaging, and multimedia
@STRING{IEEE_J_IP         = "{IEEE} Transactions on Image Processing"}
@STRING{IEEE_J_MM         = "{IEEE} Transactions on Multimedia"}
@STRING{IEEE_J_VCG        = "{IEEE} Transactions on Visualization and Computer Graphics"}



% cybernetics, ergonomics, robots, man-machine, and automation
@STRING{IEEE_J_JRA        = "{IEEE} Journal of Robotics and Automation"}
@STRING{IEEE_J_HFE        = "{IEEE} Transactions on Human Factors in Electronics"}
@STRING{IEEE_J_MMS        = "{IEEE} Transactions on Man-Machine Systems"}
@STRING{IEEE_J_PAMI       = "{IEEE} Transactions on Pattern Analysis and Machine Intelligence"}
@STRING{IEEE_J_RA         = "{IEEE} Transactions on Robotics and Automation"}
@STRING{IEEE_J_SMC        = "{IEEE} Transactions on Systems, Man, and Cybernetics"}
@STRING{IEEE_J_SMCA       = "{IEEE} Transactions on Systems, Man, and Cybernetics---Part {A}: Systems and Humans"}
@STRING{IEEE_J_SMCB       = "{IEEE} Transactions on Systems, Man, and Cybernetics---Part {B}: Cybernetics"}
@STRING{IEEE_J_SMCC       = "{IEEE} Transactions on Systems, Man, and Cybernetics---Part {C}: Applications and Reviews"}
@STRING{IEEE_J_SSC        = "{IEEE} Transactions on Systems Science and Cybernetics"}



% earth, wind, fire and water
@STRING{IEEE_J_GE         = "{IEEE} Transactions on Geoscience Electronics"}
@STRING{IEEE_J_GRS        = "{IEEE} Transactions on Geoscience and Remote Sensing"}
@STRING{IEEE_J_OE         = "{IEEE} Journal of Oceanic Engineering"}



% education, engineering, history, IEEE, professional
@STRING{IEEE_J_CJECE      = "Canadian Journal of Electrical and Computer Engineering"}
@STRING{IEEE_J_PROC       = "Proceedings of the {IEEE}"}
@STRING{IEEE_J_EDU        = "{IEEE} Transactions on Education"}
@STRING{IEEE_J_EM         = "{IEEE} Transactions on Engineering Management"}
@STRING{IEEE_J_EWS        = "{IEEE} Transactions on Engineering Writing and Speech"}
@STRING{IEEE_J_PC         = "{IEEE} Transactions on Professional Communication"}



% electromagnetics, antennas, EMI, magnetics and microwave
@STRING{IEEE_J_AWPL       = "{IEEE} Antennas and Wireless Propagation Letters"}
@STRING{IEEE_J_MGWL       = "{IEEE} Microwave and Guided Wave Letters"}
@STRING{IEEE_J_MWCL       = "{IEEE} Microwave and Wireless Components Letters"}
@STRING{IEEE_J_AP         = "{IEEE} Transactions on Antennas and Propagation"}
@STRING{IEEE_J_EMC        = "{IEEE} Transactions on Electromagnetic Compatibility"}
@STRING{IEEE_J_MAG        = "{IEEE} Transactions on Magnetics"}
@STRING{IEEE_J_MTT        = "{IEEE} Transactions on Microwave Theory and Techniques"}
@STRING{IEEE_J_RFI        = "{IEEE} Transactions on Radio Frequency Interference"}
@STRING{IEEE_J_TJMJ       = "{IEEE} Translation Journal on Magnetics in Japan"}



% energy and power
@STRING{IEEE_J_EC         = "{IEEE} Transactions on Energy Conversion"}
@STRING{IEEE_J_PWRAS      = "{IEEE} Transactions on Power Apparatus and Systems"}
@STRING{IEEE_J_PWRD       = "{IEEE} Transactions on Power Delivery"}
@STRING{IEEE_J_PWRE       = "{IEEE} Transactions on Power Electronics"}
@STRING{IEEE_J_PWRS       = "{IEEE} Transactions on Power Systems"}



% industrial, commercial and consumer
@STRING{IEEE_J_APPIND     = "{IEEE} Transactions on Applications and Industry"}
@STRING{IEEE_J_BC         = "{IEEE} Transactions on Broadcasting"}
@STRING{IEEE_J_BCTV       = "{IEEE} Transactions on Broadcast and Television Receivers"}
@STRING{IEEE_J_CE         = "{IEEE} Transactions on Consumer Electronics"}
@STRING{IEEE_J_IE         = "{IEEE} Transactions on Industrial Electronics"}
@STRING{IEEE_J_IECI       = "{IEEE} Transactions on Industrial Electronics and Control Instrumentation"}
@STRING{IEEE_J_IA         = "{IEEE} Transactions on Industry Applications"}
@STRING{IEEE_J_IGA        = "{IEEE} Transactions on Industry and General Applications"}



% instrumentation and measurement
@STRING{IEEE_J_IM         = "{IEEE} Transactions on Instrumentation and Measurement"}



% insulation and materials
@STRING{IEEE_J_JEM        = "{IEEE/TMS} Journal of Electronic Materials"}
@STRING{IEEE_J_DEI        = "{IEEE} Transactions on Dielectrics and Electrical Insulation"}
@STRING{IEEE_J_EI         = "{IEEE} Transactions on Electrical Insulation"}



% mechanical
@STRING{IEEE_J_MECH       = "{IEEE/ASME} Transactions on Mechatronics"}
@STRING{IEEE_J_MEMS       = "{IEEE/ASME} Journal of Microelectromechanical Systems"}



% medical and biological
@STRING{IEEE_J_BME        = "{IEEE} Transactions on Biomedical Engineering"}
% Note: The B-ME journal later dropped the hyphen and became the BME.
@STRING{IEEE_J_B-ME       = "{IEEE} Transactions on Bio-Medical Engineering"}
@STRING{IEEE_J_BMELC      = "{IEEE} Transactions on Bio-Medical Electronics"}
@STRING{IEEE_J_ITBM       = "{IEEE} Transactions on Information Technology in Biomedicine"}
@STRING{IEEE_J_ME         = "{IEEE} Transactions on Medical Electronics"}
@STRING{IEEE_J_MI         = "{IEEE} Transactions on Medical Imaging"}
@STRING{IEEE_J_MCTE       = "{IEEE} Transactions on Molecular, Cellular and Tissue Engineering"}
@STRING{IEEE_J_NB         = "{IEEE} Transactions on NanoBioscience"}
@STRING{IEEE_J_NSRE       = "{IEEE} Transactions on Neural Systems and Rehabilitation Engineering"}
@STRING{IEEE_J_RE         = "{IEEE} Transactions on Rehabilitation Engineering"}



% optics, lightwave and photonics
@STRING{IEEE_J_PTL        = "{IEEE} Photonics Technology Letters"}
@STRING{IEEE_J_JLT        = "{IEEE/OSA} Journal of Lightwave Technology"}



% physics, electrons, nanotechnology, nuclear and quantum electronics
@STRING{IEEE_J_EDL        = "{IEEE} Electron Device Letters"}
@STRING{IEEE_J_JQE        = "{IEEE} Journal of Quantum Electronics"}
@STRING{IEEE_J_JSTQE      = "{IEEE} Journal of Selected Topics in Quantum Electronics"}
@STRING{IEEE_J_ED         = "{IEEE} Transactions on Electron Devices"}
@STRING{IEEE_J_NANO       = "{IEEE} Transactions on Nanotechnology"}
@STRING{IEEE_J_NS         = "{IEEE} Transactions on Nuclear Science"}
@STRING{IEEE_J_PS         = "{IEEE} Transactions on Plasma Science"}



% reliability
@STRING{IEEE_J_DMR        = "{IEEE} Transactions on Device and Materials Reliability"}
@STRING{IEEE_J_R          = "{IEEE} Transactions on Reliability"}



% semiconductors, superconductors, electrochemical and solid state
@STRING{IEEE_J_ESSL       = "{IEEE/ECS} Electrochemical and Solid-State Letters"}
@STRING{IEEE_J_JSSC       = "{IEEE} Journal of Solid-State Circuits"}
@STRING{IEEE_J_ASC        = "{IEEE} Transactions on Applied Superconductivity"}
@STRING{IEEE_J_SM         = "{IEEE} Transactions on Semiconductor Manufacturing"}



% sensors
@STRING{IEEE_J_SENSOR     = "{IEEE} Sensors Journal"}



% VLSI
@STRING{IEEE_J_VLSI       = "{IEEE} Transactions on Very Large Scale Integration ({VLSI}) Systems"}





%%%%%%%%%%%%%%%%%%%%
%% IEEE Magazines %%
%%%%%%%%%%%%%%%%%%%%


@STRING{IEEE_M_AES        = "{IEEE} Aerospace and Electronics Systems Magazine"}
@STRING{IEEE_M_HIST       = "{IEEE} Annals of the History of Computing"}
@STRING{IEEE_M_AP         = "{IEEE} Antennas and Propagation Magazine"}
@STRING{IEEE_M_ASSP       = "{IEEE} {ASSP} Magazine"}
@STRING{IEEE_M_CD         = "{IEEE} Circuits and Devices Magazine"}
@STRING{IEEE_M_CAS        = "{IEEE} Circuits and Systems Magazine"}
@STRING{IEEE_M_COM        = "{IEEE} Communications Magazine"}
@STRING{IEEE_M_COMSOC     = "{IEEE} Communications Society Magazine"}
% CSEM changed to CSE in 1999
@STRING{IEEE_M_CSE        = "{IEEE} Computing in Science and Engineering"}
@STRING{IEEE_M_CSEM       = "{IEEE} Computational Science and Engineering Magazine"}
@STRING{IEEE_M_C          = "{IEEE} Computer"}
@STRING{IEEE_M_CAP        = "{IEEE} Computer Applications in Power"}
@STRING{IEEE_M_CGA        = "{IEEE} Computer Graphics and Applications"}
@STRING{IEEE_M_CONC       = "{IEEE} Concurrency"}
@STRING{IEEE_M_CS         = "{IEEE} Control Systems Magazine"}
@STRING{IEEE_M_DTC        = "{IEEE} Design and Test of Computers"}
@STRING{IEEE_M_EI         = "{IEEE} Electrical Insulation Magazine"}
@STRING{IEEE_M_EMB        = "{IEEE} Engineering in Medicine and Biology Magazine"}
@STRING{IEEE_M_EMR        = "{IEEE} Engineering Management Review"}
@STRING{IEEE_M_EXP        = "{IEEE} Expert"}
@STRING{IEEE_M_IA         = "{IEEE} Industry Applications Magazine"}
@STRING{IEEE_M_IM         = "{IEEE} Instrumentation and Measurement Magazine"}
@STRING{IEEE_M_IS         = "{IEEE} Intelligent Systems"}
@STRING{IEEE_M_IC         = "{IEEE} Internet Computing"}
@STRING{IEEE_M_ITP        = "{IEEE} {IT} Professional"}
@STRING{IEEE_M_MICRO      = "{IEEE} Micro"}
@STRING{IEEE_M_MW         = "{IEEE} Microwave Magazine"}
@STRING{IEEE_M_MM         = "{IEEE} Multimedia"}
@STRING{IEEE_M_NET        = "{IEEE} Network"}
@STRING{IEEE_M_PCOM       = "{IEEE} Personal Communications Magazine"}
@STRING{IEEE_M_POT        = "{IEEE} Potentials"}
% CAP and PER merged to form PE in 2003
@STRING{IEEE_M_PE         = "{IEEE} Power and Energy Magazine"}
@STRING{IEEE_M_PER        = "{IEEE} Power Engineering Review"}
@STRING{IEEE_M_RA         = "{IEEE} Robotics and Automation Magazine"}
@STRING{IEEE_M_SP         = "{IEEE} Signal Processing Magazine"}
@STRING{IEEE_M_S          = "{IEEE} Software"}
@STRING{IEEE_M_SPECT      = "{IEEE} Spectrum"}
@STRING{IEEE_M_TS         = "{IEEE} Technology and Society Magazine"}
@STRING{IEEE_M_WC         = "{IEEE} Wireless Communications Magazine"}
@STRING{IEEE_M_TODAY      = "Today's Engineer"}

@article{vae,
  title={Auto-encoding variational bayes},
  author={Kingma, Diederik P and Welling, Max},
  journal={arXiv preprint arXiv:1312.6114},
  year={2013}
}

@article{ddim,
  title={Denoising Diffusion Implicit Models},
  author={Song, Jiaming and Meng, Chenlin and Ermon, Stefano},
  journal={ICLR},
  year={2021},
  month={October},
  url={https://arxiv.org/abs/2010.02502}
}

@article{diffusion,
  title={Denoising diffusion probabilistic models},
  author={Ho, Jonathan and Jain, Ajay and Abbeel, Pieter},
  journal={Advances in neural information processing systems},
  volume={33},
  pages={6840--6851},
  year={2020}
}

@article{rulebase1,
  title={Toward benchmarking of microscopic traffic flow models},
  author={Brockfeld, Elmar and K{\"u}hne, Reinhart D and Skabardonis, Alexander and Wagner, Peter},
  journal={Transportation research record},
  volume={1852},
  number={1},
  pages={124--129},
  year={2003},
  publisher={SAGE Publications Sage CA: Los Angeles, CA}
}

@article{learningbase1,
  title={Multipath: Multiple probabilistic anchor trajectory hypotheses for behavior prediction},
  author={Chai, Yuning and Sapp, Benjamin and Bansal, Mayank and Anguelov, Dragomir},
  journal={arXiv preprint arXiv:1910.05449},
  year={2019}
}

@inproceedings{learningbase2,
  title={Scept: Scene-consistent, policy-based trajectory predictions for planning},
  author={Chen, Yuxiao and Ivanovic, Boris and Pavone, Marco},
  booktitle={Proceedings of the IEEE/CVF Conference on Computer Vision and Pattern Recognition},
  pages={17103--17112},
  year={2022}
}

@inproceedings{learningbase3,
  title={Trajectron++: Dynamically-feasible trajectory forecasting with heterogeneous data},
  author={Salzmann, Tim and Ivanovic, Boris and Chakravarty, Punarjay and Pavone, Marco},
  booktitle={Computer Vision--ECCV 2020: 16th European Conference, Glasgow, UK, August 23--28, 2020, Proceedings, Part XVIII 16},
  pages={683--700},
  year={2020},
  organization={Springer}
}

@inproceedings{rulebase2,
  title={Microscopic traffic simulation using sumo},
  author={Lopez, Pablo Alvarez and Behrisch, Michael and Bieker-Walz, Laura and Erdmann, Jakob and Fl{\"o}tter{\"o}d, Yun-Pang and Hilbrich, Robert and L{\"u}cken, Leonhard and Rummel, Johannes and Wagner, Peter and Wie{\ss}ner, Evamarie},
  booktitle={2018 21st international conference on intelligent transportation systems (ITSC)},
  pages={2575--2582},
  year={2018},
  organization={IEEE}
}

@inproceedings{metricsrefer,
  title={Bits: Bi-level imitation for traffic simulation},
  author={Xu, Danfei and Chen, Yuxiao and Ivanovic, Boris and Pavone, Marco},
  booktitle={2023 IEEE International Conference on Robotics and Automation (ICRA)},
  pages={2929--2936},
  year={2023},
  organization={IEEE}
}

@inproceedings{nuscenes,
  title={nuscenes: A multimodal dataset for autonomous driving},
  author={Caesar, Holger and Bankiti, Varun and Lang, Alex H and Vora, Sourabh and Liong, Venice Erin and Xu, Qiang and Krishnan, Anush and Pan, Yu and Baldan, Giancarlo and Beijbom, Oscar},
  booktitle={Proceedings of the IEEE/CVF conference on computer vision and pattern recognition},
  pages={11621--11631},
  year={2020}
}

@article{intro1,
  title={Driving to safety: How many miles of driving would it take to demonstrate autonomous vehicle reliability?},
  author={Kalra, Nidhi and Paddock, Susan M},
  journal={Transportation Research Part A: Policy and Practice},
  volume={94},
  pages={182--193},
  year={2016},
  publisher={Elsevier}
}

@article{ditrefer,
  title={Accurate, large minibatch sgd: Training imagenet in 1 hour},
  author={Goyal, Priya and Doll{\'a}r, Piotr and Girshick, Ross and Noordhuis, Pieter and Wesolowski, Lukasz and Kyrola, Aapo and Tulloch, Andrew and Jia, Yangqing and He, Kaiming},
  journal={arXiv preprint arXiv:1706.02677},
  year={2017}
}

@article{review,
  title={Data-driven Traffic Simulation: A Comprehensive Review},
  author={Chen, Di and Zhu, Meixin and Yang, Hao and Wang, Xuesong and Wang, Yinhai},
  journal={arXiv preprint arXiv:2310.15975},
  year={2023}
}

@inproceedings{strive,
  title={Generating useful accident-prone driving scenarios via a learned traffic prior},
  author={Rempe, Davis and Philion, Jonah and Guibas, Leonidas J and Fidler, Sanja and Litany, Or},
  booktitle={Proceedings of the IEEE/CVF Conference on Computer Vision and Pattern Recognition},
  pages={17305--17315},
  year={2022}
}

@inproceedings{ctg,
  title={Guided conditional diffusion for controllable traffic simulation},
  author={Zhong, Ziyuan and Rempe, Davis and Xu, Danfei and Chen, Yuxiao and Veer, Sushant and Che, Tong and Ray, Baishakhi and Pavone, Marco},
  booktitle={2023 IEEE International Conference on Robotics and Automation (ICRA)},
  pages={3560--3566},
  year={2023},
  organization={IEEE}
}

@inproceedings{trace,
  title={Trace and Pace: Controllable Pedestrian Animation via Guided Trajectory Diffusion},
  author={Rempe, Davis and Luo, Zhengyi and Bin Peng, Xue and Yuan, Ye and Kitani, Kris and Kreis, Karsten and Fidler, Sanja and Litany, Or},
  booktitle={Proceedings of the IEEE/CVF Conference on Computer Vision and Pattern Recognition},
  pages={13756--13766},
  year={2023}
}

@article{navigate,
  title={A Diffusion-Model of Joint Interactive Navigation},
  author={Niedoba, Matthew and Lavington, Jonathan and Liu, Yunpeng and Lioutas, Vasileios and Sefas, Justice and Liang, Xiaoxuan and Green, Dylan and Dabiri, Setareh and Zwartsenberg, Berend and Scibior, Adam and others},
  journal={Advances in Neural Information Processing Systems},
  volume={36},
  year={2024}
}

@inproceedings{motiondiffuser,
  title={MotionDiffuser: Controllable Multi-Agent Motion Prediction using Diffusion},
  author={Jiang, Chiyu and Cornman, Andre and Park, Cheolho and Sapp, Benjamin and Zhou, Yin and Anguelov, Dragomir and others},
  booktitle={Proceedings of the IEEE/CVF Conference on Computer Vision and Pattern Recognition},
  pages={9644--9653},
  year={2023}
}

@article{diffuser,
  title={Planning with diffusion for flexible behavior synthesis},
  author={Janner, Michael and Du, Yilun and Tenenbaum, Joshua B and Levine, Sergey},
  journal={arXiv preprint arXiv:2205.09991},
  year={2022}
}

@inproceedings{dit,
  title={Scalable diffusion models with transformers},
  author={Peebles, William and Xie, Saining},
  booktitle={Proceedings of the IEEE/CVF International Conference on Computer Vision},
  pages={4195--4205},
  year={2023}
}

@article{classifierfree,
  title={Classifier-free diffusion guidance},
  author={Ho, Jonathan and Salimans, Tim},
  journal={arXiv preprint arXiv:2207.12598},
  year={2022}
}

@inproceedings{universal,
  title={Universal guidance for diffusion models},
  author={Bansal, Arpit and Chu, Hong-Min and Schwarzschild, Avi and Sengupta, Soumyadip and Goldblum, Micah and Geiping, Jonas and Goldstein, Tom},
  booktitle={Proceedings of the IEEE/CVF Conference on Computer Vision and Pattern Recognition},
  pages={843--852},
  year={2023}
}

@article{dpo,
  title={Direct preference optimization: Your language model is secretly a reward model},
  author={Rafailov, Rafael and Sharma, Archit and Mitchell, Eric and Manning, Christopher D and Ermon, Stefano and Finn, Chelsea},
  journal={Advances in Neural Information Processing Systems},
  volume={36},
  year={2024}
}

@article{trafficRLHF,
  title={Reinforcement Learning with Human Feedback for Realistic Traffic Simulation},
  author={Cao, Yulong and Ivanovic, Boris and Xiao, Chaowei and Pavone, Marco},
  journal={arXiv preprint arXiv:2309.00709},
  year={2023}
}

@article{diffusionDPO,
  title={Diffusion model alignment using direct preference optimization},
  author={Wallace, Bram and Dang, Meihua and Rafailov, Rafael and Zhou, Linqi and Lou, Aaron and Purushwalkam, Senthil and Ermon, Stefano and Xiong, Caiming and Joty, Shafiq and Naik, Nikhil},
  journal={arXiv preprint arXiv:2311.12908},
  year={2023}
}

@article{d3po,
  title={Using Human Feedback to Fine-tune Diffusion Models without Any Reward Model},
  author={Yang, Kai and Tao, Jian and Lyu, Jiafei and Ge, Chunjiang and Chen, Jiaxin and Li, Qimai and Shen, Weihan and Zhu, Xiaolong and Li, Xiu},
  journal={arXiv preprint arXiv:2311.13231},
  year={2023}
}

@inproceedings{taskconditional,
  title={Task switching network for multi-task learning},
  author={Sun, Guolei and Probst, Thomas and Paudel, Danda Pani and Popovi{\'c}, Nikola and Kanakis, Menelaos and Patel, Jagruti and Dai, Dengxin and Van Gool, Luc},
  booktitle={Proceedings of the IEEE/CVF international conference on computer vision},
  pages={8291--8300},
  year={2021}
}

@article{traffcdiffusion1,
  title={SceneDM: Scene-level multi-agent trajectory generation with consistent diffusion models},
  author={Guo, Zhiming and Gao, Xing and Zhou, Jianlan and Cai, Xinyu and Shi, Botian},
  journal={arXiv preprint arXiv:2311.15736},
  year={2023}
}

@article{trafficdiffusion2,
  title={Generating Driving Scenes with Diffusion},
  author={Pronovost, Ethan and Wang, Kai and Roy, Nick},
  journal={arXiv preprint arXiv:2305.18452},
  year={2023}
}

@article{trafficdiffusion3,
  title={Scenario Diffusion: Controllable Driving Scenario Generation With Diffusion},
  author={Pronovost, Ethan and Ganesina, Meghana Reddy and Hendy, Noureldin and Wang, Zeyu and Morales, Andres and Wang, Kai and Roy, Nick},
  journal={Advances in Neural Information Processing Systems},
  volume={36},
  year={2024}
}

@inproceedings{trafficdiffusion4,
  title={Diffscene: Diffusion-based safety-critical scenario generation for autonomous vehicles},
  author={Xu, Chejian and Zhao, Ding and Sangiovanni-Vincentelli, Alberto and Li, Bo},
  booktitle={The Second Workshop on New Frontiers in Adversarial Machine Learning},
  year={2023}
}

@article{ctg+llm,
  title={Language-Guided Traffic Simulation via Scene-Level Diffusion},
  author={Zhong, Ziyuan and Rempe, Davis and Chen, Yuxiao and Ivanovic, Boris and Cao, Yulong and Xu, Danfei and Pavone, Marco and Ray, Baishakhi},
  journal={arXiv preprint arXiv:2306.06344},
  year={2023}
}

@article{multitaskdiffusionfinetuning,
  title={Parameter-efficient multi-task fine-tuning for transformers via shared hypernetworks},
  author={Mahabadi, Rabeeh Karimi and Ruder, Sebastian and Dehghani, Mostafa and Henderson, James},
  journal={arXiv preprint arXiv:2106.04489},
  year={2021}
}

@article{realgen,
  title={RealGen: Retrieval Augmented Generation for Controllable Traffic Scenarios},
  author={Ding, Wenhao and Cao, Yulong and Zhao, Ding and Xiao, Chaowei and Pavone, Marco},
  journal={arXiv preprint arXiv:2312.13303},
  year={2023}
}

@inproceedings{king,
  title={King: Generating safety-critical driving scenarios for robust imitation via kinematics gradients},
  author={Hanselmann, Niklas and Renz, Katrin and Chitta, Kashyap and Bhattacharyya, Apratim and Geiger, Andreas},
  booktitle={European Conference on Computer Vision},
  pages={335--352},
  year={2022},
  organization={Springer}
}

@inproceedings{fine-tuning1,
  title={Dreambooth: Fine tuning text-to-image diffusion models for subject-driven generation},
  author={Ruiz, Nataniel and Li, Yuanzhen and Jampani, Varun and Pritch, Yael and Rubinstein, Michael and Aberman, Kfir},
  booktitle={Proceedings of the IEEE/CVF Conference on Computer Vision and Pattern Recognition},
  pages={22500--22510},
  year={2023}
}

@article{fine-tuning2,
  title={An image is worth one word: Personalizing text-to-image generation using textual inversion},
  author={Gal, Rinon and Alaluf, Yuval and Atzmon, Yuval and Patashnik, Or and Bermano, Amit H and Chechik, Gal and Cohen-Or, Daniel},
  journal={arXiv preprint arXiv:2208.01618},
  year={2022}
}

@inproceedings{fine-tuning3,
  title={Adding conditional control to text-to-image diffusion models},
  author={Zhang, Lvmin and Rao, Anyi and Agrawala, Maneesh},
  booktitle={Proceedings of the IEEE/CVF International Conference on Computer Vision},
  pages={3836--3847},
  year={2023}
}

@misc{fine-tuning4,
  title={Low-rank adaptation for fast text-to-image diffusion fine-tuning},
  author={Ryu, Simo},
  year={2023}
}

@article{fine-tuning5,
  title={Svdiff: Compact parameter space for diffusion fine-tuning},
  author={Han, Ligong and Li, Yinxiao and Zhang, Han and Milanfar, Peyman and Metaxas, Dimitris and Yang, Feng},
  journal={arXiv preprint arXiv:2303.11305},
  year={2023}
}

@article{diffusionrlhf,
  title={AlignDiff: Aligning Diverse Human Preferences via Behavior-Customisable Diffusion Model},
  author={Dong, Zibin and Yuan, Yifu and Hao, Jianye and Ni, Fei and Mu, Yao and Zheng, Yan and Hu, Yujing and Lv, Tangjie and Fan, Changjie and Hu, Zhipeng},
  journal={arXiv preprint arXiv:2310.02054},
  year={2023}
}

@article{video-diffusion-model,
  title={Video Diffusion Models}, 
  author={Jonathan Ho and Tim Salimans and Alexey Gritsenko and William Chan and Mohammad Norouzi and David J. Fleet},
  journal={arXiv preprint arXiv:2204.03458},
  year={2022}
}

@inbook{luca1988feedback,
  author={Luca, A. D. and Oriolo, G. and Samson, C.},
  title={Feedback Control of a Nonholonomic Car-Like Robot},
  pages={171--249},
  publisher={Springer},
  address={Berlin, Germany},
  year={1988}
}

@inproceedings{improved,
  title={Improved denoising diffusion probabilistic models},
  author={Nichol, Alexander Quinn and Dhariwal, Prafulla},
  booktitle={International Conference on Machine Learning},
  pages={8162--8171},
  year={2021},
  organization={PMLR}
}

@inproceedings{scenecontrol,
  title={SceneControl: Diffusion for Controllable Traffic Scene Generation},
  author={Lu, Jack and Wong, Kelvin and Zhang, Chris and Suo, Simon and Urtasun, Raquel},
  booktitle={2024 IEEE International Conference on Robotics and Automation (ICRA)},
  pages={16908--16914},
  year={2024},
  organization={IEEE}
}

@article{uehara2024feedback,
  title={Feedback efficient online fine-tuning of diffusion models},
  author={Uehara, Masatoshi and Zhao, Yulai and Black, Kevin and Hajiramezanali, Ehsan and Scalia, Gabriele and Diamant, Nathaniel Lee and Tseng, Alex M and Levine, Sergey and Biancalani, Tommaso},
  journal={arXiv preprint arXiv:2402.16359},
  year={2024}
}

@article{du2024exploration,
  title={Exploration-driven policy optimization in rlhf: Theoretical insights on efficient data utilization},
  author={Du, Yihan and Winnicki, Anna and Dalal, Gal and Mannor, Shie and Srikant, R},
  journal={arXiv preprint arXiv:2402.10342},
  year={2024}
}

@article{behaviorgpt,
  title={BehaviorGPT: Smart Agent Simulation for Autonomous Driving with Next-Patch Prediction},
  author={Zhou, Zikang and Hu, Haibo and Chen, Xinhong and Wang, Jianping and Guan, Nan and Wu, Kui and Li, Yung-Hui and Huang, Yu-Kai and Xue, Chun Jason},
  journal={arXiv preprint arXiv:2405.17372},
  year={2024}
}

@article{xia2024language,
  title={Language-Driven Interactive Traffic Trajectory Generation},
  author={Xia, Junkai and Xu, Chenxin and Xu, Qingyao and Xie, Chen and Wang, Yanfeng and Chen, Siheng},
  journal={arXiv preprint arXiv:2405.15388},
  year={2024}
}
%--
%EOF
