@article{sutherland2013identification,
  title={Identification of 100 fundamental ecological questions},
  author={Sutherland, William J and Freckleton, Robert P and Godfray, H Charles J and Beissinger, Steven R and Benton, Tim and Cameron, Duncan D and others},
  journal={Journal of ecology},
  volume={101},
  number={1},
  pages={58--67},
  year={2013},
  publisher={Wiley Online Library}
}

@article{wagner2020regional,
  title={Regional mapping and spatial distribution analysis of canopy palms in an amazon forest using deep learning and VHR images},
  author={Wagner, Fabien H and Dalagnol, Ricardo and Tagle Casapia, Ximena and Streher, Annia S and Phillips, Oliver L and Gloor, Emanuel and Arag{\~a}o, Luiz EOC},
  journal={Remote Sensing},
  volume={12},
  number={14},
  pages={2225},
  year={2020},
  publisher={MDPI}
}

@inproceedings{cui2024palmprobnet,
  title={PalmProbNet: A Probabilistic Approach to Understanding Palm Distributions in Ecuadorian Tropical Forest via Transfer Learning},
  author={Cui, Kangning and Shao, Zishan and Larsen, Gregory and Pauca, Victor and Alqahtani, Sarra and Segurado, David and others},
  booktitle={Proceedings of the 2024 ACM Southeast Conference},
  pages={272--277},
  year={2024}
}

@article{malhi2014tropical,
  title={Tropical forests in the Anthropocene},
  author={Malhi, Yadvinder and Gardner, Toby A and Goldsmith, Gregory R and Silman, Miles R and Zelazowski, Przemyslaw},
  journal={Annual Review of Environment and Resources},
  volume={39},
  pages={125--159},
  year={2014},
  publisher={Annual Reviews}
}

@article{pitman2014distribution,
  title={Distribution and abundance of tree species in swamp forests of Amazonian Ecuador},
  author={Pitman, Nigel CA and Andino, Juan Ernesto Guevara and Aulestia, Milton and Cer{\'o}n, Carlos E and Neill, David A and Palacios, Walter and others},
  journal={Ecography},
  volume={37},
  number={9},
  pages={902--915},
  year={2014},
  publisher={Wiley Online Library}
}

@article{zhang2023aerial,
  title={Aerial orthoimage generation for UAV remote sensing},
  author={Zhang, Jiguang and Xu, Shilin and Zhao, Yong and Sun, Jiaxi and Xu, Shibiao and Zhang, Xiaopeng},
  journal={Information Fusion},
  volume={89},
  pages={91--120},
  year={2023},
  publisher={Elsevier}
}

@article{freudenberg2019large,
  title={Large scale palm tree detection in high resolution satellite images using U-Net},
  author={Freudenberg, Maximilian and N{\"o}lke, Nils and Agostini, Alejandro and Urban, Kira and W{\"o}rg{\"o}tter, Florentin and Kleinn, Christoph},
  journal={Remote Sensing},
  volume={11},
  number={3},
  pages={312},
  year={2019},
  publisher={MDPI}
}

@article{gibril2021deep,
  title={Deep convolutional neural network for large-scale date palm tree mapping from UAV-based images},
  author={Gibril, Mohamed Barakat A and Shafri, Helmi Zulhaidi Mohd and Shanableh, Abdallah and Al-Ruzouq, Rami and Wayayok, Aimrun and Hashim, Shaiful Jahari},
  journal={Remote Sensing},
  volume={13},
  number={14},
  pages={2787},
  year={2021},
  publisher={MDPI}
}

@article{li2016deep,
  title={Deep Learning Based Oil Palm Tree Detection and Counting for High-Resolution Remote Sensing Images},
  author={Li, Weijia and Fu, Haohuan and Yu, Le and Cracknell, Arthur},
  journal={Remote Sensing},
  volume={9},
  number={1},
  pages={22},
  year={2016},
  publisher={MDPI}
}

@article{qin2021ag,
  title={Ag-YOLO: A real-time low-cost detector for precise spraying with case study of palms},
  author={Qin, Zhenwang and Wang, Wensheng and Dammer, Karl-Heinz and Guo, Leifeng and Cao, Zhen},
  journal={Frontiers in Plant Science},
  volume={12},
  pages={753603},
  year={2021},
  publisher={Frontiers Media SA}
}

@article{jintasuttisak2022deep,
  title={Deep neural network based date palm tree detection in drone imagery},
  author={Jintasuttisak, Thani and Edirisinghe, Eran and Elbattay, Ali},
  journal={Computers and Electronics in Agriculture},
  volume={192},
  pages={106560},
  year={2022},
  publisher={Elsevier}
}


@misc{wang2024yolov10,
  title={YOLOv10: Real-Time End-to-End Object Detection},
  author={Wang, Ao and Chen, Hui and Liu, Lihao and Chen, Kai and Lin, Zijia and Han, Jungong and Ding, Guiguang},
  year={2024},
  eprint={2405.14458},
  archivePrefix={arXiv},
  primaryClass={cs.CV},
  note={arXiv preprint arXiv:2405.14458},
}

@misc{mobile_sam,
  title={Faster Segment Anything: Towards Lightweight SAM for Mobile Applications},
  author={Zhang, Chaoning and Han, Dongshen and Qiao, Yu and Kim, Jung Uk and Bae, Sung-Ho and Lee, Seungkyu and Hong, Choong Seon},
  year={2023},
  eprint={2306.14289},
  archivePrefix={arXiv},
  note={arXiv preprint arXiv:2306.14289},
}


@article{zou2023object,
  title={Object detection in 20 years: A survey},
  author={Zou, Zhengxia and Chen, Keyan and Shi, Zhenwei and Guo, Yuhong and Ye, Jieping},
  journal={Proceedings of the IEEE},
  volume={111},
  number={3},
  pages={257--276},
  year={2023},
  publisher={IEEE}
}

@article{bharati2020deep,
  title={Deep learning techniquesâ€”R-CNN to mask R-CNN: a survey},
  author={Bharati, Puja and Pramanik, Ankita},
  journal={Computational Intelligence in Pattern Recognition: Proceedings of CIPR 2019},
  pages={657--668},
  year={2020},
  publisher={Springer}
}

@inproceedings{he2017mask,
  title={Mask r-cnn},
  author={He, Kaiming and Gkioxari, Georgia and Doll{\'a}r, Piotr and Girshick, Ross},
  booktitle={Proceedings of the IEEE international conference on computer vision},
  pages={2961--2969},
  year={2017}
}

@article{ren2015faster,
  title={Faster r-cnn: Towards real-time object detection with region proposal networks},
  author={Ren, Shaoqing and He, Kaiming and Girshick, Ross and Sun, Jian},
  journal={Advances in neural information processing systems},
  volume={28},
  year={2015}
}

@inproceedings{zhao2024detrs,
  title={Detrs beat yolos on real-time object detection},
  author={Zhao, Yian and Lv, Wenyu and Xu, Shangliang and Wei, Jinman and Wang, Guanzhong and Dang, Qingqing and Liu, Yi and Chen, Jie},
  booktitle={Proceedings of the IEEE/CVF Conference on Computer Vision and Pattern Recognition},
  pages={16965--16974},
  year={2024}
}


@inproceedings{carion2020end,
  title={End-to-end object detection with transformers},
  author={Carion, Nicolas and Massa, Francisco and Synnaeve, Gabriel and Usunier, Nicolas and Kirillov, Alexander and Zagoruyko, Sergey},
  booktitle={European conference on computer vision},
  pages={213--229},
  year={2020},
  organization={Springer}
}

@inproceedings{kirillov2023segment,
  title={Segment anything},
  author={Kirillov, Alexander and Mintun, Eric and Ravi, Nikhila and Mao, Hanzi and Rolland, Chloe and Gustafson, Laura and others},
  booktitle={Proceedings of the IEEE/CVF International Conference on Computer Vision},
  pages={4015--4026},
  year={2023}
}

@article{ravi2024sam,
  title={Sam 2: Segment anything in images and videos},
  author={Ravi, Nikhila and Gabeur, Valentin and Hu, Yuan-Ting and Hu, Ronghang and Ryali, Chaitanya and Ma, Tengyu and Khedr, Haitham and R{\"a}dle, Roman and Rolland, Chloe and Gustafson, Laura and others},
  journal={arXiv preprint arXiv:2408.00714},
  year={2024}
}

@INPROCEEDINGS{yolov1,
  author={Redmon, Joseph and Divvala, Santosh and Girshick, Ross and Farhadi, Ali},
  booktitle={2016 IEEE Conference on Computer Vision and Pattern Recognition (CVPR)}, 
  title={You Only Look Once: Unified, Real-Time Object Detection}, 
  year={2016},

}


@misc{yolov8,
  author = {Glenn Jocher and Ayush Chaurasia and Jing Qiu},
  title = {Ultralytics YOLOv8},
  version = {8.0.0},
  year = {2023},
  howpublished = {\url{https://github.com/ultralytics/ultralytics}},
  orcid = {0000-0001-5950-6979, 0000-0002-7603-6750, 0000-0003-3783-7069},
  license = {AGPL-3.0}
}


@misc{yolov9,
  title={YOLOv9: Learning What You Want to Learn Using Programmable Gradient Information}, 
  author={Chien-Yao Wang and I-Hau Yeh and Hong-Yuan Mark Liao},
  year={2024},
  eprint={2402.13616},
  archivePrefix={arXiv},
  primaryClass={cs.CV},
  note={arXiv preprint arXiv:2402.13616}
}

@misc{yolov10,
  title={YOLOv10: Real-Time End-to-End Object Detection}, 
  author={Ao Wang and Hui Chen and Lihao Liu and Kai Chen and Zijia Lin and Jungong Han and Guiguang Ding},
  year={2024},
  eprint={2405.14458},
  archivePrefix={arXiv},
  primaryClass={cs.CV},
  note={arXiv preprint arXiv:2405.14458}
}

@misc{yolo11,
  author = {Glenn Jocher and Jing Qiu},
  title = {Ultralytics YOLO11},
  version = {11.0.0},
  year = {2024},
  howpublished = {\url{https://github.com/ultralytics/ultralytics}},
  orcid = {0000-0001-5950-6979, 0000-0002-7603-6750, 0000-0003-3783-7069},
  license = {AGPL-3.0}
}


@article{diwan2023object,
  title={Object detection using YOLO: Challenges, architectural successors, datasets and applications},
  author={Diwan, Tausif and Anirudh, G and Tembhurne, Jitendra V},
  journal={multimedia Tools and Applications},
  volume={82},
  number={6},
  pages={9243--9275},
  year={2023},
  publisher={Springer}
}

@inproceedings{wang2020cspnet,
  title={CSPNet: A new backbone that can enhance learning capability of CNN},
  author={Wang, Chien-Yao and Liao, Hong-Yuan Mark and Wu, Yueh-Hua and Chen, Ping-Yang and Hsieh, Jun-Wei and Yeh, I-Hau},
  booktitle={Proceedings of the IEEE/CVF conference on computer vision and pattern recognition workshops},
  pages={390--391},
  year={2020}
}

@misc{jacobgilpytorchcam,
  title={PyTorch library for CAM methods},
  author={Jacob Gildenblat and contributors},
  year={2021},
  publisher={GitHub},
  howpublished={\url{https://github.com/jacobgil/pytorch-grad-cam}},
}

@article{muscarella2020global,
  title={The global abundance of tree palms},
  author={Muscarella, Robert and Emilio, Thaise and Phillips, Oliver L and Lewis, Simon L and Slik, Ferry and Baker, William J and others},
  journal={Global Ecology and Biogeography},
  volume={29},
  number={9},
  pages={1495--1514},
  year={2020},
  publisher={Wiley Online Library}
}

@article{hidalgo2022sustainable,
  title={Sustainable palm fruit harvesting as a pathway to conserve Amazon peatland forests},
  author={Hidalgo Pizango, C Gabriel and Honorio Coronado, Eur{\'\i}dice N and del {\'A}guila-Pasquel, Jhon and Flores Llampazo, Gerardo and de Jong, Johan and others},
  journal={Nature Sustainability},
  volume={5},
  number={6},
  pages={479--487},
  year={2022},
  publisher={Nature Publishing Group UK London}
}

@article{eiserhardt2011geographical,
  title={Geographical ecology of the palms (Arecaceae): determinants of diversity and distributions across spatial scales},
  author={Eiserhardt, Wolf L and Svenning, Jens-Christian and Kissling, W Daniel and Balslev, Henrik},
  journal={Annals of Botany},
  volume={108},
  number={8},
  pages={1391--1416},
  year={2011},
  publisher={Oxford University Press}
}

@article{zambrana2007diversity,
  title={Diversity of palm uses in the western Amazon},
  author={Zambrana, Narel Y Paniagua and Byg, Anja and Svenning, Jens-Christian and Moraes, Monica and Grandez, Cesar and Balslev, Henrik},
  journal={Biodiversity and Conservation},
  volume={16},
  pages={2771--2787},
  year={2007},
  publisher={Springer}
}

@article{tagle2019identifying,
  title={Identifying and quantifying the abundance of economically important palms in tropical moist forest using UAV imagery},
  author={Tagle Casapia, Ximena and Falen, Lourdes and Bartholomeus, Harm and C{\'a}rdenas, Rodolfo and Flores, Gerardo and Herold, Martin and Honorio Coronado, Eur{\'\i}dice N and Baker, Timothy R},
  journal={Remote Sensing},
  volume={12},
  number={1},
  pages={9},
  year={2019},
  publisher={MDPI}
}

@article{van2019palm,
  title={The palm Mauritia flexuosa, a keystone plant resource on multiple fronts},
  author={van der Hoek, Yntze and {\'A}lvarez Solas, Sara and Pe{\~n}uela, Mar{\'\i}a Cristina},
  journal={Biodiversity and Conservation},
  volume={28},
  number={3},
  pages={539--551},
  year={2019},
  publisher={Springer}
}

@incollection{terborgh1986community,
  title={Community aspects of frugivory in tropical forests},
  author={Terborgh, John},
  booktitle={Frugivores and seed dispersal},
  pages={371--384},
  year={1986},
  publisher={Springer}
}

@article{dosovitskiy2020image,
  title={An image is worth 16x16 words: Transformers for image recognition at scale},
  author={Dosovitskiy, Alexey and Beyer, Lucas and Kolesnikov, Alexander and Weissenborn, Dirk and Zhai, Xiaohua and Unterthiner, Thomas and others},
  journal={arXiv preprint arXiv:2010.11929},
  year={2020}
}

@inproceedings{selvaraju2017grad,
  title={Grad-cam: Visual explanations from deep networks via gradient-based localization},
  author={Selvaraju, Ramprasaath R and Cogswell, Michael and Das, Abhishek and Vedantam, Ramakrishna and Parikh, Devi and Batra, Dhruv},
  booktitle={Proceedings of the IEEE international conference on computer vision},
  pages={618--626},
  year={2017}
}

@article{browne2016diversity,
  title={Diversity of Palm Communities at Different Spatial Scales in a Recently Fragmented Tropical Landscape},
  author={Browne, Luke and Karubian, Jordan},
  journal={Botanical Journal of the Linnean Society},
  volume={182},
  number={2},
  pages={451--464},
  year={2016},
  publisher={Oxford University Press}
}

@article{lueder2022functional,
  title={Functional Traits, Species Diversity, and Species Composition of a Neotropical Palm Community Vary in Relation to Forest Age},
  author={Lueder, Sarah and Narasimhan, Kaushik and Olivo, Jorge and Cabrera, Domingo and Jurado, Juana and Greenstein, Lewis and Karubian, Jordan},
  journal={Frontiers in Ecology and Evolution},
  volume={10},
  pages={678125},
  year={2022},
  publisher={Frontiers}
}

@article{tao2021mapping,
  title={Mapping tropical forest trees across large areas with lightweight cost-effective terrestrial laser scanning},
  author={Tao, Shengli and Labri{\`e}re, Nicolas and Calders, Kim and Fischer, Fabian J{\"o}rg and Rau, E-Ping and Plaisance, Laetitia and Chave, J{\'e}r{\^o}me},
  journal={Annals of Forest Science},
  volume={78},
  number={4},
  pages={103},
  year={2021},
  publisher={Springer}
}

@article{ben2021spatial,
  title={Spatial point-pattern analysis as a powerful tool in identifying pattern-process relationships in plant ecology: an updated review},
  author={Ben-Said, Mariem},
  journal={Ecological Processes},
  volume={10},
  pages={1--23},
  year={2021},
  publisher={Springer}
}

@inproceedings{kuzucu2025calibration,
  title={On calibration of object detectors: Pitfalls, evaluation and baselines},
  author={Kuzucu, Selim and Oksuz, Kemal and Sadeghi, Jonathan and Dokania, Puneet K},
  booktitle={European Conference on Computer Vision},
  pages={185--204},
  year={2025},
  organization={Springer}
}

@article{zhang2022dino,
  title={Dino: Detr with improved denoising anchor boxes for end-to-end object detection},
  author={Zhang, Hao and Li, Feng and Liu, Shilong and Zhang, Lei and Su, Hang and Zhu, Jun and Ni, Lionel M and Shum, Heung-Yeung},
  journal={arXiv preprint arXiv:2203.03605},
  year={2022}
}

@inproceedings{wang2022sygnet,
  title={SYGNet: a SVD-YOLO based GhostNet for real-time driving scene parsing},
  author={Wang, Hewei and Zhu, Bolun and Li, Yijie and Gong, Kaiwen and Wen, Ziyuan and Wang, Shaofan and Dev, Soumyabrata},
  booktitle={2022 IEEE International Conference on Image Processing (ICIP)},
  pages={2701--2705},
  year={2022},
  organization={IEEE}
}

@inproceedings{zhang2023dense,
  title={Dense distinct query for end-to-end object detection},
  author={Zhang, Shilong and Wang, Xinjiang and Wang, Jiaqi and Pang, Jiangmiao and Lyu, Chengqi and Zhang, Wenwei and Luo, Ping and Chen, Kai},
  booktitle={Proceedings of the IEEE/CVF conference on computer vision and pattern recognition},
  pages={7329--7338},
  year={2023}
}

@misc{ma2024rethinking,
      title={Rethinking Remote Sensing Change Detection With A Mask View}, 
      author={Xiaowen Ma and Zhenkai Wu and Rongrong Lian and Wei Zhang and Siyang Song},
      year={2024},
      eprint={2406.15320},
      archivePrefix={arXiv},
      primaryClass={cs.CV},
      url={https://arxiv.org/abs/2406.15320}, 
}

@inproceedings{li2024CPDR,
author    = {Yijie Li and Hewei Wang and Aggelos Katsaggelos},
title     = {{CPDR: Towards Highly-Efficient Salient Object Detection via Crossed Post-decoder Refinement}},
booktitle = {35th British Machine Vision Conference 2024, {BMVC} 2024, Glasgow, UK, November 25-28, 2024},
publisher = {BMVA},
year      = {2024},
}

@article{kucharczyk2021remote,
  title={Remote sensing of natural hazard-related disasters with small drones: Global trends, biases, and research opportunities},
  author={Kucharczyk, Maja and Hugenholtz, Chris H},
  journal={Remote Sensing of Environment},
  volume={264},
  pages={112577},
  year={2021},
  publisher={Elsevier}
}

@article{olson2021review,
  title={Review on unmanned aerial vehicles, remote sensors, imagery processing, and their applications in agriculture},
  author={Olson, Daniel and Anderson, James},
  journal={Agronomy Journal},
  volume={113},
  number={2},
  pages={971--992},
  year={2021},
  publisher={Wiley Online Library}
}

@article{zheng2021growing,
  title={Growing status observation for oil palm trees using Unmanned Aerial Vehicle (UAV) images},
  author={Zheng, Juepeng and Fu, Haohuan and Li, Weijia and Wu, Wenzhao and Yu, Le and Yuan, Shuai and Tao, Wai Yuk William and Pang, Tan Kian and Kanniah, Kasturi Devi},
  journal={ISPRS Journal of Photogrammetry and Remote Sensing},
  volume={173},
  pages={95--121},
  year={2021},
  publisher={Elsevier}
}

@article{putra2023automatic,
  title={Automatic detection and counting of oil palm trees using remote sensing and object-based deep learning},
  author={Putra, Yoga Cahya and Wijayanto, Arie Wahyu},
  journal={Remote Sensing Applications: Society and Environment},
  volume={29},
  pages={100914},
  year={2023},
  publisher={Elsevier}
}

@article{ferreira2020individual,
  title={Individual tree detection and species classification of Amazonian palms using UAV images and deep learning},
  author={Ferreira, Matheus Pinheiro and de Almeida, Danilo Roberti Alves and de Almeida Papa, Daniel and Minervino, Juliano Baldez Silva and Veras, Hudson Franklin Pessoa and Formighieri, Arthur and Santos, Caio Alexandre Nascimento and Ferreira, Marcio Aur{\'e}lio Dantas and Figueiredo, Evandro Orfano and Ferreira, Evandro Jos{\'e} Linhares},
  journal={Forest Ecology and Management},
  volume={475},
  pages={118397},
  year={2020},
  publisher={Elsevier}
}