@inproceedings{carion2020end,
  title={End-to-end object detection with transformers},
  author={Carion, Nicolas and Massa, Francisco and Synnaeve, Gabriel and Usunier, Nicolas and Kirillov, Alexander and Zagoruyko, Sergey},
  booktitle={European conference on computer vision},
  pages={213--229},
  year={2020},
  organization={Springer}
}

@article{ferreira2020individual,
  title={Individual tree detection and species classification of Amazonian palms using UAV images and deep learning},
  author={Ferreira, Matheus Pinheiro and de Almeida, Danilo Roberti Alves and de Almeida Papa, Daniel and Minervino, Juliano Baldez Silva and Veras, Hudson Franklin Pessoa and Formighieri, Arthur and Santos, Caio Alexandre Nascimento and Ferreira, Marcio Aur{\'e}lio Dantas and Figueiredo, Evandro Orfano and Ferreira, Evandro Jos{\'e} Linhares},
  journal={Forest Ecology and Management},
  volume={475},
  pages={118397},
  year={2020},
  publisher={Elsevier}
}

@article{gibril2021deep,
  title={Deep convolutional neural network for large-scale date palm tree mapping from UAV-based images},
  author={Gibril, Mohamed Barakat A and Shafri, Helmi Zulhaidi Mohd and Shanableh, Abdallah and Al-Ruzouq, Rami and Wayayok, Aimrun and Hashim, Shaiful Jahari},
  journal={Remote Sensing},
  volume={13},
  number={14},
  pages={2787},
  year={2021},
  publisher={MDPI}
}

@article{jintasuttisak2022deep,
  title={Deep neural network based date palm tree detection in drone imagery},
  author={Jintasuttisak, Thani and Edirisinghe, Eran and Elbattay, Ali},
  journal={Computers and Electronics in Agriculture},
  volume={192},
  pages={106560},
  year={2022},
  publisher={Elsevier}
}

@inproceedings{kirillov2023segment,
  title={Segment anything},
  author={Kirillov, Alexander and Mintun, Eric and Ravi, Nikhila and Mao, Hanzi and Rolland, Chloe and Gustafson, Laura and others},
  booktitle={Proceedings of the IEEE/CVF International Conference on Computer Vision},
  pages={4015--4026},
  year={2023}
}

@article{li2016deep,
  title={Deep Learning Based Oil Palm Tree Detection and Counting for High-Resolution Remote Sensing Images},
  author={Li, Weijia and Fu, Haohuan and Yu, Le and Cracknell, Arthur},
  journal={Remote Sensing},
  volume={9},
  number={1},
  pages={22},
  year={2016},
  publisher={MDPI}
}

@inproceedings{li2024CPDR,
author    = {Yijie Li and Hewei Wang and Aggelos Katsaggelos},
title     = {{CPDR: Towards Highly-Efficient Salient Object Detection via Crossed Post-decoder Refinement}},
booktitle = {35th British Machine Vision Conference 2024, {BMVC} 2024, Glasgow, UK, November 25-28, 2024},
publisher = {BMVA},
year      = {2024},
}

@misc{ma2024rethinking,
      title={Rethinking Remote Sensing Change Detection With A Mask View}, 
      author={Xiaowen Ma and Zhenkai Wu and Rongrong Lian and Wei Zhang and Siyang Song},
      year={2024},
      eprint={2406.15320},
      archivePrefix={arXiv},
      primaryClass={cs.CV},
      url={https://arxiv.org/abs/2406.15320}, 
}

@misc{mobile_sam,
  title={Faster Segment Anything: Towards Lightweight SAM for Mobile Applications},
  author={Zhang, Chaoning and Han, Dongshen and Qiao, Yu and Kim, Jung Uk and Bae, Sung-Ho and Lee, Seungkyu and Hong, Choong Seon},
  year={2023},
  eprint={2306.14289},
  archivePrefix={arXiv},
  note={arXiv preprint arXiv:2306.14289},
}

@article{putra2023automatic,
  title={Automatic detection and counting of oil palm trees using remote sensing and object-based deep learning},
  author={Putra, Yoga Cahya and Wijayanto, Arie Wahyu},
  journal={Remote Sensing Applications: Society and Environment},
  volume={29},
  pages={100914},
  year={2023},
  publisher={Elsevier}
}

@article{ravi2024sam,
  title={Sam 2: Segment anything in images and videos},
  author={Ravi, Nikhila and Gabeur, Valentin and Hu, Yuan-Ting and Hu, Ronghang and Ryali, Chaitanya and Ma, Tengyu and Khedr, Haitham and R{\"a}dle, Roman and Rolland, Chloe and Gustafson, Laura and others},
  journal={arXiv preprint arXiv:2408.00714},
  year={2024}
}

@article{tagle2019identifying,
  title={Identifying and quantifying the abundance of economically important palms in tropical moist forest using UAV imagery},
  author={Tagle Casapia, Ximena and Falen, Lourdes and Bartholomeus, Harm and C{\'a}rdenas, Rodolfo and Flores, Gerardo and Herold, Martin and Honorio Coronado, Eur{\'\i}dice N and Baker, Timothy R},
  journal={Remote Sensing},
  volume={12},
  number={1},
  pages={9},
  year={2019},
  publisher={MDPI}
}

@article{wagner2020regional,
  title={Regional mapping and spatial distribution analysis of canopy palms in an amazon forest using deep learning and VHR images},
  author={Wagner, Fabien H and Dalagnol, Ricardo and Tagle Casapia, Ximena and Streher, Annia S and Phillips, Oliver L and Gloor, Emanuel and Arag{\~a}o, Luiz EOC},
  journal={Remote Sensing},
  volume={12},
  number={14},
  pages={2225},
  year={2020},
  publisher={MDPI}
}

@inproceedings{wang2022sygnet,
  title={SYGNet: a SVD-YOLO based GhostNet for real-time driving scene parsing},
  author={Wang, Hewei and Zhu, Bolun and Li, Yijie and Gong, Kaiwen and Wen, Ziyuan and Wang, Shaofan and Dev, Soumyabrata},
  booktitle={2022 IEEE International Conference on Image Processing (ICIP)},
  pages={2701--2705},
  year={2022},
  organization={IEEE}
}

@misc{yolo11,
  author = {Glenn Jocher and Jing Qiu},
  title = {Ultralytics YOLO11},
  version = {11.0.0},
  year = {2024},
  howpublished = {\url{https://github.com/ultralytics/ultralytics}},
  orcid = {0000-0001-5950-6979, 0000-0002-7603-6750, 0000-0003-3783-7069},
  license = {AGPL-3.0}
}

@misc{yolov10,
  title={YOLOv10: Real-Time End-to-End Object Detection}, 
  author={Ao Wang and Hui Chen and Lihao Liu and Kai Chen and Zijia Lin and Jungong Han and Guiguang Ding},
  year={2024},
  eprint={2405.14458},
  archivePrefix={arXiv},
  primaryClass={cs.CV},
  note={arXiv preprint arXiv:2405.14458}
}

@misc{yolov8,
  author = {Glenn Jocher and Ayush Chaurasia and Jing Qiu},
  title = {Ultralytics YOLOv8},
  version = {8.0.0},
  year = {2023},
  howpublished = {\url{https://github.com/ultralytics/ultralytics}},
  orcid = {0000-0001-5950-6979, 0000-0002-7603-6750, 0000-0003-3783-7069},
  license = {AGPL-3.0}
}

@misc{yolov9,
  title={YOLOv9: Learning What You Want to Learn Using Programmable Gradient Information}, 
  author={Chien-Yao Wang and I-Hau Yeh and Hong-Yuan Mark Liao},
  year={2024},
  eprint={2402.13616},
  archivePrefix={arXiv},
  primaryClass={cs.CV},
  note={arXiv preprint arXiv:2402.13616}
}

@article{zhang2022dino,
  title={Dino: Detr with improved denoising anchor boxes for end-to-end object detection},
  author={Zhang, Hao and Li, Feng and Liu, Shilong and Zhang, Lei and Su, Hang and Zhu, Jun and Ni, Lionel M and Shum, Heung-Yeung},
  journal={arXiv preprint arXiv:2203.03605},
  year={2022}
}

@inproceedings{zhang2023dense,
  title={Dense distinct query for end-to-end object detection},
  author={Zhang, Shilong and Wang, Xinjiang and Wang, Jiaqi and Pang, Jiangmiao and Lyu, Chengqi and Zhang, Wenwei and Luo, Ping and Chen, Kai},
  booktitle={Proceedings of the IEEE/CVF conference on computer vision and pattern recognition},
  pages={7329--7338},
  year={2023}
}

@inproceedings{zhao2024detrs,
  title={Detrs beat yolos on real-time object detection},
  author={Zhao, Yian and Lv, Wenyu and Xu, Shangliang and Wei, Jinman and Wang, Guanzhong and Dang, Qingqing and Liu, Yi and Chen, Jie},
  booktitle={Proceedings of the IEEE/CVF Conference on Computer Vision and Pattern Recognition},
  pages={16965--16974},
  year={2024}
}

@article{zheng2021growing,
  title={Growing status observation for oil palm trees using Unmanned Aerial Vehicle (UAV) images},
  author={Zheng, Juepeng and Fu, Haohuan and Li, Weijia and Wu, Wenzhao and Yu, Le and Yuan, Shuai and Tao, Wai Yuk William and Pang, Tan Kian and Kanniah, Kasturi Devi},
  journal={ISPRS Journal of Photogrammetry and Remote Sensing},
  volume={173},
  pages={95--121},
  year={2021},
  publisher={Elsevier}
}

@article{zou2023object,
  title={Object detection in 20 years: A survey},
  author={Zou, Zhengxia and Chen, Keyan and Shi, Zhenwei and Guo, Yuhong and Ye, Jieping},
  journal={Proceedings of the IEEE},
  volume={111},
  number={3},
  pages={257--276},
  year={2023},
  publisher={IEEE}
}

