@INPROCEEDINGS{Koyama,
  author={Koyama, Yuki and Marinho, Murilo M. and Harada, Kanako},
  booktitle={2023 IEEE International Conference on Robotics and Automation (ICRA)}, 
  title={Vitreoretinal Surgical Robotic System with Autonomous Orbital Manipulation using Vector-Field Inequalities}, 
  year={2023},
  volume={},
  number={},
  pages={4654-4660},
  doi={10.1109/ICRA48891.2023.10160795}}

@article{davincipreoperative1,
  title={Preoperative planning system for surgical robotics setup with kinematics and haptics},
  author={Hayashibe, M and Suzuki, N and Hashizume, M and Kakeji, Y and Konishi, K and Suzuki, S and Hattori, A},
  journal={The International Journal of Medical Robotics and Computer Assisted Surgery},
  volume={1},
  number={2},
  pages={76--85},
  year={2005},
  publisher={Wiley Online Library}
}

@article{davincipreoperative2,
  title={Optimizing port placement for robot-assisted minimally invasive cardiac surgery},
  author={Trejos, AL and Patel, RV and Ross, I and Kiaii, B},
  journal={The International Journal of Medical Robotics and Computer Assisted Surgery},
  volume={3},
  number={4},
  pages={355--364},
  year={2007},
  publisher={Wiley Online Library}
}

@ARTICLE{davincipreoperative3,
  author={Cannon, J.W. and Stoll, J.A. and Selha, S.D. and Dupont, P.E. and Howe, R.D. and Torchiana, D.F.},
  journal={IEEE Transactions on Robotics and Automation}, 
  title={Port placement planning in robot-assisted coronary artery bypass}, 
  year={2003},
  volume={19},
  number={5},
  pages={912-917},
  keywords={Robots;Arteries;Anatomy;Surgical instruments;Orbital robotics;Surges;Endoscopes;Minimally invasive surgery;Heart;Mechanical engineering},
  doi={10.1109/TRA.2003.817502}}

@INPROCEEDINGS{davincipreoperative4,
  author={Sun, L.W. and Yeung, C. K.},
  booktitle={2007 IEEE/RSJ International Conference on Intelligent Robots and Systems}, 
  title={Port placement and pose selection of the da Vinci surgical system for collision-free intervention based on performance optimization}, 
  year={2007},
  volume={},
  number={},
  pages={1951-1956},
  keywords={Optimization;Robots;Minimally invasive surgery;Guidelines;Computational modeling;Computer simulation;Surgical instruments;Equations;Performance analysis;Anatomy;Optimal port placement;pose selection;da Vinci robot;performance index;operation planning},
  doi={10.1109/IROS.2007.4399354}}

@INPROCEEDINGS{davincipreoperative5,
  author={Azimian, Hamidreza and Breetzke, Jeremy and Trejos, Ana Luisa and Patel, Rajni V. and Naish, Michael D. and Peters, Terry and Moore, John and Wedlake, Chris and Kiaii, Bob},
  booktitle={2010 IEEE International Conference on Robotics and Automation}, 
  title={Preoperative planning of robotics-assisted minimally invasive coronary artery bypass grafting}, 
  year={2010},
  volume={},
  number={},
  pages={1548-1553},
  keywords={Robots;Minimally invasive surgery;Arteries;Force measurement;Manipulators;Collision avoidance;Kinematics;Torque measurement;Guidelines;Computational geometry},
  doi={10.1109/ROBOT.2010.5509814}}

@ARTICLE{davincipreoperative6,
  author={Adhami, L. and Coste-Maniere, E.},
  journal={IEEE Transactions on Robotics and Automation}, 
  title={Optimal planning for minimally invasive surgical robots}, 
  year={2003},
  volume={19},
  number={5},
  pages={854-863},
  keywords={Minimally invasive surgery;Medical robotics;Motion planning;Surges;Robot sensing systems;Robotics and automation;Cost function;Standardization;Anatomical structure;Collision avoidance},
  doi={10.1109/TRA.2003.817061}}

@article{davincipreoperative7,
  title={Preoperative planning for a multi-arm robot-assisted minimally invasive surgery system},
  author={Du, Zhijiang and Wang, Wei and Wang, Weidong and Dong, Wei},
  journal={Simulation},
  volume={93},
  number={10},
  pages={853--867},
  year={2017},
  publisher={SAGE Publications Sage UK: London, England}
}

@INPROCEEDINGS{haorandesign,
  author={Yu, Haoran and Shen, Jin-Hui and Joos, Karen M. and Simaan, Nabil},
  booktitle={2013 IEEE International Conference on Robotics and Automation}, 
  title={Design, calibration and preliminary testing of a robotic telemanipulator for OCT guided retinal surgery}, 
  year={2013},
  volume={},
  number={},
  pages={225-231},
  doi={10.1109/ICRA.2013.6630580}}

@INPROCEEDINGS{trocaroptimization1,
  author={Cursi, Francesco and Kormushev, Petar},
  booktitle={2021 IEEE/RSJ International Conference on Intelligent Robots and Systems (IROS)}, 
  title={Pre-operative Offline Optimization of Insertion Point Location for Safe and Accurate Surgical Task Execution}, 
  year={2021},
  volume={},
  number={},
  pages={4040-4047},
  keywords={Medical robotics;Shape;Kinematics;Manipulators;Safety;Task analysis;Robots},
  doi={10.1109/IROS51168.2021.9636285}}

@INPROCEEDINGS{trocaroptimization2,
  author={Locke, Roderick C. O. and Patel, Rajni V.},
  booktitle={Proceedings 2007 IEEE International Conference on Robotics and Automation}, 
  title={Optimal Remote Center-of-Motion Location for Robotics-Assisted Minimally-Invasive Surgery}, 
  year={2007},
  volume={},
  number={},
  pages={1900-1905},
  keywords={Robots;Surgery;Kinematics;Robotics and automation;Manipulators;Testing;Medical robotics;Control systems;Couplings;Software tools;Remote center-of-motion;kinematic optimization;minimally-invasive surgery;medical robotics},
  doi={10.1109/ROBOT.2007.363599}}

@ARTICLE{trocaroptimization3,
  author={Cursi, Francesco and Bai, Weibang and Yeatman, Eric M. and Kormushev, Petar},
  journal={IEEE Transactions on Robotics}, 
  title={Optimization of Surgical Robotic Instrument Mounting in a Macroâ€“Micro Manipulator Setup for Improving Task Execution}, 
  year={2022},
  volume={38},
  number={5},
  pages={2858-2874},
  keywords={Robots;Task analysis;Instruments;Optimization;End effectors;Jacobian matrices;Kinematics;Genetic algorithm (GA);minimally invasive robotic surgery (MIRS);redundant robots;robotic configuration optimization},
  doi={10.1109/TRO.2022.3171097}}

@INPROCEEDINGS{weidesign,
  author={Wei, Wei and Goldman, Roger and Simaan, Nabil and Fine, Howard and Chang, Stanley},
  booktitle={Proceedings 2007 IEEE International Conference on Robotics and Automation}, 
  title={Design and Theoretical Evaluation of Micro-Surgical Manipulators for Orbital Manipulation and Intraocular Dexterity}, 
  year={2007},
  volume={},
  number={},
  pages={3389-3395},
  doi={10.1109/ROBOT.2007.363996}}

@ARTICLE{weiperformance,
  author={Wei, Wei and Goldman, Roger E. and Fine, Howard F. and Chang, Stanley and Simaan, Nabil},
  journal={IEEE Transactions on Robotics}, 
  title={Performance Evaluation for Multi-arm Manipulation of Hollow Suspended Organs}, 
  year={2009},
  volume={25},
  number={1},
  pages={147-157},
  doi={10.1109/TRO.2008.2006865}}

