% \usepackage{cite}
@INPROCEEDINGS{accessibilityanalysis,
  author={Inagaki, Satoshi and Alikhani, Alireza and Navab, Nassir and Maier, Mathias and Nasseri, M. Ali},
  booktitle={2024 IEEE International Conference on Robotics and Automation (ICRA)}, 
  title={Analyzing Accessibility in Robot-Assisted Vitreoretinal Surgery: Integrating Eye Posture and Robot Position}, 
  year={2024},
  volume={},
  number={},
  pages={9894-9900},
  keywords={Analytical models;Medical robotics;Robot kinematics;Simulation;Phantoms;Microsurgery;Anatomy;Medical Robots and Systems;Surgical Robotics: Planning;Robot-Assisted Microsurgery},
  doi={10.1109/ICRA57147.2024.10611482}}
@INPROCEEDINGS{10340955,
  author={Alikhani, Alireza and Oßner, Sebastian and Dehghani, Shervin and Busam, Benjamin and Inagaki, Satoshi and Maier, Mathias and Navab, Nassir and Nasseri, M. Ali},
  booktitle={2023 45th Annual International Conference of the IEEE Engineering in Medicine \& Biology Society (EMBC)}, 
  title={RCIT: A Robust Catadioptric-based Instrument 3D Tracking Method For Microsurgical Instruments In a Single-Camera System}, 
  year={2023},
  volume={},
  number={},
  pages={1-5},
  keywords={Vibrations;Three-dimensional displays;Uncertainty;Evolution (biology);Instruments;Systems biology;Microsurgery},
  doi={10.1109/EMBC40787.2023.10340955}}

#汎用ロボット向けのトロカー位置の最適化１
@INPROCEEDINGS{trocaroptimization1,
  author={Cursi, Francesco and Kormushev, Petar},
  booktitle={2021 IEEE/RSJ International Conference on Intelligent Robots and Systems (IROS)}, 
  title={Pre-operative Offline Optimization of Insertion Point Location for Safe and Accurate Surgical Task Execution}, 
  year={2021},
  volume={},
  number={},
  pages={4040-4047},
  keywords={Medical robotics;Shape;Kinematics;Manipulators;Safety;Task analysis;Robots},
  doi={10.1109/IROS51168.2021.9636285}}

#汎用ロボット向けのトロカー位置の最適化2
@INPROCEEDINGS{trocaroptimization2,
  author={Locke, Roderick C. O. and Patel, Rajni V.},
  booktitle={Proceedings 2007 IEEE International Conference on Robotics and Automation}, 
  title={Optimal Remote Center-of-Motion Location for Robotics-Assisted Minimally-Invasive Surgery}, 
  year={2007},
  volume={},
  number={},
  pages={1900-1905},
  keywords={Robots;Surgery;Kinematics;Robotics and automation;Manipulators;Testing;Medical robotics;Control systems;Couplings;Software tools;Remote center-of-motion;kinematic optimization;minimally-invasive surgery;medical robotics},
  doi={10.1109/ROBOT.2007.363599}}

@ARTICLE{trocaroptimization3,
  author={Cursi, Francesco and Bai, Weibang and Yeatman, Eric M. and Kormushev, Petar},
  journal={IEEE Transactions on Robotics}, 
  title={Optimization of Surgical Robotic Instrument Mounting in a Macro–Micro Manipulator Setup for Improving Task Execution}, 
  year={2022},
  volume={38},
  number={5},
  pages={2858-2874},
  keywords={Robots;Task analysis;Instruments;Optimization;End effectors;Jacobian matrices;Kinematics;Genetic algorithm (GA);minimally invasive robotic surgery (MIRS);redundant robots;robotic configuration optimization},
  doi={10.1109/TRO.2022.3171097}}


#腹腔鏡手術ロボット用の術前計画
@article{davincipreoperative1,
  title={Preoperative planning system for surgical robotics setup with kinematics and haptics},
  author={Hayashibe, M and Suzuki, N and Hashizume, M and Kakeji, Y and Konishi, K and Suzuki, S and Hattori, A},
  journal={The International Journal of Medical Robotics and Computer Assisted Surgery},
  volume={1},
  number={2},
  pages={76--85},
  year={2005},
  publisher={Wiley Online Library}
}

@article{davincipreoperative2,
  title={Optimizing port placement for robot-assisted minimally invasive cardiac surgery},
  author={Trejos, AL and Patel, RV and Ross, I and Kiaii, B},
  journal={The International Journal of Medical Robotics and Computer Assisted Surgery},
  volume={3},
  number={4},
  pages={355--364},
  year={2007},
  publisher={Wiley Online Library}
}

@ARTICLE{davincipreoperative3,
  author={Cannon, J.W. and Stoll, J.A. and Selha, S.D. and Dupont, P.E. and Howe, R.D. and Torchiana, D.F.},
  journal={IEEE Transactions on Robotics and Automation}, 
  title={Port placement planning in robot-assisted coronary artery bypass}, 
  year={2003},
  volume={19},
  number={5},
  pages={912-917},
  keywords={Robots;Arteries;Anatomy;Surgical instruments;Orbital robotics;Surges;Endoscopes;Minimally invasive surgery;Heart;Mechanical engineering},
  doi={10.1109/TRA.2003.817502}}

@INPROCEEDINGS{davincipreoperative4,
  author={Sun, L.W. and Yeung, C. K.},
  booktitle={2007 IEEE/RSJ International Conference on Intelligent Robots and Systems}, 
  title={Port placement and pose selection of the da Vinci surgical system for collision-free intervention based on performance optimization}, 
  year={2007},
  volume={},
  number={},
  pages={1951-1956},
  keywords={Optimization;Robots;Minimally invasive surgery;Guidelines;Computational modeling;Computer simulation;Surgical instruments;Equations;Performance analysis;Anatomy;Optimal port placement;pose selection;da Vinci robot;performance index;operation planning},
  doi={10.1109/IROS.2007.4399354}}

@INPROCEEDINGS{davincipreoperative5,
  author={Azimian, Hamidreza and Breetzke, Jeremy and Trejos, Ana Luisa and Patel, Rajni V. and Naish, Michael D. and Peters, Terry and Moore, John and Wedlake, Chris and Kiaii, Bob},
  booktitle={2010 IEEE International Conference on Robotics and Automation}, 
  title={Preoperative planning of robotics-assisted minimally invasive coronary artery bypass grafting}, 
  year={2010},
  volume={},
  number={},
  pages={1548-1553},
  keywords={Robots;Minimally invasive surgery;Arteries;Force measurement;Manipulators;Collision avoidance;Kinematics;Torque measurement;Guidelines;Computational geometry},
  doi={10.1109/ROBOT.2010.5509814}}

@ARTICLE{davincipreoperative6,
  author={Adhami, L. and Coste-Maniere, E.},
  journal={IEEE Transactions on Robotics and Automation}, 
  title={Optimal planning for minimally invasive surgical robots}, 
  year={2003},
  volume={19},
  number={5},
  pages={854-863},
  keywords={Minimally invasive surgery;Medical robotics;Motion planning;Surges;Robot sensing systems;Robotics and automation;Cost function;Standardization;Anatomical structure;Collision avoidance},
  doi={10.1109/TRA.2003.817061}}

@article{davincipreoperative7,
  title={Preoperative planning for a multi-arm robot-assisted minimally invasive surgery system},
  author={Du, Zhijiang and Wang, Wei and Wang, Weidong and Dong, Wei},
  journal={Simulation},
  volume={93},
  number={10},
  pages={853--867},
  year={2017},
  publisher={SAGE Publications Sage UK: London, England}
}

@INPROCEEDINGS{colibri5,
  author={Dehghani, Shervin and Sommersperger, Michael and Saleh, Mahdi and Alikhani, Alireza and Busam, Benjamin and Gehlbach, Peter and Iordachita, Iulian and Navab, Nassir and Ali Nasseri, M.},
  booktitle={2024 IEEE International Conference on Robotics and Automation (ICRA)}, 
  title={Colibri5: Real-Time Monocular 5-DoF Trocar Pose Tracking for Robot-Assisted Vitreoretinal Surgery}, 
  year={2024},
  volume={},
  number={},
  pages={4547-4554},
  keywords={Tracking;Navigation;Instruments;Robot vision systems;Surgery;Manuals;Retina;Computer Vision for Medical Robotics;Vision-Based Navigation;Visual Tracking},
  doi={10.1109/ICRA57147.2024.10610576}}

@INPROCEEDINGS{colibridoc,
  author={Dehghani, Shervin and Sommersperger, Michael and Yang, Junjie and Salehi, Mehrdad and Busam, Benjamin and Huang, Kai and Gehlbach, Peter and Iordachita, Iulian and Navab, Nassir and Nasseri, M. Ali},
  booktitle={2022 International Conference on Robotics and Automation (ICRA)}, 
  title={ColibriDoc: an Eye-in-Hand Autonomous Trocar Docking System}, 
  year={2022},
  volume={},
  number={},
  pages={7717-7723},
  keywords={Medical robotics;Navigation;Instruments;Robot vision systems;Pose estimation;Surgery;Retina;Medical Robots and Systems;Surgical Robotics: Planning;Computer Vision for Medical Robotics},
  doi={10.1109/ICRA46639.2022.9811364}}

@article{fundusimage,
  title={Ridge-based vessel segmentation in color images of the retina},
  author={Staal, Joes and Abr{\`a}moff, Michael D and Niemeijer, Meindert and Viergever, Max A and Van Ginneken, Bram},
  journal={IEEE transactions on medical imaging},
  volume={23},
  number={4},
  pages={501--509},
  year={2004},
  publisher={IEEE}
}

@article{eyeoptics,
  title={Optical devices in ophthalmology and optometry: technology, design principles and clinical applications},
  author={Kaschke, Michael and Donnerhacke, Karl-Heinz and Rill, Michael Stefan},
  year={2013},
  publisher={John Wiley \& Sons}
}

@ARTICLE{eyegazetrack1,
  author={Zhu, Zhiwei and Ji, Qiang},
  journal={IEEE Transactions on Biomedical Engineering}, 
  title={Novel Eye Gaze Tracking Techniques Under Natural Head Movement}, 
  year={2007},
  volume={54},
  number={12},
  pages={2246-2260},
  keywords={Tracking;Calibration;Mirrors;Human computer interaction;Anatomy;Cornea;Layout;Computational modeling;State estimation;Usability;Eye gaze tracking;gaze estimation;human computer interaction},
  doi={10.1109/TBME.2007.895750}}


@INPROCEEDINGS{KUleventowardsaclinically,
  author={Gijbels, A. and Willekens, K. and Esteveny, L. and Stalmans, P. and Reynaerts, D. and Vander Poorten, E.B.},
  booktitle={2016 6th IEEE International Conference on Biomedical Robotics and Biomechatronics (BioRob)}, 
  title={Towards a clinically applicable robotic assistance system for retinal vein cannulation}, 
  year={2016},
  volume={},
  number={},
  pages={284-291},
  doi={10.1109/BIOROB.2016.7523639}}

@INPROCEEDINGS{KUlevendesignandrealisation,
  author={Gijbels, A. and Wouters, N. and Stalmans, P. and Van Brussel, H. and Reynaerts, D. and Poorten, E. Vander},
  booktitle={2013 IEEE/RSJ International Conference on Intelligent Robots and Systems}, 
  title={Design and realisation of a novel robotic manipulator for retinal surgery}, 
  year={2013},
  volume={},
  number={},
  pages={3598-3603},
  doi={10.1109/IROS.2013.6696869}}

@ARTICLE{PKC-RCM,
  author={Alikhani, Alireza and Inagaki, Satoshi and Yang, Junjie and Dehghani, Shervin and Sommersperger, Michael and Huang, Kai and Maier, Mathias and Navab, Nassir and Nasseri, M. Ali},
  journal={IEEE Access}, 
  title={PKC-RCM: Preoperative Kinematic Calibration for Enhancing RCM Accuracy in Automatic Vitreoretinal Robotic Surgery}, 
  year={2023},
  volume={11},
  number={},
  pages={103616-103627},
  keywords={Robots;Kinematics;Surgery;Calibration;Instruments;Cameras;Medical robotics;Computer vision;Medical robots and systems;computer vision for medical robotics;surgical robotics;planning;remote center of motion (RCM)},
  doi={10.1109/ACCESS.2023.3316708}}

@article{houghcircle,
  title={Lower order circle and ellipse Hough transform},
  author={Guil, Nicolas and Zapata, Emilio L},
  journal={Pattern Recognition},
  volume={30},
  number={10},
  pages={1729--1744},
  year={1997},
  publisher={Elsevier}
}

@INPROCEEDINGS{weidesign,
  author={Wei, Wei and Goldman, Roger and Simaan, Nabil and Fine, Howard and Chang, Stanley},
  booktitle={Proceedings 2007 IEEE International Conference on Robotics and Automation}, 
  title={Design and Theoretical Evaluation of Micro-Surgical Manipulators for Orbital Manipulation and Intraocular Dexterity}, 
  year={2007},
  volume={},
  number={},
  pages={3389-3395},
  doi={10.1109/ROBOT.2007.363996}}

@ARTICLE{weiperformance,
  author={Wei, Wei and Goldman, Roger E. and Fine, Howard F. and Chang, Stanley and Simaan, Nabil},
  journal={IEEE Transactions on Robotics}, 
  title={Performance Evaluation for Multi-arm Manipulation of Hollow Suspended Organs}, 
  year={2009},
  volume={25},
  number={1},
  pages={147-157},
  doi={10.1109/TRO.2008.2006865}}

@INPROCEEDINGS{haorandesign,
  author={Yu, Haoran and Shen, Jin-Hui and Joos, Karen M. and Simaan, Nabil},
  booktitle={2013 IEEE International Conference on Robotics and Automation}, 
  title={Design, calibration and preliminary testing of a robotic telemanipulator for OCT guided retinal surgery}, 
  year={2013},
  volume={},
  number={},
  pages={225-231},
  doi={10.1109/ICRA.2013.6630580}}

@INPROCEEDINGS{virtualfixture,
  author={Nasseri, M. A. and Gschirr, P. and Eder, M. and Nair, S. and Kobuch, K. and Maier, M. and Zapp, D. and Lohmann, C. and Knoll, A.},
  booktitle={5th IEEE RAS/EMBS International Conference on Biomedical Robotics and Biomechatronics}, 
  title={Virtual fixture control of a hybrid parallel-serial robot for assisting ophthalmic surgery: An experimental study}, 
  year={2014},
  volume={},
  number={},
  pages={732-738},
  doi={10.1109/BIOROB.2014.6913865}}

@inproceedings{wu2020optimized,
  title={An optimized tilt mechanism for a new steady-hand eye robot},
  author={Wu, Jiahao and Li, Gang and Urias, Muller and Patel, Niravkumar A and Liu, Yun-hui and Gehlbach, Peter and Taylor, Russell H and Iordachita, Iulian},
  booktitle={2020 IEEE/RSJ International Conference on Intelligent Robots and Systems (IROS)},
  pages={3105--3111},
  year={2020},
  organization={IEEE}
}

@INPROCEEDINGS{Koyama,
  author={Koyama, Yuki and Marinho, Murilo M. and Harada, Kanako},
  booktitle={2023 IEEE International Conference on Robotics and Automation (ICRA)}, 
  title={Vitreoretinal Surgical Robotic System with Autonomous Orbital Manipulation using Vector-Field Inequalities}, 
  year={2023},
  volume={},
  number={},
  pages={4654-4660},
  doi={10.1109/ICRA48891.2023.10160795}}

@INPROCEEDINGS{KUlevensetupandmethod,
  author={Smits, Jonas and Reynaerts, Dominiek and Poorten, Emmanuel Vander},
  booktitle={2019 IEEE/RSJ International Conference on Intelligent Robots and Systems (IROS)}, 
  title={Setup and Method for Remote Center of Motion Positioning Guidance During Robot-Assisted Surgery}, 
  year={2019},
  volume={},
  number={},
  pages={1315-1322},
  doi={10.1109/IROS40897.2019.8968288}}


@article{arevalo2011minimally,
  title={Minimally invasive vitreoretinal surgery is sutureless vitrectomy the future of vitreoretinal surgery?},
  author={Arevalo, J Fernando and Berrocal, Mar{\'\i}a H and Arias, Juan D and Banaee, Touka},
  year={2011},
  publisher={JOURNAL OF OPHTHALMIC AND VISION RESEARCH}
}

@article{charles1975dimensions,
  title={Dimensions of the human eye relevant to radiation protection (dosimetry)},
  author={Charles, MW and Brown, Nicholas},
  journal={Physics in Medicine \& Biology},
  volume={20},
  number={2},
  pages={202},
  year={1975},
  publisher={IOP Publishing}
}

@INPROCEEDINGS{sixdegree1993,
  author={Grace, K.W. and Colgate, J.E. and Glucksberg, M.R. and Chun, J.H.},
  booktitle={[1993] Proceedings IEEE International Conference on Robotics and Automation}, 
  title={A six degree of freedom micromanipulator for ophthalmic surgery}, 
  year={1993},
  volume={},
  number={},
  pages={630-635 vol.1},
  doi={10.1109/ROBOT.1993.292049}}

@article{korabmodelling,
  title={Modelling and Development of a Mechanical Eye for the Evaluation of Robotic Systems for Surgery},
  author={Hoxha, Korab and Alikhani, Alireza and Inagaki, Satoshi and Ferle, Manuel and Maier, Mathias and Nasseri, M Ali}
}

@book{spong2006robot,
  title={Robot modeling and control},
  author={Spong, Mark W and Hutchinson, Seth and Vidyasagar, Mathukumalli and others},
  volume={3},
  year={2006},
  publisher={Wiley New York}
}

@article{gerber2020advanced,
  title={Advanced robotic surgical systems in ophthalmology},
  author={Gerber, Matthew J and Pettenkofer, Moritz and Hubschman, Jean-Pierre},
  journal={Eye},
  volume={34},
  number={9},
  pages={1554--1562},
  year={2020},
  publisher={Nature Publishing Group UK London}
}

@article{traa2013least,
  title={Least-squares intersection of lines},
  author={Traa, Johannes},
  journal={University of Illinois Urbana-Champaign (UIUC)},
  year={2013}
}


@book{shapiro2001computer,
  title={Computer vision},
  author={Shapiro, Linda G and Stockman, George C},
  year={2001},
  publisher={Pearson}
}

@book{gonzalez2009digital,
  title={Digital image processing},
  author={Gonzalez, Rafael C},
  year={2009},
  publisher={Pearson education india}
}

@article{10000045795,
author="SERRA, J.",
title="Image Analysis and Mathematical Morphol-ogy",
journal="",
ISSN="",
publisher="Academic Press",
year="1982",
month="",
volume="",
number="",
pages="",
URL="https://ci.nii.ac.jp/naid/10000045795/en/",
DOI="",
}


@article{canny1986computational,
  title={A computational approach to edge detection},
  author={Canny, John},
  journal={IEEE Transactions on pattern analysis and machine intelligence},
  number={6},
  pages={679--698},
  year={1986},
  publisher={Ieee}
}

@article{haddad1991class,
  title={A class of fast Gaussian binomial filters for speech and image processing},
  author={Haddad, Richard A and Akansu, Ali N and others},
  journal={IEEE Transactions on Signal Processing},
  volume={39},
  number={3},
  pages={723--727},
  year={1991}
}

@article{van2004short,
  title={A short introduction to the Radon and Hough transforms and how they relate to each other},
  author={van Ginkel, Michael and Hendriks, CL Luengo and van Vliet, Lucas J},
  journal={Delft University of Technology},
  year={2004}
}

@inproceedings{nasseri2013introduction,
author = {Nasseri, M A and Eder, Martin and Nair, Saurabh and Dean, E C and Maier, Martin and Zapp, D and Lohmann, C P and Knoll, Aaron},
booktitle = {Eng. Med. Biol. Soc. (EMBC), 2013 35th Annu. Int. Conf. IEEE},
organization = {IEEE},
pages = {5682--5685},
title = {{The introduction of a new robot for assistance in ophthalmic surgery}},
year = {2013}
}

@misc{hough1962method,
  title={Method and means for recognizing complex patterns},
  author={Hough, Paul VC},
  year={1962},
  month=dec # "~18",
  publisher={Google Patents},
  note={US Patent 3,069,654}
}

@INPROCEEDINGS{6943606,
  author={Sakai, Tomoya and Harada, Kanako and Tanaka, Shinichi and Ueta, Takashi and Noda, Yasuo and Sugita, Naohiko and Mitsuishi, Mamoru},
  booktitle={2014 36th Annual International Conference of the IEEE Engineering in Medicine and Biology Society}, 
  title={Design and development of miniature parallel robot for eye surgery}, 
  year={2014},
  volume={},
  number={},
  pages={371-374},
  doi={10.1109/EMBC.2014.6943606}}
  
  @INPROCEEDINGS{robotarmforeysurgery,
  author={Tomiki, Yushiro and Marinho, Murilo M. and Kurose, Yusuke and Harada, Kanako and Mitsuishi, Mamoru},
  booktitle={2017 14th International Conference on Ubiquitous Robots and Ambient Intelligence (URAI)}, 
  title={On the use of general-purpose serial-link manipulators in eye surgery}, 
  year={2017},
  volume={},
  number={},
  pages={540-541},
  doi={10.1109/URAI.2017.7992663}}
  
@inproceedings{nasseri2013kinematics,
  title={Kinematics and dynamics analysis of a hybrid parallel-serial micromanipulator designed for biomedical applications},
  author={Nasseri, M Ali and Eder, Martin and Eberts, D and Nair, Suraj and Maier, Mathias and Zapp, Daniel and Lohmann, Chris P and Knoll, A},
  booktitle={2013 IEEE/ASME International Conference on Advanced Intelligent Mechatronics},
  pages={293--299},
  year={2013},
  organization={IEEE}
}

@article{ebrahimi2021adaptive,
  title={Adaptive control improves sclera force safety in robot-assisted eye surgery: A clinical study},
  author={Ebrahimi, Ali and Urias, M{\"u}ller G and Patel, Niravkumar and Taylor, Russell H and Gehlbach, Peter and Iordachita, Iulian},
  journal={IEEE Transactions on Biomedical Engineering},
  volume={68},
  number={11},
  pages={3356--3365},
  year={2021},
  publisher={IEEE}
}


@article{de2016robotic,
  title={Robotic assisted cannulation of occluded retinal veins},
  author={de Smet, Marc D and Meenink, Thijs CM and Janssens, Tom and Vanheukelom, Valerie and Naus, Gerrit JL and Beelen, Maarten J and Meers, Caroline and Jonckx, Bart and Stassen, Jean-Marie},
  journal={PloS one},
  volume={11},
  number={9},
  pages={e0162037},
  year={2016},
  publisher={Public Library of Science San Francisco, CA USA}
}

@misc{stoianovici2006remote,
  title={Remote center of motion robotic system and method},
  author={Stoianovici, Dan and Whitcomb, Louis L and Mazilu, Dumitru and Taylor, Russell H and Kavoussi, Louis R},
  year={2006},
  month=apr # "~4",
  publisher={Google Patents},
  note={US Patent 7,021,173}
}

@ARTICLE{mingbai,
  author={Bai, Ming and Zhang, Minglu and Zhang, He and Pang, Linjun and Zhao, Jie and Gao, Chunyan},
  journal={IEEE Access}, 
  title={An Error Compensation Method for Surgical Robot Based on RCM Mechanism}, 
  year={2021},
  volume={9},
  number={},
  pages={140747-140758},
  doi={10.1109/ACCESS.2021.3117350}}
  
  @INPROCEEDINGS{JTWilson,
  author={Wilson, Jason T. and Tsao, Tsu-Chin and Hubschman, Jean-Pierre and Schwartz, Steven},
  booktitle={2010 IEEE/ASME International Conference on Advanced Intelligent Mechatronics}, 
  title={Evaluating remote centers of motion for minimally invasive surgical robots by computer vision}, 
  year={2010},
  volume={},
  number={},
  pages={1413-1418},
  doi={10.1109/AIM.2010.5695924}}
  
  @ARTICLE{Leveraging,
  author={Gruijthuijsen, Caspar and Dong, Lin and Morel, Guillaume and Poorten, Emmanuel Vander},
  journal={IEEE Robotics and Automation Letters}, 
  title={Leveraging the Fulcrum Point in Robotic Minimally Invasive Surgery}, 
  year={2018},
  volume={3},
  number={3},
  pages={2071-2078},
  doi={10.1109/LRA.2018.2809495}}
  
  @article{krupa2004achieving,
  title={Achieving high-precision laparoscopic manipulation through adaptive force control},
  author={Krupa, Alexandre and Morel, Guillaume and De Mathelin, Michel},
  journal={Advanced Robotics},
  volume={18},
  number={9},
  pages={905--926},
  year={2004},
  publisher={Taylor \& Francis}
}

@article{suzuki2020origami,
  title={Origami-inspired miniature manipulator for teleoperated microsurgery},
  author={Suzuki, Hiroyuki and Wood, Robert J},
  journal={Nature Machine Intelligence},
  volume={2},
  number={8},
  pages={437--446},
  year={2020},
  publisher={Nature Publishing Group}
}

@article{Rosa2014EstimationOO,
  title={Estimation of optimal pivot point for remote center of motion alignment in surgery},
  author={Beno{\^i}t Rosa and Caspar Gruijthuijsen and Ben Van Cleynenbreugel and Jos Vander Sloten and Dominiek Reynaerts and Emmanuel B. Vander Poorten},
  journal={International Journal of Computer Assisted Radiology and Surgery},
  year={2014},
  volume={10},
  pages={205-215}
}

@article{wilson2018intraocular,
  title={Intraocular robotic interventional surgical system (iriss): Mechanical design, evaluation, and master--slave manipulation},
  author={Wilson, Jason T and Gerber, Matthew J and Prince, Stephen W and Chen, Cheng-Wei and Schwartz, Steven D and Hubschman, Jean-Pierre and Tsao, Tsu-Chin},
  journal={The International Journal of Medical Robotics and Computer Assisted Surgery},
  volume={14},
  number={1},
  pages={e1842},
  year={2018},
  publisher={Wiley Online Library}
}

@inproceedings{ronneberger2015u,
  title={U-net: Convolutional networks for biomedical image segmentation},
  author={Ronneberger, Olaf and Fischer, Philipp and Brox, Thomas},
  booktitle={International Conference on Medical image computing and computer-assisted intervention},
  pages={234--241},
  year={2015},
  organization={Springer}
}





@article{zhang2000flexible,
  title={A flexible new technique for camera calibration},
  author={Zhang, Zhengyou},
  journal={IEEE Transactions on pattern analysis and machine intelligence},
  volume={22},
  number={11},
  pages={1330--1334},
  year={2000},
  publisher={IEEE}
}



@article{10.1145/358669.358692,
author = {Fischler, Martin A. and Bolles, Robert C.},
title = {Random Sample Consensus: A Paradigm for Model Fitting with Applications to Image Analysis and Automated Cartography},
year = {1981},
issue_date = {June 1981},
publisher = {Association for Computing Machinery},
address = {New York, NY, USA},
volume = {24},
number = {6},
issn = {0001-0782},
url = {https://doi.org/10.1145/358669.358692},
doi = {10.1145/358669.358692},
abstract = {A new paradigm, Random Sample Consensus (RANSAC), for fitting a model to experimental data is introduced. RANSAC is capable of interpreting/smoothing data containing a significant percentage of gross errors, and is thus ideally suited for applications in automated image analysis where interpretation is based on the data provided by error-prone feature detectors. A major portion of this paper describes the application of RANSAC to the Location Determination Problem (LDP): Given an image depicting a set of landmarks with known locations, determine that point in space from which the image was obtained. In response to a RANSAC requirement, new results are derived on the minimum number of landmarks needed to obtain a solution, and algorithms are presented for computing these minimum-landmark solutions in closed form. These results provide the basis for an automatic system that can solve the LDP under difficult viewing},
journal = {Commun. ACM},
month = {jun},
pages = {381–395},
numpages = {15},
keywords = {location determination, camera calibration, model fitting, image matching, scene analysis, automated cartography}
}


@inproceedings{he2012toward,
  title={Toward clinically applicable steady-hand eye robot for vitreoretinal surgery},
  author={He, Xingchi and Roppenecker, Daniel and Gierlach, Dominikus and Balicki, Marcin and Olds, Kevin and Gehlbach, Peter and Handa, James and Taylor, Russell and Iordachita, Iulian},
  booktitle={ASME International Mechanical Engineering Congress and Exposition},
  volume={45189},
  pages={145--153},
  year={2012},
  organization={American Society of Mechanical Engineers}
}
@article{molaei2017toward,
  title={Toward the art of robotic-assisted vitreoretinal surgery},
  author={Molaei, Amir and Abedloo, Ebrahim and de Smet, Marc D and Safi, Sare and Khorshidifar, Milad and Ahmadieh, Hamid and Khosravi, Mohammad Azam and Daftarian, Narsis},
  journal={Journal of ophthalmic \& vision research},
  volume={12},
  number={2},
  pages={212},
  year={2017},
  publisher={Ophthalmic Research Center}
}

@inproceedings{gijbels2014experimental,
  title={Experimental validation of a robotic comanipulation and telemanipulation system for retinal surgery},
  author={Gijbels, Andy and Vander Poorten, EB and Gorissen, Benjamin and Devreker, Alain and Stalmans, Peter and Reynaerts, Dominiek},
  booktitle={2014 5th IEEE RAS EMBS Int. Conf. Biomed. Robot. Biomechatronics},
  pages={144--150},
  year={2014},
  organization={IEEE}
}

@article{rahimy2013robot,
author = {Rahimy, E and Wilson, J and Tsao, T C and Schwartz, S and Hubschman, J P},
journal = {Eye},
number = {8},
pages = {972--978},
publisher = {Nature Publishing Group},
title = {{Robot-assisted intraocular surgery: development of the IRISS and feasibility studies in an animal model}},
volume = {27},
year = {2013}
}
@article{ullrich2013mobility,
author = {Ullrich, Franziska and Bergeles, Christos and Pokki, Juho and Ergeneman, Olgac and Erni, Sandro and Chatzipirpiridis, George and Pan{\'{e}}, Salvador and Framme, Carsten and Nelson, Bradley J},
journal = {Invest. Ophthalmol. Vis. Sci.},
number = {4},
pages = {2853--2863},
publisher = {The Association for Research in Vision and Ophthalmology},
title = {{Mobility experiments with microrobots for minimally invasive intraocular SurgeryMicrorobot experiments for intraocular surgery}},
volume = {54},
year = {2013}
}



	
@article{huber1977robust,
  title={Robust methods of estimation of regression coefficients},
  author={Huber, Peter J},
  journal={Statistics: A Journal of Theoretical and Applied Statistics},
  volume={8},
  number={1},
  pages={41--53},
  year={1977},
  publisher={Taylor \& Francis}
}


@inproceedings{sakai2014design,
  title={Design and development of miniature parallel robot for eye surgery},
  author={Sakai, Tomoya and Harada, Kanako and Tanaka, Shinichi and Ueta, Takashi and Noda, Yasuo and Sugita, Naohiko and Mitsuishi, Mamoru},
  booktitle={2014 36th Annual International Conference of the IEEE Engineering in Medicine and Biology Society},
  pages={371--374},
  year={2014},
  organization={IEEE}
}

@INPROCEEDINGS{tokyouniparallelrobot,
  author={Sakai, Tomoya and Harada, Kanako and Tanaka, Shinichi and Ueta, Takashi and Noda, Yasuo and Sugita, Naohiko and Mitsuishi, Mamoru},
  booktitle={2014 36th Annual International Conference of the IEEE Engineering in Medicine and Biology Society}, 
  title={Design and development of miniature parallel robot for eye surgery}, 
  year={2014},
  volume={},
  number={},
  pages={371-374},
  doi={10.1109/EMBC.2014.6943606}}

@article{faridpooya2022randomised,
  title={Randomised controlled trial on robot-assisted versus manual surgery for pucker peeling},
  author={Faridpooya, Koorosh and van Romunde, Saskia HM and Manning, Sonia S and van Meurs, Jan C and Naus, Gerrit JL and Beelen, Maarten J and Meenink, Thijs CM and Smit, Jorrit and de Smet, Marc D},
  journal={Clinical \& experimental ophthalmology},
  volume={50},
  number={9},
  pages={1057--1064},
  year={2022},
  publisher={Wiley Online Library}
}

@INPROCEEDINGS{10611207,
  author={Alikhani, Alireza and Inagaki, Satoshi and Dehghani, Shervin and Maier, Mathias and Navab, Nassir and Nasseri, M. Ali},
  booktitle={2024 IEEE International Conference on Robotics and Automation (ICRA)}, 
  title={Envibroscope: Real-Time Monitoring and Prediction of Environmental Motion for Enhancing Safety in Robot-Assisted Microsurgery}, 
  year={2024},
  volume={},
  number={},
  pages={8202-8208},
  keywords={Vibrations;Tracking;Navigation;Solids;Robot sensing systems;Retina;Real-time systems;Robot Safety;AI for Medical Robotics;Medical Robots and Systems;Sensor-Based Navigation},
  doi={10.1109/ICRA57147.2024.10611207}}