@misc{pubmed,
  title        = {PubMed},
  howpublished = {\url{https://pubmed.ncbi.nlm.nih.gov/}},
  note         = {Accessed: February 4, 2025},
  year         = {n.d.}
}

@misc{chatgpt2025,
  author       = "{OpenAI}",
  title        = "{ChatGPT: Conversational AI}",
  year         = "2025",
  howpublished = "\url{https://chatgpt.com/}",
  note         = "Accessed: 2025-01-12"
}

@misc{copilot2025,
  author       = "{Microsoft}",
  title        = "{GitHub Copilot: AI-Powered Code Completion}",
  year         = "2025",
  howpublished = "\url{https://copilot.microsoft.com/}",
  note         = "Accessed: 2025-01-12"
}


@misc{gemini2025,
  author       = "{Google}",
  title        = "{Gemini: AI-Powered App by Google}",
  year         = "2025",
  howpublished = "\url{https://gemini.google.com/app}",
  note         = "Accessed: 2025-01-12"
}

@article{geneontology2000,
  author       = {The Gene Ontology Consortium},
  title        = {Gene Ontology: tool for the unification of biology},
  journal      = {Nature Genetics},
  year         = {2000},
  volume       = {25},
  number       = {1},
  pages        = {25--29},
  doi          = {10.1038/75556},
  url          = {http://geneontology.org/},
  note         = {Accessed: 2025-01-12}
}

@article{chebi2008,
  author       = {Hastings, J. and de Matos, P. and Dekker, A. and Ennis, M. and Harsha, B. and Kale, N. and Muthukrishnan, V. and Owen, G. and Turner, S. and Williams, M. and Steinbeck, C.},
  title        = {The ChEBI reference database and ontology for biologically relevant chemistry: enhancements for 2013},
  journal      = {Nucleic Acids Research},
  year         = {2013},
  volume       = {41},
  pages        = {D456--D463},
  doi          = {10.1093/nar/gks1146},
  url          = {https://www.ebi.ac.uk/chebi/},
  note         = {Accessed: 2025-01-12}
}

@article{chebi2016,
  author      = {Hastings, Janna and Owen, Gareth and Dekker, Adriano and Ennis, Marcus and Kale, Namrata and Muthukrishnan, Venkatesh and Turner, Steve and Swainston, Neil and Mendes, Pedro and Steinbeck, Christoph},
  title        = {{ChEBI} in 2016: Improved services and an expanding collection of metabolites},
  journal      = {Nucleic Acids Research},
  year         = {2016},
  volume       = {44},
  number       = {D1},
  pages        = {D1214--D1219},
}
@article{chebi2006,
  author       = {Degtyarenko, Kirill and de Matos, Pedro and Ennis, Marcus and Hastings, Janna and Zbinden, Matthias and McNaught, Alan and Alcantara, Rafael and Darsow, Michael and Guedj, Michael and Ashburner, Michael},
  title        = {{ChEBI}: a database and ontology for chemical entities of biological interest},
  journal      = {Nucleic Acids Research},
  year         = {2008},
  volume       = {36},
  pages        = {D344--D350},
}

@article{schriml2012,
  author       = {Schriml, Lynn M. and Arze, Cesar and Nadendla, Suvarna and Chang, Yuan and Mazaitis, Michelle and Felix, Victor and Feng, Guoqin and Kibbe, Warren A.},
  title        = {{Disease Ontology: a backbone for disease semantic integration}},
  journal      = {Nucleic Acids Research},
  year         = {2012},
  volume       = {40},
  pages        = {D940--D946},
}

@article{schriml2022,
  author       = {Schriml, Lynn M. and Mitraka, Elvira and Munro, Jane and Hu, Junghyun C. and Felix, Victor and Kibbe, Warren A.},
  title        = {{Human Disease Ontology 2022 update: improved classification, inferencing, and applications for genomics and disease research}},
  journal      = {Nucleic Acids Research},
  year         = {2022},
  volume       = {50},
  pages        = {D1255--D1261},
}

@misc{disease_ontology_doid10763,
  author       = {Disease Ontology},
  title        = {DOID:10763 - Lung Cancer},
  year         = {2025},
  howpublished = {\url{https://disease-ontology.org/term/DOID:10763/}},
  note         = {Accessed: 2025-01-16}
}

@article{camon2004gene,
  title={The gene ontology annotation (goa) database: sharing knowledge in uniprot with gene ontology},
  author={Camon, Evelyn and Magrane, Michele and Barrell, Daniel and Lee, Vivian and Dimmer, Emily and Maslen, John and Binns, David and Harte, Nicola and Lopez, Rodrigo and Apweiler, Rolf},
  journal={Nucleic acids research},
  volume={32},
  number={suppl\_1},
  pages={D262--D266},
  year={2004},
  publisher={Oxford University Press}
}

@article{yon2008use,
  title={Use and misuse of the gene ontology annotations},
  author={Yon Rhee, Seung and Wood, Valerie and Dolinski, Kara and Draghici, Sorin},
  journal={Nature Reviews Genetics},
  volume={9},
  number={7},
  pages={509--515},
  year={2008},
  publisher={Nature Publishing Group UK London}
}

@article{gene2012gene,
  title={Gene Ontology annotations and resources},
  author={Gene Ontology Consortium},
  journal={Nucleic acids research},
  volume={41},
  number={D1},
  pages={D530--D535},
  year={2012},
  publisher={Oxford University Press}
}



@misc{symp_ontology,
  author       = {The Symptom Ontology Developers},
  title        = {{Symptom Ontology (SYMP)}},
  year         = {2010},
  howpublished = {\url{http://purl.obolibrary.org/obo/symp.owl}},
  note         = {Accessed: 2025-01-12}
}

@article{hamed2024safeguarding,
  title={Safeguarding authenticity for mitigating the harms of generative AI: Issues, research agenda, and policies for detection, fact-checking, and ethical AI},
  author={Hamed, Ahmed Abdeen and Zachara-Szymanska, Malgorzata and Wu, Xindong},
  journal={IScience},
  year={2024},
  publisher={Elsevier}
}

graves2013deciding,ciampaglia2015computational
@book{graves2013deciding,
  title={Deciding what's true: Fact-checking journalism and the new ecology of news},
  author={Graves, Lucas},
  year={2013},
  publisher={Columbia University}
}

@article{ciampaglia2015computational,
  title={Computational fact checking from knowledge networks},
  author={Ciampaglia, Giovanni Luca and Shiralkar, Prashant and Rocha, Luis M and Bollen, Johan and Menczer, Filippo and Flammini, Alessandro},
  journal={PloS one},
  volume={10},
  number={6},
  pages={e0128193},
  year={2015},
  publisher={Public Library of Science San Francisco, CA USA}
}

@article{guo2022survey,
  title={A survey on automated fact-checking},
  author={Guo, Zhijiang and Schlichtkrull, Michael and Vlachos, Andreas},
  journal={Transactions of the Association for Computational Linguistics},
  volume={10},
  pages={178--206},
  year={2022},
  publisher={MIT Press One Rogers Street, Cambridge, MA 02142-1209, USA journals-info~â€¦}
}

@article{zeng2021automated,
  title={Automated fact-checking: A survey},
  author={Zeng, Xia and Abumansour, Amani S and Zubiaga, Arkaitz},
  journal={Language and Linguistics Compass},
  volume={15},
  number={10},
  pages={e12438},
  year={2021},
  publisher={Wiley Online Library}
}
% anusree2022factorfake,khalil2021detecting,zhou2019physiological,abdeen2021fighting
@incollection{anusree2022factorfake,
  title={FactOrFake: Automatic Fact Checking Using Machine Learning Models},
  author={Anusree, VA and Aarsha Das, KM and Arya, PS and Athira, K and Shameem, S},
  booktitle={Machine Learning and Autonomous Systems: Proceedings of ICMLAS 2021},
  pages={179--191},
  year={2022},
  publisher={Springer}
}
@inproceedings{khalil2021detecting,
  title={Detecting arabic fake news using machine learning},
  author={Khalil, Ashwaq and Jarrah, Moath and Aldwairi, Monther and Jararweh, Yaser},
  booktitle={2021 second international conference on intelligent data science technologies and applications (IDSTA)},
  pages={171--177},
  year={2021},
  organization={IEEE}
}
@inproceedings{zhou2019physiological,
  title={Physiological indicators for user trust in machine learning with influence enhanced fact-checking},
  author={Zhou, Jianlong and Hu, Huaiwen and Li, Zhidong and Yu, Kun and Chen, Fang},
  booktitle={Machine Learning and Knowledge Extraction: Third IFIP TC 5, TC 12, WG 8.4, WG 8.9, WG 12.9 International Cross-Domain Conference, CD-MAKE 2019, Canterbury, UK, August 26--29, 2019, Proceedings 3},
  pages={94--113},
  year={2019},
  organization={Springer}
}
@article{abdeen2021fighting,
  title={Fighting the covid-19 infodemic in news articles and false publications: The neonet text classifier, a supervised machine learning algorithm},
  author={Abdeen, Mohammad AR and Hamed, Ahmed Abdeen and Wu, Xindong},
  journal={Applied Sciences},
  volume={11},
  number={16},
  pages={7265},
  year={2021},
  publisher={MDPI}
}
@article{sharifpoor2025classifying,
  title={Classifying and fact-checking health-related information about COVID-19 on Twitter/X using machine learning and deep learning models},
  author={Sharifpoor, Elham and Okhovati, Maryam and Ghazizadeh-Ahsaee, Mostafa and Avaz Beigi, Mina},
  journal={BMC Medical Informatics and Decision Making},
  volume={25},
  number={1},
  pages={73},
  year={2025},
  publisher={Springer}
}

@article{tian2024opportunities,
  title={Opportunities and challenges for ChatGPT and large language models in biomedicine and health},
  author={Tian, Shubo and Jin, Qiao and Yeganova, Lana and Lai, Po-Ting and Zhu, Qingqing and Chen, Xiuying and Yang, Yifan and Chen, Qingyu and Kim, Won and Comeau, Donald C and others},
  journal={Briefings in Bioinformatics},
  volume={25},
  number={1},
  pages={bbad493},
  year={2024},
  publisher={Oxford University Press}
}

@article{van2024chatgpt,
  title={Is ChatGPT an opportunity or a threat? Preventive strategies employed by academics related to a GenAI-based LLM at a faculty of education},
  author={Van Wyk, Micheal M},
  journal={Journal of applied learning and teaching},
  volume={7},
  number={1},
  pages={35--45},
  year={2024}
}
@inproceedings{barreto2023generative,
  title={Generative artificial intelligence: Opportunities and challenges of large language models},
  author={Barreto, Fabian and Moharkar, Lalita and Shirodkar, Madhura and Sarode, Vidya and Gonsalves, Saniya and Johns, Aaron},
  booktitle={International conference on intelligent computing and networking},
  pages={545--553},
  year={2023},
  organization={Springer}
}
@article{giannakos2024promise,
  title={The promise and challenges of generative AI in education},
  author={Giannakos, Michail and Azevedo, Roger and Brusilovsky, Peter and Cukurova, Mutlu and Dimitriadis, Yannis and Hernandez-Leo, Davinia and J{\"a}rvel{\"a}, Sanna and Mavrikis, Manolis and Rienties, Bart},
  journal={Behaviour \& Information Technology},
  pages={1--27},
  year={2024},
  publisher={Taylor \& Francis}
}

%luengo2020performance,nyhan2020taking,rodriguez2021debunking
@article{luengo2020performance,
  title={The performance of truth: politicians, fact-checking journalism, and the struggle to tackle COVID-19 misinformation},
  author={Luengo, Mar{\'\i}a and Garc{\'\i}a-Mar{\'\i}n, David},
  journal={American Journal of Cultural Sociology},
  volume={8},
  number={3},
  pages={405},
  year={2020}
}
@article{nyhan2020taking,
  title={Taking fact-checks literally but not seriously? The effects of journalistic fact-checking on factual beliefs and candidate favorability},
  author={Nyhan, Brendan and Porter, Ethan and Reifler, Jason and Wood, Thomas J},
  journal={Political behavior},
  volume={42},
  pages={939--960},
  year={2020},
  publisher={Springer}
}
@article{rodriguez2021debunking,
  title={Debunking political disinformation through journalistsâ€™ perceptions: An analysis of Colombiaâ€™s fact-checking news practices},
  author={Rodr{\'\i}guez-P{\'e}rez, Carlos and Paniagua-Rojano, Francisco J and Magall{\'o}n-Rosa, Ra{\'u}l},
  journal={Media and Communication},
  volume={9},
  number={1},
  pages={264--275},
  year={2021}
}
@article{peng2023check,
  title={Check your facts and try again: Improving large language models with external knowledge and automated feedback},
  author={Peng, Baolin and Galley, Michel and He, Pengcheng and Cheng, Hao and Xie, Yujia and Hu, Yu and Huang, Qiuyuan and Liden, Lars and Yu, Zhou and Chen, Weizhu and others},
  journal={arXiv preprint arXiv:2302.12813},
  year={2023}
}

@inproceedings{mahmood2023fact,
  title={Fact-checking of ai-generated reports},
  author={Mahmood, Razi and Wang, Ge and Kalra, Mannudeep and Yan, Pingkun},
  booktitle={International Workshop on Machine Learning in Medical Imaging},
  pages={214--223},
  year={2023},
  organization={Springer}
}

@article{koohi2023generative,
  title={Generative AI in medical imaging: applications, challenges, and ethics},
  author={Koohi-Moghadam, Mohamad and Bae, Kyongtae Ty},
  journal={Journal of Medical Systems},
  volume={47},
  number={1},
  pages={94},
  year={2023},
  publisher={Springer}
}

@article{siwakoti2021covid,
  title={How COVID drove the evolution of fact-checking},
  author={Siwakoti, Samikshya and Yadav, Kamya and Bariletto, Nicola and Zanotti, Luca and Erdogdu, Ulas and Shapiro, Jacob N},
  journal={Harvard Kennedy School Misinformation Review},
  year={2021}
}

@article{krause2020fact,
  title={Fact-checking as risk communication: the multi-layered risk of misinformation in times of COVID-19},
  author={Krause, Nicole M and Freiling, Isabelle and Beets, Becca and Brossard, Dominique},
  journal={Journal of Risk Research},
  volume={23},
  number={7-8},
  pages={1052--1059},
  year={2020},
  publisher={Taylor \& Francis}
}

@article{oshikawa2018survey,
  title={A survey on natural language processing for fake news detection},
  author={Oshikawa, Ray and Qian, Jing and Wang, William Yang},
  journal={arXiv preprint arXiv:1811.00770},
  year={2018}
}

@article{lazarski2021using,
  title={Using nlp for fact checking: A survey},
  author={Lazarski, Eric and Al-Khassaweneh, Mahmood and Howard, Cynthia},
  journal={Designs},
  volume={5},
  number={3},
  pages={42},
  year={2021},
  publisher={MDPI}
}


@inproceedings{choi2024fact,
  title={Fact-gpt: Fact-checking augmentation via claim matching with llms},
  author={Choi, Eun Cheol and Ferrara, Emilio},
  booktitle={Companion Proceedings of the ACM Web Conference 2024},
  pages={883--886},
  year={2024}
}




@article{hamed2024detection,
  title={Detection of ChatGPT fake science with the xFakeSci learning algorithm},
  author={Hamed, Ahmed Abdeen and Wu, Xindong},
  journal={Scientific Reports},
  volume={14},
  number={1},
  pages={16231},
  year={2024},
  publisher={Nature Publishing Group UK London}
}

@misc{drugbank_DB01259,
  author       = {DrugBank Online},
  title        = {Lapatinib},
  year         = 2023,
  url          = {https://go.drugbank.com/drugs/DB01259},
  note         = {Accessed: 2023-01-04}
}

@article{Xu_2009,
  author       = {Xu, F. and Mao, C. and Hu, Y. and Rui, C. and Xu, Z. and Zhang, L.},
  title        = {Cardiovascular effects of losartan and its relevant clinical application},
  journal      = {Current Medicinal Chemistry},
  year         = {2009},
  volume       = {16},
  number       = {29},
  pages        = {3841--3857},
  doi          = {10.2174/092986709789178046},
  pmid         = {19747137},
  pmcid        = {PMC2888651}
}

@article{Suzuki_2015,
  author       = {Suzuki, H. and Shimada, K. and Fujiwara, K.},
  title        = {Antihypertensive effectiveness of combination therapy with losartan/hydrochlorothiazide for 'real world' management of isolated systolic hypertension},
  journal      = {Therapeutic Advances in Cardiovascular Disease},
  year         = {2015},
  volume       = {9},
  number       = {1},
  pages        = {10--18},
  month        = {February},
  doi          = {10.1177/1753944714558244},
  pmid         = {25367171},
  note         = {Epub 2014 Nov 3}
}


@inproceedings{Hamed_FC2004,
author = {Hamed, Ahmed Abdeen and Crimi, Alessandro and Lee, Byung Suk and Misiak, Magdalena M.},
title = {Fact-Checking Generative AI: Ontology-Driven Biological Graphs for Disease-Gene Link Verification},
year = {2024},
isbn = {978-3-031-63771-1},
publisher = {Springer-Verlag},
address = {Berlin, Heidelberg},
booktitle = {Computational Science â€“ ICCS 2024: 24th International Conference, Malaga, Spain, July 2â€“4, 2024, Proceedings, Part IV},
pages = {130â€“137},
numpages = {8},
keywords = {ChatGPT, fact-checking, generative AI, biological graphs, biological ontology, network medicine},
location = {Malaga, Spain}}

@article{DeVerna_pnas_2322823121,
author = {Matthew R. DeVerna  and Harry Yaojun Yan  and Kai-Cheng Yang  and Filippo Menczer },
title = {Fact-checking information from large language models can decrease headline discernment},
journal = {Proceedings of the National Academy of Sciences},
volume = {121},
number = {50},
pages = {e2322823121},
year = {2024},
doi = {10.1073/pnas.2322823121}}

@ARTICLE{Wang_10266582,
  author={Wang, Yutong and Wang, Xiao and Wang, Xingxia and Yang, Jing and Kwan, Oliver and Li, Lingxi and Wang, Fei-Yue},
  journal={IEEE/CAA Journal of Automatica Sinica}, 
  title={The ChatGPT After: Building Knowledge Factories for Knowledge Workers with Knowledge Automation}, 
  year={2023},
  volume={10},
  number={11},
  pages={2041-2044}}

@InProceedings{Dierickx_2024,
author="Dierickx, Laurence
and van Dalen, Arjen
and Opdahl, Andreas L.
and Lind{\'e}n, Carl-Gustav",
title="Striking the Balance in Using LLMs for Fact-Checking: A Narrative Literature Review",
booktitle="Disinformation in Open Online Media",
year="2024",
publisher="Springer Nature Switzerland",
address="Cham",
pages="1--15",}

@article{jin2024pubmed,
  title        = {PubMed and beyond: biomedical literature search in the age of artificial intelligence},
  author       = {Jin, Q and Leaman, R and Lu, Z},
  journal      = {EBioMedicine},
  volume       = {100},
  pages        = {104988},
  year         = {2024},
  month        = feb,
  doi          = {10.1016/j.ebiom.2024.104988},
  note         = {Epub 2024 Feb 1},
  PMID         = {38306900},
  PMCID        = {PMC10850402}
}

@inproceedings{vo2019learning,
  title={Learning from fact-checkers: analysis and generation of fact-checking language},
  author={Vo, Nguyen and Lee, Kyumin},
  booktitle={Proceedings of the 42nd international ACM SIGIR conference on research and development in information retrieval},
  pages={335--344},
  year={2019}
}


@inproceedings{klimczak2024quantifying,
  title={Quantifying Similarity: Text-Mining Approaches to Evaluate ChatGPT and Google Bard Content in Relation to BioMedical Literature},
  author={Klimczak, Jakub and Abdeen Hamed, Ahmed},
  booktitle={International Conference on Computational Science},
  pages={257--265},
  year={2024},
  organization={Springer}
}

@inproceedings{khan2024reinforcement,
  title={Reinforcement Explainability of ChatGPT Prompts by Embedding Breast Cancer Self-Screening Rules into AI Responses},
  author={Khan, Yousef and Hamed, Ahmed Abdeen},
  booktitle={2024 IEEE International Conference on Medical Artificial Intelligence (MedAI)},
  pages={392--397},
  year={2024},
  organization={IEEE}
}

@article{manakul2023selfcheckgpt,
  title={Selfcheckgpt: Zero-resource black-box hallucination detection for generative large language models},
  author={Manakul, Potsawee and Liusie, Adian and Gales, Mark JF},
  journal={arXiv preprint arXiv:2303.08896},
  year={2023}
}


@inproceedings{singhal2024multilingual,
  title={Multilingual Fact-Checking using LLMs},
  author={Singhal, Aryan and Law, Thomas and Kassner, Coby and Gupta, Ayushman and Duan, Evan and Damle, Aviral and Li, Ryan},
  booktitle={Proceedings of the Third Workshop on NLP for Positive Impact},
  pages={13--31},
  year={2024}
}

@article{HU202321,
title = {Opportunities and challenges of ChatGPT for design knowledge management},
journal = {Procedia CIRP},
volume = {119},
pages = {21-28},
year = {2023},
note = {The 33rd CIRP Design Conference},
issn = {2212-8271},
author = {Xin Hu and Yu Tian and Keisuke Nagato and Masayuki Nakao and Ang Liu},}


@article{jin2023retrieve,
  title={Retrieve, summarize, and verify: how will ChatGPT affect information seeking from the medical literature?},
  author={Jin, Qiao and Leaman, Robert and Lu, Zhiyong},
  journal={Journal of the American Society of Nephrology},
  volume={34},
  number={8},
  pages={1302--1304},
  year={2023},
  publisher={LWW}
}

@inproceedings{caramancion2023news,
  title={News verifiers showdown: a comparative performance evaluation of chatgpt 3.5, chatgpt 4.0, bing ai, and bard in news fact-checking},
  author={Caramancion, Kevin Matthe},
  booktitle={2023 IEEE Future Networks World Forum (FNWF)},
  pages={1--6},
  year={2023},
  organization={IEEE}
}

@article{hou2023answers,
  title={From Answers to Insights: Unveiling the Strengths and Limitations of ChatGPT and Biomedical Knowledge Graphs},
  author={Hou, Yu and Yeung, Jeremy and Xu, Hua and Su, Chang and Wang, Fei and Zhang, Rui},
  journal={Research square},
  year={2023},
  publisher={American Journal Experts}
}

@article{augenstein2024factuality,
  title={Factuality challenges in the era of large language models and opportunities for fact-checking},
  author={Augenstein, Isabelle and Baldwin, Timothy and Cha, Meeyoung and Chakraborty, Tanmoy and Ciampaglia, Giovanni Luca and Corney, David and DiResta, Renee and Ferrara, Emilio and Hale, Scott and Halevy, Alon and others},
  journal={Nature Machine Intelligence},
  volume={6},
  number={8},
  pages={852--863},
  year={2024},
  publisher={Nature Publishing Group UK London}
}

@incollection{thomo2024pubmed,
  title={PubMed Retrieval with RAG Techniques},
  author={Thomo, Alex},
  booktitle={Digital Health and Informatics Innovations for Sustainable Health Care Systems},
  pages={652--653},
  year={2024},
  publisher={IOS Press}
}

@inproceedings{huly2024old,
  title={Old IR Methods Meet RAG},
  author={Huly, Oz and Pogrebinsky, Idan and Carmel, David and Kurland, Oren and Maarek, Yoelle},
  booktitle={Proceedings of the 47th International ACM SIGIR Conference on Research and Development in Information Retrieval},
  pages={2559--2563},
  year={2024}
}

@article{jeong2023generative,
  title={Generative AI service implementation using LLM application architecture: based on RAG model and LangChain framework},
  author={Jeong, Cheonsu},
  journal={Journal of Intelligence and Information Systems},
  volume={29},
  number={4},
  pages={129--164},
  year={2023},
  publisher={Korea Intelligent Information System Society}
}

@article{arslan2024business,
  title={Business insights using RAG--LLMs: a review and case study},
  author={Arslan, Muhammad and Munawar, Saba and Cruz, Christophe},
  journal={Journal of Decision Systems},
  pages={1--30},
  year={2024},
  publisher={Taylor \& Francis}
}

@article{ng2024rag,
  title={RAG in Health Care: A Novel Framework for Improving Communication and Decision-Making by Addressing LLM Limitations},
  author={Ng, Karen Ka Yan and Matsuba, Izuki and Zhang, Peter Chengming},
  journal={NEJM AI},
  pages={AIra2400380},
  year={2024},
  publisher={Massachusetts Medical Society}
}
@INPROCEEDINGS {khan10803468MedAI,
    author = { Khan, Yousef and Hamed, Ahmed Abdeen },
    booktitle = { 2024 IEEE International Conference on Medical Artificial Intelligence (MedAI) },
    title = {{ Reinforcement Explainability of ChatGPT Prompts by Embedding Breast Cancer Self-Screening Rules into AI Responses }},
    year = {2024},
    pages = {392-397},
    keywords = {Bridges;Generative AI;Natural languages;Chatbots;Breast cancer;Cognition;Risk management;Expert systems;Testing},
    address = {Los Alamitos, CA, USA},
    month =Nov
}

@INPROCEEDINGS {Hamed10803434MedAI,
    author = { Hamed, Ahmed Abdeen and Fandy, Tamer E. and Wu, Xindong },
    booktitle = { 2024 IEEE International Conference on Medical Artificial Intelligence (MedAI) },
    title = {{ Accelerating Complex Disease Treatment Through Network Medicine and GenAI: A Case Study on Drug Repurposing for Breast Cancer }},
    year = {2024},
    volume = {},
    ISSN = {},
    pages = {354-359},
    
    publisher = {IEEE Computer Society},
    address = {Los Alamitos, CA, USA},
    month =Nov
}

@article{wang2023chatgpt,
  title={The ChatGPT after: Building knowledge factories for knowledge workers with knowledge automation},
  author={Wang, Yutong and Wang, Xiao and Wang, Xingxia and Yang, Jing and Kwan, Oliver and Li, Lingxi and Wang, Fei-Yue},
  journal={IEEE/CAA Journal of Automatica Sinica},
  volume={10},
  number={11},
  pages={2041--2044},
  year={2023},
  publisher={IEEE}
}

@inproceedings{martino2023knowledge,
  title={Knowledge injection to counter large language model (LLM) hallucination},
  author={Martino, Ariana and Iannelli, Michael and Truong, Coleen},
  booktitle={European Semantic Web Conference},
  pages={182--185},
  year={2023},
  organization={Springer}
}

@inproceedings{ji2023towards,
  title={Towards mitigating LLM hallucination via self reflection},
  author={Ji, Ziwei and Yu, Tiezheng and Xu, Yan and Lee, Nayeon and Ishii, Etsuko and Fung, Pascale},
  booktitle={Findings of the Association for Computational Linguistics: EMNLP 2023},
  pages={1827--1843},
  year={2023}
}


@article{hao2024quantifying,
  title={Quantifying the uncertainty of LLM hallucination spreading in complex adaptive social networks},
  author={Hao, Guozhi and Wu, Jun and Pan, Qianqian and Morello, Rosario},
  journal={Scientific reports},
  volume={14},
  number={1},
  pages={16375},
  year={2024},
  publisher={Nature Publishing Group UK London}
}

@inproceedings{perkovic2024hallucinations,
  title={Hallucinations in llms: Understanding and addressing challenges},
  author={Perkovi{\'c}, Gabrijela and Drobnjak, Antun and Boti{\v{c}}ki, Ivica},
  booktitle={2024 47th MIPRO ICT and Electronics Convention (MIPRO)},
  pages={2084--2088},
  year={2024},
  organization={IEEE}
}

@article{menczer2023addressing,
  title={Addressing the harms of AI-generated inauthentic content},
  author={Menczer, Filippo and Crandall, David and Ahn, Yong-Yeol and Kapadia, Apu},
  journal={Nature Machine Intelligence},
  volume={5},
  number={7},
  pages={679--680},
  year={2023},
  publisher={Nature Publishing Group UK London}
}

@article{van2023chatgpt,
  title={ChatGPT: five priorities for research},
  author={Van Dis, Eva AM and Bollen, Johan and Zuidema, Willem and Van Rooij, Robert and Bockting, Claudi L},
  journal={Nature},
  volume={614},
  number={7947},
  pages={224--226},
  year={2023},
  publisher={Nature Publishing Group UK London}
}


@article{degrave2023dissection,
  title={Dissection of medical AI reasoning processes via physician and generative-AI collaboration},
  author={DeGrave, Alex J and Cai, Zhuo Ran and Janizek, Joseph D and Daneshjou, Roxana and Lee, Su-In},
  journal={Medrxiv},
  year={2023}
}

@article{trabassi2024optimizing,
  title={Optimizing rare disease gait classification through data balancing and generative AI: insights from hereditary cerebellar ataxia},
  author={Trabassi, Dante and Castiglia, Stefano Filippo and Bini, Fabiano and Marinozzi, Franco and Ajoudani, Arash and Lorenzini, Marta and Chini, Giorgia and Varrecchia, Tiwana and Ranavolo, Alberto and De Icco, Roberto and others},
  journal={Sensors},
  volume={24},
  number={11},
  pages={3613},
  year={2024},
  publisher={MDPI}
}


@article{wang2023applications,
  title={Applications of generative adversarial networks in neuroimaging and clinical neuroscience},
  author={Wang, Rongguang and Bashyam, Vishnu and Yang, Zhijian and Yu, Fanyang and Tassopoulou, Vasiliki and Chintapalli, Sai Spandana and Skampardoni, Ioanna and Sreepada, Lasya P and Sahoo, Dushyant and Nikita, Konstantina and others},
  journal={Neuroimage},
  volume={269},
  pages={119898},
  year={2023},
  publisher={Elsevier}
}

@misc{yuan2022BioBART,
      title={BioBART: Pretraining and Evaluation of A Biomedical Generative Language Model}, 
      author={Hongyi Yuan and Zheng Yuan and Ruyi Gan and Jiaxing Zhang and Yutao Xie and Sheng Yu},
      year={2022},
      eprint={2204.03905},
      archivePrefix={arXiv},
      primaryClass={cs.CL},
      url={https://arxiv.org/abs/2204.03905}, 
}

@misc{microsoft2024phi3,
  author       = {Microsoft AI},
  title        = {Phi-3: A Family of Small Language Models by Microsoft},
  year         = {2024},
  howpublished = {Online},
  note         = {Available at: \url{https://azure.microsoft.com/en-us/products/phi}},
}

@misc{meta2024llama,
  author       = {Meta AI},
  title        = {LLaMA: Large Language Model Meta AI},
  year         = {2024},
  howpublished = {Online},
  note         = {Available at: \url{https://www.llama.com/}},
}

@article{qwen2.5,
    title   = {Qwen2.5 Technical Report}, 
    author  = {An Yang and Baosong Yang and Beichen Zhang and Binyuan Hui and Bo Zheng and Bowen Yu and Chengyuan Li and Dayiheng Liu and Fei Huang and Haoran Wei and Huan Lin and Jian Yang and Jianhong Tu and Jianwei Zhang and Jianxin Yang and Jiaxi Yang and Jingren Zhou and Junyang Lin and Kai Dang and Keming Lu and Keqin Bao and Kexin Yang and Le Yu and Mei Li and Mingfeng Xue and Pei Zhang and Qin Zhu and Rui Men and Runji Lin and Tianhao Li and Tingyu Xia and Xingzhang Ren and Xuancheng Ren and Yang Fan and Yang Su and Yichang Zhang and Yu Wan and Yuqiong Liu and Zeyu Cui and Zhenru Zhang and Zihan Qiu},
    journal = {arXiv preprint arXiv:2412.15115},
    year    = {2024}
}

@article{qwen2,
    title   = {Qwen2 Technical Report}, 
    author  = {An Yang and Baosong Yang and Binyuan Hui and Bo Zheng and Bowen Yu and Chang Zhou and Chengpeng Li and Chengyuan Li and Dayiheng Liu and Fei Huang and Guanting Dong and Haoran Wei and Huan Lin and Jialong Tang and Jialin Wang and Jian Yang and Jianhong Tu and Jianwei Zhang and Jianxin Ma and Jin Xu and Jingren Zhou and Jinze Bai and Jinzheng He and Junyang Lin and Kai Dang and Keming Lu and Keqin Chen and Kexin Yang and Mei Li and Mingfeng Xue and Na Ni and Pei Zhang and Peng Wang and Ru Peng and Rui Men and Ruize Gao and Runji Lin and Shijie Wang and Shuai Bai and Sinan Tan and Tianhang Zhu and Tianhao Li and Tianyu Liu and Wenbin Ge and Xiaodong Deng and Xiaohuan Zhou and Xingzhang Ren and Xinyu Zhang and Xipin Wei and Xuancheng Ren and Yang Fan and Yang Yao and Yichang Zhang and Yu Wan and Yunfei Chu and Yuqiong Liu and Zeyu Cui and Zhenru Zhang and Zhihao Fan},
    journal = {arXiv preprint arXiv:2407.10671},
    year    = {2024}
}

@misc{tinyzero,
author       = {Jiayi Pan and Junjie Zhang and Xingyao Wang and Lifan Yuan and Hao Peng and Alane Suhr},
title        = {TinyZero},
howpublished = {https://github.com/Jiayi-Pan/TinyZero},
note         = {Accessed: 2025-01-24},
year         = {2025}
}


















@ARTICLE{Fortunato2010,
  author  = {Fortunato, S.},
  title   = {Community detection in graphs},
  journal = {Phys. Rep.-Rev. Sec. Phys. Lett.}, 
  volume  = {486},
  year    = {2010},
  pages   = {75-174}
}

@ARTICLE{NewmanGirvan2004,
  author  = {Newman, M. E. J. and Girvan, M.},
  title   = {Finding and evaluating community structure in networks},
  journal = {Phys. Rev. E.}, 
  volume  = {69},
  year    = {2004},
  pages   = {026113}
}

@ARTICLE{Vehlowetal2013,
  author  = {Vehlow, C. and Reinhardt, T. and Weiskopf, D.},
  title   = {Visualizing Fuzzy Overlapping Communities in Networks},
  journal = {IEEE Trans. Vis. Comput. Graph.}, 
  volume  = {19},
  year    = {2013},
  pages   = {2486-2495}
}

@ARTICLE{Raghavanetal2007,
  author  = {Raghavan, U. and Albert, R. and Kumara, S.},
  title   = {Near linear time algorithm to detect community structures in large-scale networks},
  journal = {Phys. Rev E.}, 
  volume  = {76},
  year    = {2007},
  pages   = {036106}
}

@ARTICLE{SubeljBajec2011a,
  author  = {\v{S}ubelj, L. and Bajec, M.},
  title   = {Robust network community detection using balanced propagation},
  journal = {Eur. Phys. J. B.}, 
  volume  = {81},
  year    = {2011},
  pages   = {353-362}
}

@ARTICLE{Louetal2013,
  author  = {Lou, H. and Li, S. and Zhao, Y.},
  title   = {Detecting community structure using label propagation with weighted coherent neighborhood propinquity},
  journal = {Physica A.}, 
  volume  = {392},
  year    = {2013},
  pages   = {3095-3105}
}

@ARTICLE{Clausetetal2004,
  author  = {Clauset, A. and Newman, M. E. J. and Moore, C.},
  title   = {Finding community structure in very large networks},
  journal = {Phys. Rev. E.}, 
  volume  = {70},
  year    = {2004},
  pages   = {066111}
}

@ARTICLE{Blondeletal2008,
  author  = {Blondel, V. D. and Guillaume, J. L. and Lambiotte, R. and Lefebvre, E.},
  title   = {Fast unfolding of communities in large networks},
  journal = {J. Stat. Mech.-Theory Exp.}, 
  volume  = {2008},
  year    = {2008},
  pages   = {P10008}
}

@ARTICLE{SobolevskyCampari2014,
  author  = {Sobolevsky, S. and Campari, R.},
  title   = {General optimization technique for high-quality community detection in complex networks},
  journal = {Phys. Rev. E.}, 
  volume  = {90},
  year    = {2014},
  pages   = {012811}
}

@ARTICLE{FortunatoBarthelemy2007,
  author  = {Fortunato, S. and Barthelemy, M.},
  title   = {Resolution limit in community detection},
  journal = {Proc. Natl. Acad. Sci. U. S. A.}, 
  volume  = {104},
  year    = {2007},
  pages   = {36-41}
}

@ARTICLE{SubeljBajec2011b,
  author  = {\v{S}ubelj, L. and Bajec, M.},
  title   = {Unfolding communities in large complex networks: Combining defensive and offensive label propagation for core extraction},
  journal = {Phys. Rev. E.}, 
  volume  = {83},
  year    = {2011},
  pages   = {036103}
}

@ARTICLE{WangLi2013,
  author  = {Wang, X. and Li, J.},
  title   = {Detecting communities by the core-vertex and intimate degree in complex networks},
  journal = {Physica A.}, 
  volume  = {392},
  year    = {2013},
  pages   = {2555-2563}
}

@ARTICLE{Lietal2013,
  author  = {Li, J. and Wang, X. and Eustace, J.},
  title   = {Detecting overlapping communities by seed community in weighted complex networks},
  journal = {Physica A.}, 
  volume  = {392},
  year    = {2013},
  pages   = {6125-6134}
}

@ARTICLE{Fabioetal2013,
  author  = {Fabio, D. R. and Fabio, D. and Carlo, P.},
  title   = {Profiling core-periphery network structure by random walkers},
  journal = {Sci. Rep.}, 
  volume  = {3},
  year    = {2013},
  pages   = {1467}
}

@ARTICLE{Chenetal2013,
  author  = {Chen, Q. and Wu, T. T. and Fang, M.},
  title   = {Detecting local community structure in complex networks based on local degree central nodes},
  journal = {Physica A.}, 
  volume  = {392},
  year    = {2013},
  pages   = {529-537}
}

@ARTICLE{Zhangetal2007,
  author  = {Zhang, S. and Wang, R. and Zhang, X.},
  title   = {Identification of overlapping community structure in complex networks using fuzzy c-means clustering},
  journal = {Physica A.}, 
  volume  = {374},
  year    = {2007},
  pages   = {483-490}
}

@ARTICLE{Nepuszetal2008,
  author  = {Nepusz, T. and Petr\'oczi, A. and N\'egyessy, L. and Bazs\'o, F.},
  title   = {Fuzzy communities and the concept of bridgeness in complex networks},
  journal = {Phys. Rev. E.}, 
  volume  = {77},
  year    = {2008},
  pages   = {016107}
}

@ARTICLE{FabricioLiang2013,
  author  = {Fabricio, B. and Liang, Z.},
  title   = {Fuzzy community structure detection by particle competition and cooperation},
  journal = {Soft Comput.}, 
  volume  = {17},
  year    = {2013},
  pages   = {659-673}
}

@ARTICLE{Sunetal2011,
  author  = {Sun, P. and Gao, L. and Han, S.},
  title   = {Identification of overlapping and non-overlapping community structure by fuzzy clustering in complex networks},
  journal = {Inf. Sci.}, 
  volume  = {181},
  year    = {2011},
  pages   = {1060-1071}
}

@ARTICLE{Wangetal2013,
  author  = {Wang, W. and Liu, D. and Liu, X. and Pan, L.},
  title   = {Fuzzy overlapping community detection based on local random walk and multidimensional scaling},
  journal = {Physica A.}, 
  volume  = {392},
  year    = {2013},
  pages   = {6578-6586}
}

@ARTICLE{Psorakisetal2011,
  author  = {Psorakis, I. and Roberts, S. and Ebden, M. and Sheldon, B.},
  title   = {Overlapping community detection using Bayesian non-negative matrix factorization},
  journal = {Phys. Rev. E.}, 
  volume  = {83},
  year    = {2011},
  pages   = {066114}
}

@CONFERENCE{ZhangYeung2012,
  author  = {Zhang, Y. and Yeung, D.},
  title   = {Overlapping Community Detection via Bounded Nonnegative Matrix Tri-Factorization},
  booktitle = {In Proc. ACM SIGKDD Conf.}, 
  year    = {2012},
  pages   = {606-614}
}

@ARTICLE{Liu2010,
  author  = {Liu, J.},
  title   = {Fuzzy modularity and fuzzy community structure in networks},
  journal = {Eur. Phys. J. B.}, 
  volume  = {77},
  year    = {2010},
  pages   = {547-557}
}

@ARTICLE{Havensetal2013,
  author  = {Havens, T. C. and Bezdek, J. C. and Leckie, C., Ramamohanarao, K. and Palaniswami, M.},
  title   = {A Soft Modularity Function For Detecting Fuzzy Communities in Social Networks},
  journal = {IEEE Trans. Fuzzy Syst.}, 
  volume  = {21},
  year    = {2013},
  pages   = {1170-1175}
}

@misc{Newman2013,
  author = {Newman, M. E. J.},
  title  = {Network data},
  howpublished = "\url{http://www-personal.umich.edu/~mejn/netdata/}",
  year = {2013}
}

@ARTICLE{SubeljBajec2012,
  author  = {\v{S}ubelj, L. and Bajec, M.},
  title   = {Ubiquitousness of link-density and link-pattern communities in real-world networks},
  journal = {Eur. Phys. J. B.}, 
  volume  = {85},
  year    = {2012},
  pages   = {1-11}
}

@ARTICLE{Lancichinettietal2008,
  author  = {Lancichinetti, A. and Fortunato, S. and Radicchi, F.},
  title   = {Benchmark graphs for testing community detection algorithms},
  journal = {Phys. Rev. E.}, 
  volume  = {78},
  year    = {2008},
  pages   = {046110}
}

@ARTICLE{Liuetal2014,
  author  = {Liu, W. and Pellegrini, M. and Wang, X.},
  title   = {Detecting Communities Based on Network Topology},
  journal = {Sci. Rep.}, 
  volume  = {4},
  year    = {2014},
  pages   = {5739}
}

@ARTICLE{Danonetal2005,
  author  = {Danon, L. and Diaz-Guilera, A. and Duch, J. and Arenas, A.},
  title   = {Comparing community structure identification},
  journal = {J. Stat. Mech.-Theory Exp.}, 
  volume  = {},
  year    = {2005},
  pages   = {P09008}
}

@ARTICLE{Gregory2011,
  author  = {Gregory, S.},
  title   = {Fuzzy overlapping communities in networks},
  journal = {J. Stat. Mech.-Theory Exp.}, 
  volume  = {},
  year    = {2011},
  pages   = {P02017}
}

@ARTICLE{LancichinettiFortunato2009,
  author  = {Lancichinetti, A. and Fortunato, S.},
  title   = {Benchmarks for testing community detection algorithms on directed and weighted graphs with overlapping communities},
  journal = {Phys. Rev. E.}, 
  volume  = {80},
  year    = {2009},
  pages   = {016118}
}

@CONFERENCE{HullermeierRifqi2009,
  author  = {Hullermeier, E. and Rifqi, M.},
  title   = {A Fuzzy Variant of the Rand Index for Comparing Clustering Structures},
  booktitle = {in Proc. IFSA/EUSFLAT Conf.}, 
  year    = {2009},
  pages   = {1294-1298}
}
