@article{DeVerna_pnas_2322823121,
author = {Matthew R. DeVerna  and Harry Yaojun Yan  and Kai-Cheng Yang  and Filippo Menczer },
title = {Fact-checking information from large language models can decrease headline discernment},
journal = {Proceedings of the National Academy of Sciences},
volume = {121},
number = {50},
pages = {e2322823121},
year = {2024},
doi = {10.1073/pnas.2322823121}}

@inproceedings{Hamed_FC2004,
author = {Hamed, Ahmed Abdeen and Crimi, Alessandro and Lee, Byung Suk and Misiak, Magdalena M.},
title = {Fact-Checking Generative AI: Ontology-Driven Biological Graphs for Disease-Gene Link Verification},
year = {2024},
isbn = {978-3-031-63771-1},
publisher = {Springer-Verlag},
address = {Berlin, Heidelberg},
booktitle = {Computational Science – ICCS 2024: 24th International Conference, Malaga, Spain, July 2–4, 2024, Proceedings, Part IV},
pages = {130–137},
numpages = {8},
keywords = {ChatGPT, fact-checking, generative AI, biological graphs, biological ontology, network medicine},
location = {Malaga, Spain}}

@article{abdeen2021fighting,
  title={Fighting the covid-19 infodemic in news articles and false publications: The neonet text classifier, a supervised machine learning algorithm},
  author={Abdeen, Mohammad AR and Hamed, Ahmed Abdeen and Wu, Xindong},
  journal={Applied Sciences},
  volume={11},
  number={16},
  pages={7265},
  year={2021},
  publisher={MDPI}
}

@incollection{anusree2022factorfake,
  title={FactOrFake: Automatic Fact Checking Using Machine Learning Models},
  author={Anusree, VA and Aarsha Das, KM and Arya, PS and Athira, K and Shameem, S},
  booktitle={Machine Learning and Autonomous Systems: Proceedings of ICMLAS 2021},
  pages={179--191},
  year={2022},
  publisher={Springer}
}

@article{arslan2024business,
  title={Business insights using RAG--LLMs: a review and case study},
  author={Arslan, Muhammad and Munawar, Saba and Cruz, Christophe},
  journal={Journal of Decision Systems},
  pages={1--30},
  year={2024},
  publisher={Taylor \& Francis}
}

@article{augenstein2024factuality,
  title={Factuality challenges in the era of large language models and opportunities for fact-checking},
  author={Augenstein, Isabelle and Baldwin, Timothy and Cha, Meeyoung and Chakraborty, Tanmoy and Ciampaglia, Giovanni Luca and Corney, David and DiResta, Renee and Ferrara, Emilio and Hale, Scott and Halevy, Alon and others},
  journal={Nature Machine Intelligence},
  volume={6},
  number={8},
  pages={852--863},
  year={2024},
  publisher={Nature Publishing Group UK London}
}

@inproceedings{barreto2023generative,
  title={Generative artificial intelligence: Opportunities and challenges of large language models},
  author={Barreto, Fabian and Moharkar, Lalita and Shirodkar, Madhura and Sarode, Vidya and Gonsalves, Saniya and Johns, Aaron},
  booktitle={International conference on intelligent computing and networking},
  pages={545--553},
  year={2023},
  organization={Springer}
}

@inproceedings{caramancion2023news,
  title={News verifiers showdown: a comparative performance evaluation of chatgpt 3.5, chatgpt 4.0, bing ai, and bard in news fact-checking},
  author={Caramancion, Kevin Matthe},
  booktitle={2023 IEEE Future Networks World Forum (FNWF)},
  pages={1--6},
  year={2023},
  organization={IEEE}
}

@misc{chatgpt2025,
  author       = "{OpenAI}",
  title        = "{ChatGPT: Conversational AI}",
  year         = "2025",
  howpublished = "\url{https://chatgpt.com/}",
  note         = "Accessed: 2025-01-12"
}

@article{ciampaglia2015computational,
  title={Computational fact checking from knowledge networks},
  author={Ciampaglia, Giovanni Luca and Shiralkar, Prashant and Rocha, Luis M and Bollen, Johan and Menczer, Filippo and Flammini, Alessandro},
  journal={PloS one},
  volume={10},
  number={6},
  pages={e0128193},
  year={2015},
  publisher={Public Library of Science San Francisco, CA USA}
}

@misc{copilot2025,
  author       = "{Microsoft}",
  title        = "{GitHub Copilot: AI-Powered Code Completion}",
  year         = "2025",
  howpublished = "\url{https://copilot.microsoft.com/}",
  note         = "Accessed: 2025-01-12"
}

@article{degrave2023dissection,
  title={Dissection of medical AI reasoning processes via physician and generative-AI collaboration},
  author={DeGrave, Alex J and Cai, Zhuo Ran and Janizek, Joseph D and Daneshjou, Roxana and Lee, Su-In},
  journal={Medrxiv},
  year={2023}
}

@misc{gemini2025,
  author       = "{Google}",
  title        = "{Gemini: AI-Powered App by Google}",
  year         = "2025",
  howpublished = "\url{https://gemini.google.com/app}",
  note         = "Accessed: 2025-01-12"
}

@article{giannakos2024promise,
  title={The promise and challenges of generative AI in education},
  author={Giannakos, Michail and Azevedo, Roger and Brusilovsky, Peter and Cukurova, Mutlu and Dimitriadis, Yannis and Hernandez-Leo, Davinia and J{\"a}rvel{\"a}, Sanna and Mavrikis, Manolis and Rienties, Bart},
  journal={Behaviour \& Information Technology},
  pages={1--27},
  year={2024},
  publisher={Taylor \& Francis}
}

@article{guo2022survey,
  title={A survey on automated fact-checking},
  author={Guo, Zhijiang and Schlichtkrull, Michael and Vlachos, Andreas},
  journal={Transactions of the Association for Computational Linguistics},
  volume={10},
  pages={178--206},
  year={2022},
  publisher={MIT Press One Rogers Street, Cambridge, MA 02142-1209, USA journals-info~…}
}

@article{hou2023answers,
  title={From Answers to Insights: Unveiling the Strengths and Limitations of ChatGPT and Biomedical Knowledge Graphs},
  author={Hou, Yu and Yeung, Jeremy and Xu, Hua and Su, Chang and Wang, Fei and Zhang, Rui},
  journal={Research square},
  year={2023},
  publisher={American Journal Experts}
}

@inproceedings{huly2024old,
  title={Old IR Methods Meet RAG},
  author={Huly, Oz and Pogrebinsky, Idan and Carmel, David and Kurland, Oren and Maarek, Yoelle},
  booktitle={Proceedings of the 47th International ACM SIGIR Conference on Research and Development in Information Retrieval},
  pages={2559--2563},
  year={2024}
}

@article{jeong2023generative,
  title={Generative AI service implementation using LLM application architecture: based on RAG model and LangChain framework},
  author={Jeong, Cheonsu},
  journal={Journal of Intelligence and Information Systems},
  volume={29},
  number={4},
  pages={129--164},
  year={2023},
  publisher={Korea Intelligent Information System Society}
}

@article{jin2023retrieve,
  title={Retrieve, summarize, and verify: how will ChatGPT affect information seeking from the medical literature?},
  author={Jin, Qiao and Leaman, Robert and Lu, Zhiyong},
  journal={Journal of the American Society of Nephrology},
  volume={34},
  number={8},
  pages={1302--1304},
  year={2023},
  publisher={LWW}
}

@inproceedings{khalil2021detecting,
  title={Detecting arabic fake news using machine learning},
  author={Khalil, Ashwaq and Jarrah, Moath and Aldwairi, Monther and Jararweh, Yaser},
  booktitle={2021 second international conference on intelligent data science technologies and applications (IDSTA)},
  pages={171--177},
  year={2021},
  organization={IEEE}
}

@article{koohi2023generative,
  title={Generative AI in medical imaging: applications, challenges, and ethics},
  author={Koohi-Moghadam, Mohamad and Bae, Kyongtae Ty},
  journal={Journal of Medical Systems},
  volume={47},
  number={1},
  pages={94},
  year={2023},
  publisher={Springer}
}

@article{krause2020fact,
  title={Fact-checking as risk communication: the multi-layered risk of misinformation in times of COVID-19},
  author={Krause, Nicole M and Freiling, Isabelle and Beets, Becca and Brossard, Dominique},
  journal={Journal of Risk Research},
  volume={23},
  number={7-8},
  pages={1052--1059},
  year={2020},
  publisher={Taylor \& Francis}
}

@article{lazarski2021using,
  title={Using nlp for fact checking: A survey},
  author={Lazarski, Eric and Al-Khassaweneh, Mahmood and Howard, Cynthia},
  journal={Designs},
  volume={5},
  number={3},
  pages={42},
  year={2021},
  publisher={MDPI}
}

@article{luengo2020performance,
  title={The performance of truth: politicians, fact-checking journalism, and the struggle to tackle COVID-19 misinformation},
  author={Luengo, Mar{\'\i}a and Garc{\'\i}a-Mar{\'\i}n, David},
  journal={American Journal of Cultural Sociology},
  volume={8},
  number={3},
  pages={405},
  year={2020}
}

@inproceedings{mahmood2023fact,
  title={Fact-checking of ai-generated reports},
  author={Mahmood, Razi and Wang, Ge and Kalra, Mannudeep and Yan, Pingkun},
  booktitle={International Workshop on Machine Learning in Medical Imaging},
  pages={214--223},
  year={2023},
  organization={Springer}
}

@article{manakul2023selfcheckgpt,
  title={Selfcheckgpt: Zero-resource black-box hallucination detection for generative large language models},
  author={Manakul, Potsawee and Liusie, Adian and Gales, Mark JF},
  journal={arXiv preprint arXiv:2303.08896},
  year={2023}
}

@article{ng2024rag,
  title={RAG in Health Care: A Novel Framework for Improving Communication and Decision-Making by Addressing LLM Limitations},
  author={Ng, Karen Ka Yan and Matsuba, Izuki and Zhang, Peter Chengming},
  journal={NEJM AI},
  pages={AIra2400380},
  year={2024},
  publisher={Massachusetts Medical Society}
}

@article{nyhan2020taking,
  title={Taking fact-checks literally but not seriously? The effects of journalistic fact-checking on factual beliefs and candidate favorability},
  author={Nyhan, Brendan and Porter, Ethan and Reifler, Jason and Wood, Thomas J},
  journal={Political behavior},
  volume={42},
  pages={939--960},
  year={2020},
  publisher={Springer}
}

@article{oshikawa2018survey,
  title={A survey on natural language processing for fake news detection},
  author={Oshikawa, Ray and Qian, Jing and Wang, William Yang},
  journal={arXiv preprint arXiv:1811.00770},
  year={2018}
}

@article{peng2023check,
  title={Check your facts and try again: Improving large language models with external knowledge and automated feedback},
  author={Peng, Baolin and Galley, Michel and He, Pengcheng and Cheng, Hao and Xie, Yujia and Hu, Yu and Huang, Qiuyuan and Liden, Lars and Yu, Zhou and Chen, Weizhu and others},
  journal={arXiv preprint arXiv:2302.12813},
  year={2023}
}

@article{rodriguez2021debunking,
  title={Debunking political disinformation through journalists’ perceptions: An analysis of Colombia’s fact-checking news practices},
  author={Rodr{\'\i}guez-P{\'e}rez, Carlos and Paniagua-Rojano, Francisco J and Magall{\'o}n-Rosa, Ra{\'u}l},
  journal={Media and Communication},
  volume={9},
  number={1},
  pages={264--275},
  year={2021}
}

@inproceedings{singhal2024multilingual,
  title={Multilingual Fact-Checking using LLMs},
  author={Singhal, Aryan and Law, Thomas and Kassner, Coby and Gupta, Ayushman and Duan, Evan and Damle, Aviral and Li, Ryan},
  booktitle={Proceedings of the Third Workshop on NLP for Positive Impact},
  pages={13--31},
  year={2024}
}

@article{siwakoti2021covid,
  title={How COVID drove the evolution of fact-checking},
  author={Siwakoti, Samikshya and Yadav, Kamya and Bariletto, Nicola and Zanotti, Luca and Erdogdu, Ulas and Shapiro, Jacob N},
  journal={Harvard Kennedy School Misinformation Review},
  year={2021}
}

@incollection{thomo2024pubmed,
  title={PubMed Retrieval with RAG Techniques},
  author={Thomo, Alex},
  booktitle={Digital Health and Informatics Innovations for Sustainable Health Care Systems},
  pages={652--653},
  year={2024},
  publisher={IOS Press}
}

@article{tian2024opportunities,
  title={Opportunities and challenges for ChatGPT and large language models in biomedicine and health},
  author={Tian, Shubo and Jin, Qiao and Yeganova, Lana and Lai, Po-Ting and Zhu, Qingqing and Chen, Xiuying and Yang, Yifan and Chen, Qingyu and Kim, Won and Comeau, Donald C and others},
  journal={Briefings in Bioinformatics},
  volume={25},
  number={1},
  pages={bbad493},
  year={2024},
  publisher={Oxford University Press}
}

@article{trabassi2024optimizing,
  title={Optimizing rare disease gait classification through data balancing and generative AI: insights from hereditary cerebellar ataxia},
  author={Trabassi, Dante and Castiglia, Stefano Filippo and Bini, Fabiano and Marinozzi, Franco and Ajoudani, Arash and Lorenzini, Marta and Chini, Giorgia and Varrecchia, Tiwana and Ranavolo, Alberto and De Icco, Roberto and others},
  journal={Sensors},
  volume={24},
  number={11},
  pages={3613},
  year={2024},
  publisher={MDPI}
}

@article{van2024chatgpt,
  title={Is ChatGPT an opportunity or a threat? Preventive strategies employed by academics related to a GenAI-based LLM at a faculty of education},
  author={Van Wyk, Micheal M},
  journal={Journal of applied learning and teaching},
  volume={7},
  number={1},
  pages={35--45},
  year={2024}
}

@inproceedings{vo2019learning,
  title={Learning from fact-checkers: analysis and generation of fact-checking language},
  author={Vo, Nguyen and Lee, Kyumin},
  booktitle={Proceedings of the 42nd international ACM SIGIR conference on research and development in information retrieval},
  pages={335--344},
  year={2019}
}

@article{wang2023applications,
  title={Applications of generative adversarial networks in neuroimaging and clinical neuroscience},
  author={Wang, Rongguang and Bashyam, Vishnu and Yang, Zhijian and Yu, Fanyang and Tassopoulou, Vasiliki and Chintapalli, Sai Spandana and Skampardoni, Ioanna and Sreepada, Lasya P and Sahoo, Dushyant and Nikita, Konstantina and others},
  journal={Neuroimage},
  volume={269},
  pages={119898},
  year={2023},
  publisher={Elsevier}
}

@misc{yuan2022BioBART,
      title={BioBART: Pretraining and Evaluation of A Biomedical Generative Language Model}, 
      author={Hongyi Yuan and Zheng Yuan and Ruyi Gan and Jiaxing Zhang and Yutao Xie and Sheng Yu},
      year={2022},
      eprint={2204.03905},
      archivePrefix={arXiv},
      primaryClass={cs.CL},
      url={https://arxiv.org/abs/2204.03905}, 
}

@article{zeng2021automated,
  title={Automated fact-checking: A survey},
  author={Zeng, Xia and Abumansour, Amani S and Zubiaga, Arkaitz},
  journal={Language and Linguistics Compass},
  volume={15},
  number={10},
  pages={e12438},
  year={2021},
  publisher={Wiley Online Library}
}

@inproceedings{zhou2019physiological,
  title={Physiological indicators for user trust in machine learning with influence enhanced fact-checking},
  author={Zhou, Jianlong and Hu, Huaiwen and Li, Zhidong and Yu, Kun and Chen, Fang},
  booktitle={Machine Learning and Knowledge Extraction: Third IFIP TC 5, TC 12, WG 8.4, WG 8.9, WG 12.9 International Cross-Domain Conference, CD-MAKE 2019, Canterbury, UK, August 26--29, 2019, Proceedings 3},
  pages={94--113},
  year={2019},
  organization={Springer}
}

