@article{abdel2020egyptian,
  title={Egyptian Arabic speech emotion recognition using prosodic, spectral and wavelet features},
  author={Abdel-Hamid, Lamiaa},
  journal={Speech Communication},
  volume={122},
  pages={19--30},
  year={2020},
  publisher={Elsevier}
}

@article{anden2014deep,
  title={Deep scattering spectrum},
  author={And{\'e}n, Joakim and Mallat, St{\'e}phane},
  journal={IEEE Transactions on Signal Processing},
  volume={62},
  number={16},
  pages={4114--4128},
  year={2014},
  publisher={IEEE}
}

@article{anden2019joint,
  title={Joint time--frequency scattering},
  author={And{\'e}n, Joakim and Lostanlen, Vincent and Mallat, St{\'e}phane},
  journal={IEEE Transactions on Signal Processing},
  volume={67},
  number={14},
  pages={3704--3718},
  year={2019},
  publisher={IEEE}
}

@article{cowie2001emotion,
  title={Emotion recognition in human-computer interaction},
  author={Cowie, Roddy and Douglas-Cowie, Ellen and Tsapatsoulis, Nicolas and Votsis, George and Kollias, Stefanos and Fellenz, Winfried and Taylor, John G},
  journal={IEEE Signal processing magazine},
  volume={18},
  number={1},
  pages={32--80},
  year={2001},
  publisher={IEEE}
}

@article{daubechies1990wavelet,
  title={The wavelet transform, time-frequency localization and signal analysis},
  author={Daubechies, Ingrid},
  journal={IEEE transactions on information theory},
  volume={36},
  number={5},
  pages={961--1005},
  year={1990},
  publisher={Ieee}
}

@article{eyben2016open,
  title={Open-source media interpretation by large feature-space extraction},
  author={Eyben, Florian and Weninger, Felix and W{\"o}llmer, Martin and Shuller, B},
  journal={TU Munchen, MMK},
  year={2016}
}

@inproceedings{gao2017speech,
  title={Speech emotion recognition using local and global features},
  author={Gao, Yuanbo and Li, Baobin and Wang, Ning and Zhu, Tingshao},
  booktitle={Brain Informatics: International Conference, BI 2017, Beijing, China, November 16-18, 2017, Proceedings},
  pages={3--13},
  year={2017},
  organization={Springer}
}

@inproceedings{ghezaiel2021hybrid,
  title={Hybrid network for end-to-end text-independent speaker identification},
  author={Ghezaiel, Wajdi and Brun, Luc and L{\'e}zoray, Olivier},
  booktitle={2020 25th International conference on pattern recognition (ICPR)},
  pages={2352--2359},
  year={2021},
  organization={IEEE}
}

@article{huang2019feature,
  title={Feature fusion methods research based on deep belief networks for speech emotion recognition under noise condition},
  author={Huang, Yongming and Tian, Kexin and Wu, Ao and Zhang, Guobao},
  journal={Journal of ambient intelligence and humanized computing},
  volume={10},
  pages={1787--1798},
  year={2019},
  publisher={Springer}
}

@inproceedings{kishore2013emotion,
  title={Emotion recognition in speech using MFCC and wavelet features},
  author={Kishore, KV Krishna and Satish, P Krishna},
  booktitle={2013 3rd IEEE International Advance Computing Conference (IACC)},
  pages={842--847},
  year={2013},
  organization={IEEE}
}

@inproceedings{mallat2010recursive,
  title={Recursive interferometric representation},
  author={Mallat, St{\'e}phane},
  booktitle={Proc. of EUSICO conference, Danemark},
  volume={3},
  year={2010}
}

@article{mallat2012group,
  title={Group invariant scattering},
  author={Mallat, St{\'e}phane},
  journal={Communications on Pure and Applied Mathematics},
  volume={65},
  number={10},
  pages={1331--1398},
  year={2012},
  publisher={Wiley Online Library}
}

@article{mansoorizadeh2007speech,
  title={Speech emotion recognition: Comparison of speech segmentation approaches},
  author={Mansoorizadeh, Muharram and Charkari, Nasrollah M},
  journal={Proceedings of IKT, Mashad, Iran},
  year={2007}
}

@article{mustaqeem2019cnn,
  title={A CNN-assisted enhanced audio signal processing for speech emotion recognition},
  author={Mustaqeem and Kwon, Soonil},
  journal={Sensors},
  volume={20},
  number={1},
  pages={183},
  year={2019},
  publisher={MDPI}
}

@article{muthusamy2015particle,
  title={Particle swarm optimization based feature enhancement and feature selection for improved emotion recognition in speech and glottal signals},
  author={Muthusamy, Hariharan and Polat, Kemal and Yaacob, Sazali},
  journal={PloS one},
  volume={10},
  number={3},
  pages={e0120344},
  year={2015},
  publisher={Public Library of Science San Francisco, CA USA}
}

@article{palo2018wavelet,
  title={Wavelet based feature combination for recognition of emotions},
  author={Palo, Hemanta Kumar and Mohanty, Mihir Narayan},
  journal={Ain shams engineering journal},
  volume={9},
  number={4},
  pages={1799--1806},
  year={2018},
  publisher={Elsevier}
}

@article{rao2018discrete,
  title={Discrete wavelet transforms},
  author={Rao, K Deergha and Swamy, MNS and Rao, K Deergha and Swamy, MNS},
  journal={Digital Signal Processing: Theory and Practice},
  pages={619--691},
  year={2018},
  publisher={Springer}
}

@article{rolnick2017deep,
  title={Deep learning is robust to massive label noise},
  author={Rolnick, David and Veit, Andreas and Belongie, Serge and Shavit, Nir},
  journal={arXiv preprint arXiv:1705.10694},
  year={2017}
}

@inproceedings{schuller2003hidden,
  title={Hidden Markov model-based speech emotion recognition},
  author={Schuller, Bj{\"o}rn and Rigoll, Gerhard and Lang, Manfred},
  booktitle={2003 IEEE International Conference on Acoustics, Speech, and Signal Processing, 2003. Proceedings.(ICASSP'03).},
  volume={2},
  pages={II--1},
  year={2003},
  organization={Ieee}
}

@article{silva2009discriminative,
  title={Discriminative wavelet packet filter bank selection for pattern recognition},
  author={Silva, Jorge and Narayanan, Shrikanth S},
  journal={IEEE Transactions on Signal Processing},
  volume={57},
  number={5},
  pages={1796--1810},
  year={2009},
  publisher={IEEE}
}

@article{steinbuch2005wavelet,
  title={Wavelet theory and applications: a literature study},
  author={Steinbuch, M and Van de Molengraft, MJG},
  journal={Eindhoven: Eindhoven University Technology Department of Mechanical Engineering Control System Group},
  year={2005}
}

@inproceedings{vasquez2015emotion,
  title={Emotion recognition from speech under environmental noise conditions using wavelet decomposition},
  author={V{\'a}squez-Correa, Juan Camilo and Garc{\'\i}a, Nicanor and Orozco-Arroyave, Juan Rafael and Arias-Londo{\~n}o, Juli{\'a}n David and Vargas-Bonilla, Jes{\'u}s Francisco and N{\"o}th, Elmar},
  booktitle={2015 International Carnahan Conference on Security Technology (ICCST)},
  pages={247--252},
  year={2015},
  organization={IEEE}
}

@article{wang2020wavelet,
  title={Wavelet packet analysis for speaker-independent emotion recognition},
  author={Wang, Kunxia and Su, Guoxin and Liu, Li and Wang, Shu},
  journal={Neurocomputing},
  volume={398},
  pages={257--264},
  year={2020},
  publisher={Elsevier}
}

@article{zao2014time,
  title={Time-frequency feature and AMS-GMM mask for acoustic emotion classification},
  author={Z{\~a}o, Leonardo and Cavalcante, D and Coelho, Ros{\^a}ngela},
  journal={IEEE signal processing letters},
  volume={21},
  number={5},
  pages={620--624},
  year={2014},
  publisher={IEEE}
}

@article{zhang2017speech,
  title={Speech emotion recognition using deep convolutional neural network and discriminant temporal pyramid matching},
  author={Zhang, Shiqing and Zhang, Shiliang and Huang, Tiejun and Gao, Wen},
  journal={IEEE Transactions on Multimedia},
  volume={20},
  number={6},
  pages={1576--1590},
  year={2017},
  publisher={IEEE}
}

@article{zhao2019speech,
  title={Speech emotion recognition using deep 1D \& 2D CNN LSTM networks},
  author={Zhao, Jianfeng and Mao, Xia and Chen, Lijiang},
  journal={Biomedical signal processing and control},
  volume={47},
  pages={312--323},
  year={2019},
  publisher={Elsevier}
}

@article{zheng2018effectiveness,
  title={Effectiveness of tuned q-factor wavelet transform in emotion recognition among left-brain damaged stroke patients},
  author={Zheng, Bong Siao and Khairunizam, Wan and Murugappan Murugappan, SA and Razlan, ZM and Zunaidi, I and Yean, CW},
  journal={Int J Simul Syst Sci Technol},
  volume={19},
  number={3},
  pages={2},
  year={2018}
}

