 @misc{
 cdcp_2022, 
 title={Suicide prevention (2024)}, 
 note = {Centers for Disease Control and Prevention. Available at: https://www.cdc.gov/suicide/ (Accessed: February 10, 2024)}
 }

@article{ryan2020suicide,
  title={Suicide risk assessment and prevention: challenges and opportunities},
  author={Ryan, Eileen P and Oquendo, Maria A},
  journal={Focus},
  volume={18},
  number={2},
  pages={88--99},
  year={2020},
  publisher={Am Psychiatric Assoc}
}

@article{isometsa1995last,
  title={The last appointment before suicide: is suicide intent communicated?},
  author={Isomets{\"a}, Erkki T and Heikkinen, Martti E and Marttunen, Mauri J and Henriksson, Markus M and Aro, Hillevi M and L{\"o}nnqvist, Jouko K},
  journal={The American journal of psychiatry},
  year={1995},
  publisher={American Psychiatric Assn}
}

@misc{busch2004fine,
  title={A fine-grained study of inpatients who commit suicide},
  author={Busch, Katie A and Fawcett, Jan},
  journal={Psychiatric Annals},
  volume={34},
  number={5},
  pages={357--364},
  year={2004},
  publisher={SLACK Incorporated Thorofare, NJ}
}

@article{cummins2015review,
  title={A review of depression and suicide risk assessment using speech analysis},
  author={Cummins, Nicholas and Scherer, Stefan and Krajewski, Jarek and Schnieder, Sebastian and Epps, Julien and Quatieri, Thomas F},
  journal={Speech communication},
  volume={71},
  pages={10--49},
  year={2015},
  publisher={Elsevier}
}

 @article{franklin2017risk,
  title={Risk factors for suicidal thoughts and behaviors: A meta-analysis of 50 years of research.},
  author={Franklin, Joseph C and Ribeiro, Jessica D and Fox, Kathryn R and Bentley, Kate H and Kleiman, Evan M and Huang, Xieyining and Musacchio, Katherine M and Jaroszewski, Adam C and Chang, Bernard P and Nock, Matthew K},
  journal={Psychological bulletin},
  volume={143},
  number={2},
  pages={187},
  year={2017},
  publisher={American Psychological Association}
}

@inproceedings{gideon2019emotion,
  title={Emotion recognition from natural phone conversations in individuals with and without recent suicidal ideation},
  author={Gideon, John and Schatten, Heather T and McInnis, Melvin G and Provost, Emily Mower},
  booktitle={Interspeech},
  year={2019}
}

@article{belouali2021acoustic,
  title={Acoustic and language analysis of speech for suicidal ideation among US veterans},
  author={Belouali, Anas and Gupta, Samir and Sourirajan, Vaibhav and Yu, Jiawei and Allen, Nathaniel and Alaoui, Adil and Dutton, Mary Ann and Reinhard, Matthew J},
  journal={BioData mining},
  volume={14},
  number={1},
  pages={1--17},
  year={2021},
  publisher={BioMed Central}
}


@article{wang2020missing,
  title={Missing-class-robust domain adaptation by unilateral alignment},
  author={Wang, Qin and Michau, Gabriel and Fink, Olga},
  journal={IEEE Transactions on Industrial Electronics},
  volume={68},
  number={1},
  pages={663--671},
  year={2020},
  publisher={IEEE}
}

@article{li2019deep,
  title={A deep learning driven method for fault classification and degradation assessment in mechanical equipment},
  author={Li, Zhe and Wang, Yi and Wang, Kesheng},
  journal={Computers in industry},
  volume={104},
  pages={1--10},
  year={2019},
  publisher={Elsevier}
}

@article{fink2020potential,
  title={Potential, challenges and future directions for deep learning in prognostics and health management applications},
  author={Fink, Olga and Wang, Qin and Svensen, Markus and Dersin, Pierre and Lee, Wan-Jui and Ducoffe, Melanie},
  journal={Engineering Applications of Artificial Intelligence},
  volume={92},
  pages={103678},
  year={2020},
  publisher={Elsevier}
}

@article{michau2021unsupervised,
  title={Unsupervised transfer learning for anomaly detection: Application to complementary operating condition transfer},
  author={Michau, Gabriel and Fink, Olga},
  journal={Knowledge-Based Systems},
  volume={216},
  pages={106816},
  year={2021},
  publisher={Elsevier}
}

@article{huang2022research,
  title={Research on Speech Emotion Recognition Based on the Fractional Fourier Transform},
  author={Huang, Lirong and Shen, Xizhong},
  journal={Electronics},
  volume={11},
  number={20},
  pages={3393},
  year={2022},
  publisher={MDPI}
}

@article{kiranyaz20211d,
  title={1D convolutional neural networks and applications: A survey},
  author={Kiranyaz, Serkan and Avci, Onur and Abdeljaber, Osama and Ince, Turker and Gabbouj, Moncef and Inman, Daniel J},
  journal={Mechanical systems and signal processing},
  volume={151},
  pages={107398},
  year={2021},
  publisher={Elsevier}
}

@article{zhang2018deep,
  title={A deep convolutional neural network with new training methods for bearing fault diagnosis under noisy environment and different working load},
  author={Zhang, Wei and Li, Chuanhao and Peng, Gaoliang and Chen, Yuanhang and Zhang, Zhujun},
  journal={Mechanical systems and signal processing},
  volume={100},
  pages={439--453},
  year={2018},
  publisher={Elsevier}
}

@article{papyan2017convolutional,
  title={Convolutional neural networks analyzed via convolutional sparse coding},
  author={Papyan, Vardan and Romano, Yaniv and Elad, Michael},
  journal={The Journal of Machine Learning Research},
  volume={18},
  number={1},
  pages={2887--2938},
  year={2017},
  publisher={JMLR. org}
}


@article{uteuliyeva2020fourier,
  title={Fourier neural networks: A comparative study},
  author={Uteuliyeva, Malika and Zhumekenov, Abylay and Takhanov, Rustem and Assylbekov, Zhenisbek and Castro, Alejandro J and Kabdolov, Olzhas},
  journal={Intelligent Data Analysis},
  volume={24},
  number={5},
  pages={1107--1120},
  year={2020},
  publisher={IOS press}
}

@article{li2021waveletkernelnet,
  title={WaveletKernelNet: An interpretable deep neural network for industrial intelligent diagnosis},
  author={Li, Tianfu and Zhao, Zhibin and Sun, Chuang and Cheng, Li and Chen, Xuefeng and Yan, Ruqiang and Gao, Robert X},
  journal={IEEE Transactions on Systems, Man, and Cybernetics: Systems},
  volume={52},
  number={4},
  pages={2302--2312},
  year={2021},
  publisher={IEEE}
}

@article{liu2019multi,
  title={Multi-level wavelet convolutional neural networks},
  author={Liu, Pengju and Zhang, Hongzhi and Lian, Wei and Zuo, Wangmeng},
  journal={IEEE Access},
  volume={7},
  pages={74973--74985},
  year={2019},
  publisher={IEEE}
}

@article{khalil2020end,
  title={An end-to-end multi-level wavelet convolutional neural networks for heart diseases diagnosis},
  author={Khalil, Mohammed and Adib, Abdellah and others},
  journal={Neurocomputing},
  volume={417},
  pages={187--201},
  year={2020},
  publisher={Elsevier}
}

@article{busso2008iemocap,
  title={IEMOCAP: Interactive emotional dyadic motion capture database},
  author={Busso, Carlos and Bulut, Murtaza and Lee, Chi-Chun and Kazemzadeh, Abe and Mower, Emily and Kim, Samuel and Chang, Jeannette N and Lee, Sungbok and Narayanan, Shrikanth S},
  journal={Language resources and evaluation},
  volume={42},
  number={4},
  pages={335--359},
  year={2008},
  publisher={Springer}
}

@INPROCEEDINGS{7178872,  author={Jin, Qin and Li, Chengxin and Chen, Shizhe and Wu, Huimin},  booktitle={2015 IEEE International Conference on Acoustics, Speech and Signal Processing (ICASSP)},   title={Speech emotion recognition with acoustic and lexical features},   year={2015},  volume={},  number={},  pages={4749-4753},  doi={10.1109/ICASSP.2015.7178872}}

@inproceedings{kim2013deep,
  title={Deep learning for robust feature generation in audiovisual emotion recognition},
  author={Kim, Yelin and Lee, Honglak and Provost, Emily Mower},
  booktitle={2013 IEEE international conference on acoustics, speech and signal processing},
  pages={3687--3691},
  year={2013},
  organization={IEEE}
}

@inproceedings{burkhardt2005database,
  title={A database of German emotional speech.},
  author={Burkhardt, Felix and Paeschke, Astrid and Rolfes, Miriam and Sendlmeier, Walter F and Weiss, Benjamin and others},
  booktitle={Interspeech},
  volume={5},
  pages={1517--1520},
  year={2005},
  doi={10.21437/Interspeech.2005-446}
}

@article{fong2010assessment,
  title={Assessment of robotic recon for human exploration of the Moon},
  author={Fong, Terrence and Abercromby, Andrew and Bualat, Maria G and Deans, Matthew C and Hodges, Kip V and Hurtado Jr, Jose M and Landis, Rob and Lee, Pascal and Schreckenghost, Debra},
  journal={Acta Astronautica},
  volume={67},
  number={9-10},
  pages={1176--1188},
  year={2010},
  publisher={Elsevier}
}

@inproceedings{seehapoch2013speech,
  title={Speech emotion recognition using support vector machines},
  author={Seehapoch, Thapanee and Wongthanavasu, Sartra},
  booktitle={2013 5th international conference on Knowledge and smart technology (KST)},
  pages={86--91},
  year={2013},
  organization={IEEE}
}

@article{yogesh2017bispectral,
  title={Bispectral features and mean shift clustering for stress and emotion recognition from natural speech},
  author={Yogesh, CK and Hariharan, Muthusamy and Yuvaraj, R and Ngadiran, Ruzelita and Yaacob, Sazali and Polat, Kemal and others},
  journal={Computers \& Electrical Engineering},
  volume={62},
  pages={676--691},
  year={2017},
  publisher={Elsevier}
}

@article{zhang2017speech,
  title={Speech emotion recognition using deep convolutional neural network and discriminant temporal pyramid matching},
  author={Zhang, Shiqing and Zhang, Shiliang and Huang, Tiejun and Gao, Wen},
  journal={IEEE Transactions on Multimedia},
  volume={20},
  number={6},
  pages={1576--1590},
  year={2017},
  publisher={IEEE}
}

@article{zhao2019speech,
  title={Speech emotion recognition using deep 1D \& 2D CNN LSTM networks},
  author={Zhao, Jianfeng and Mao, Xia and Chen, Lijiang},
  journal={Biomedical signal processing and control},
  volume={47},
  pages={312--323},
  year={2019},
  publisher={Elsevier}
}

@article{khorram2017capturing,
  title={Capturing long-term temporal dependencies with convolutional networks for continuous emotion recognition},
  author={Khorram, Soheil and Aldeneh, Zakaria and Dimitriadis, Dimitrios and McInnis, Melvin and Provost, Emily Mower},
  journal={arXiv preprint arXiv:1708.07050},
  year={2017}
}

@article{yu2015multi,
  title={Multi-scale context aggregation by dilated convolutions},
  author={Yu, Fisher and Koltun, Vladlen},
  journal={arXiv preprint arXiv:1511.07122},
  year={2015}
}

@inproceedings{ke2019speech,
  title={Speech emotion recognition based on PCA and CHMM},
  author={Ke, Xianxin and Cao, Bin and Bai, Jiaojiao and Yu, Qichao and Yang, Dezhi},
  booktitle={2019 IEEE 8th joint international information technology and artificial intelligence conference (ITAIC)},
  pages={667--671},
  year={2019},
  organization={IEEE}
}

@inproceedings{gao2017speech,
  title={Speech emotion recognition using local and global features},
  author={Gao, Yuanbo and Li, Baobin and Wang, Ning and Zhu, Tingshao},
  booktitle={Brain Informatics: International Conference, BI 2017, Beijing, China, November 16-18, 2017, Proceedings},
  pages={3--13},
  year={2017},
  organization={Springer}
}

@article{eyben2016open,
  title={Open-source media interpretation by large feature-space extraction},
  author={Eyben, Florian and Weninger, Felix and W{\"o}llmer, Martin and Shuller, B},
  journal={TU Munchen, MMK},
  year={2016}
}

@inproceedings{schuller2003hidden,
  title={Hidden Markov model-based speech emotion recognition},
  author={Schuller, Bj{\"o}rn and Rigoll, Gerhard and Lang, Manfred},
  booktitle={2003 IEEE International Conference on Acoustics, Speech, and Signal Processing, 2003. Proceedings.(ICASSP'03).},
  volume={2},
  pages={II--1},
  year={2003},
  organization={Ieee}
}

@inproceedings{zhou2006speech,
  title={Speech emotion recognition based on rough set and SVM},
  author={Zhou, Jian and Wang, Guoyin and Yang, Yong and Chen, Peijun},
  booktitle={2006 5th IEEE International Conference on Cognitive Informatics},
  volume={1},
  pages={53--61},
  year={2006},
  organization={IEEE}
}

@article{abdel2014convolutional,
  title={Convolutional neural networks for speech recognition},
  author={Abdel-Hamid, Ossama and Mohamed, Abdel-rahman and Jiang, Hui and Deng, Li and Penn, Gerald and Yu, Dong},
  journal={IEEE/ACM Transactions on audio, speech, and language processing},
  volume={22},
  number={10},
  pages={1533--1545},
  year={2014},
  publisher={IEEE}
}

@article{mao2014learning,
  title={Learning salient features for speech emotion recognition using convolutional neural networks},
  author={Mao, Qirong and Dong, Ming and Huang, Zhengwei and Zhan, Yongzhao},
  journal={IEEE transactions on multimedia},
  volume={16},
  number={8},
  pages={2203--2213},
  year={2014},
  publisher={IEEE}
}

@inproceedings{trigeorgis2016adieu,
  title={Adieu features? end-to-end speech emotion recognition using a deep convolutional recurrent network},
  author={Trigeorgis, George and Ringeval, Fabien and Brueckner, Raymond and Marchi, Erik and Nicolaou, Mihalis A and Schuller, Bj{\"o}rn and Zafeiriou, Stefanos},
  booktitle={2016 IEEE international conference on acoustics, speech and signal processing (ICASSP)},
  pages={5200--5204},
  year={2016},
  organization={IEEE}
}

@inproceedings{muckenhirn2019understanding,
  title={Understanding and Visualizing Raw Waveform-Based CNNs.},
  author={Muckenhirn, Hannah and Abrol, Vinayak and Magimai-Doss, Mathew and Marcel, S{\'e}bastien},
  booktitle={Interspeech},
  pages={2345--2349},
  year={2019}
}

@article{rolnick2017deep,
  title={Deep learning is robust to massive label noise},
  author={Rolnick, David and Veit, Andreas and Belongie, Serge and Shavit, Nir},
  journal={arXiv preprint arXiv:1705.10694},
  year={2017}
}

@article{mustaqeem2019cnn,
  title={A CNN-assisted enhanced audio signal processing for speech emotion recognition},
  author={Mustaqeem and Kwon, Soonil},
  journal={Sensors},
  volume={20},
  number={1},
  pages={183},
  year={2019},
  publisher={MDPI}
}

@inproceedings{mallat2010recursive,
  title={Recursive interferometric representation},
  author={Mallat, St{\'e}phane},
  booktitle={Proc. of EUSICO conference, Danemark},
  volume={3},
  year={2010}
}

@article{mallat2012group,
  title={Group invariant scattering},
  author={Mallat, St{\'e}phane},
  journal={Communications on Pure and Applied Mathematics},
  volume={65},
  number={10},
  pages={1331--1398},
  year={2012},
  publisher={Wiley Online Library}
}

@article{anden2014deep,
  title={Deep scattering spectrum},
  author={And{\'e}n, Joakim and Mallat, St{\'e}phane},
  journal={IEEE Transactions on Signal Processing},
  volume={62},
  number={16},
  pages={4114--4128},
  year={2014},
  publisher={IEEE}
}

@article{anden2019joint,
  title={Joint time--frequency scattering},
  author={And{\'e}n, Joakim and Lostanlen, Vincent and Mallat, St{\'e}phane},
  journal={IEEE Transactions on Signal Processing},
  volume={67},
  number={14},
  pages={3704--3718},
  year={2019},
  publisher={IEEE}
}

@inproceedings{ghezaiel2021hybrid,
  title={Hybrid network for end-to-end text-independent speaker identification},
  author={Ghezaiel, Wajdi and Brun, Luc and L{\'e}zoray, Olivier},
  booktitle={2020 25th International conference on pattern recognition (ICPR)},
  pages={2352--2359},
  year={2021},
  organization={IEEE}
}

@article{silva2009discriminative,
  title={Discriminative wavelet packet filter bank selection for pattern recognition},
  author={Silva, Jorge and Narayanan, Shrikanth S},
  journal={IEEE Transactions on Signal Processing},
  volume={57},
  number={5},
  pages={1796--1810},
  year={2009},
  publisher={IEEE}
}

@article{ghanbari2006new,
  title={A new approach for speech enhancement based on the adaptive thresholding of the wavelet packets},
  author={Ghanbari, Yasser and Karami-Mollaei, Mohammad Reza},
  journal={Speech communication},
  volume={48},
  number={8},
  pages={927--940},
  year={2006},
  publisher={Elsevier}
}

@article{rao2018discrete,
  title={Discrete wavelet transforms},
  author={Rao, K Deergha and Swamy, MNS and Rao, K Deergha and Swamy, MNS},
  journal={Digital Signal Processing: Theory and Practice},
  pages={619--691},
  year={2018},
  publisher={Springer}
}

@article{daubechies1990wavelet,
  title={The wavelet transform, time-frequency localization and signal analysis},
  author={Daubechies, Ingrid},
  journal={IEEE transactions on information theory},
  volume={36},
  number={5},
  pages={961--1005},
  year={1990},
  publisher={Ieee}
}

@article{zao2014time,
  title={Time-frequency feature and AMS-GMM mask for acoustic emotion classification},
  author={Z{\~a}o, Leonardo and Cavalcante, D and Coelho, Ros{\^a}ngela},
  journal={IEEE signal processing letters},
  volume={21},
  number={5},
  pages={620--624},
  year={2014},
  publisher={IEEE}
}

@article{lu2016facial,
  title={Facial emotion recognition based on biorthogonal wavelet entropy, fuzzy support vector machine, and stratified cross validation},
  author={Lu, HM},
  journal={IEEE Access},
  volume={4},
  pages={8375--8385},
  year={2016}
}

@inproceedings{vasquez2016wavelet,
  title={Wavelet-based time-frequency representations for automatic recognition of emotions from speech},
  author={Vasquez-Correa, Juan Camilo and Arias-Vergara, Tomas and Orozco-Arroyave, Juan Rafael and Vargas-Bonilla, Jes{\'u}s Francisco and Noeth, Elmar},
  booktitle={Speech Communication; 12. ITG Symposium},
  pages={1--5},
  year={2016},
  organization={VDE}
}

@article{muthusamy2015particle,
  title={Particle swarm optimization based feature enhancement and feature selection for improved emotion recognition in speech and glottal signals},
  author={Muthusamy, Hariharan and Polat, Kemal and Yaacob, Sazali},
  journal={PloS one},
  volume={10},
  number={3},
  pages={e0120344},
  year={2015},
  publisher={Public Library of Science San Francisco, CA USA}
}

@article{zheng2018effectiveness,
  title={Effectiveness of tuned q-factor wavelet transform in emotion recognition among left-brain damaged stroke patients},
  author={Zheng, Bong Siao and Khairunizam, Wan and Murugappan Murugappan, SA and Razlan, ZM and Zunaidi, I and Yean, CW},
  journal={Int J Simul Syst Sci Technol},
  volume={19},
  number={3},
  pages={2},
  year={2018}
}

@article{hariharan2018improved,
  title={Improved binary dragonfly optimization algorithm and wavelet packet based non-linear features for infant cry classification},
  author={Hariharan, Muthusamy and Sindhu, Ru and Vijean, Vikneswaran and Yazid, Haniza and Nadarajaw, Thiyagar and Yaacob, Sazali and Polat, Kemal},
  journal={Computer Methods and Programs in Biomedicine},
  volume={155},
  pages={39--51},
  year={2018},
  publisher={Elsevier}
}

@article{cowie2001emotion,
  title={Emotion recognition in human-computer interaction},
  author={Cowie, Roddy and Douglas-Cowie, Ellen and Tsapatsoulis, Nicolas and Votsis, George and Kollias, Stefanos and Fellenz, Winfried and Taylor, John G},
  journal={IEEE Signal processing magazine},
  volume={18},
  number={1},
  pages={32--80},
  year={2001},
  publisher={IEEE}
}

@article{mansoorizadeh2007speech,
  title={Speech emotion recognition: Comparison of speech segmentation approaches},
  author={Mansoorizadeh, Muharram and Charkari, Nasrollah M},
  journal={Proceedings of IKT, Mashad, Iran},
  year={2007}
}

@article{sajjad2020clustering,
  title={Clustering-based speech emotion recognition by incorporating learned features and deep BiLSTM},
  author={Sajjad, Muhammad and Kwon, Soonil and others},
  journal={IEEE access},
  volume={8},
  pages={79861--79875},
  year={2020},
  publisher={IEEE}
}

@article{zeng2019spectrogram,
  title={Spectrogram based multi-task audio classification},
  author={Zeng, Yuni and Mao, Hua and Peng, Dezhong and Yi, Zhang},
  journal={Multimedia Tools and Applications},
  volume={78},
  pages={3705--3722},
  year={2019},
  publisher={Springer}
}

@article{steinbuch2005wavelet,
  title={Wavelet theory and applications: a literature study},
  author={Steinbuch, M and Van de Molengraft, MJG},
  journal={Eindhoven: Eindhoven University Technology Department of Mechanical Engineering Control System Group},
  year={2005}
}

@inproceedings{shegokar2016continuous,
  title={Continuous wavelet transform based speech emotion recognition},
  author={Shegokar, Pankaj and Sircar, Pradip},
  booktitle={2016 10th International conference on signal processing and communication systems (ICSPCS)},
  pages={1--8},
  year={2016},
  organization={IEEE}
}

@article{palo2018wavelet,
  title={Wavelet based feature combination for recognition of emotions},
  author={Palo, Hemanta Kumar and Mohanty, Mihir Narayan},
  journal={Ain shams engineering journal},
  volume={9},
  number={4},
  pages={1799--1806},
  year={2018},
  publisher={Elsevier}
}

@article{jackson2014surrey,
  title={Surrey audio-visual expressed emotion (savee) database},
  author={Jackson, Philip and Haq, SJUoSG},
  journal={University of Surrey: Guildford, UK},
  year={2014}
}

@inproceedings{zhiyan2013speech,
  title={Speech emotion recognition based on wavelet transform and improved HMM},
  author={Zhiyan, Han and Jian, Wang},
  booktitle={2013 25th Chinese Control and Decision Conference (CCDC)},
  pages={3156--3159},
  year={2013},
  organization={IEEE}
}


@misc{rumelhart1985learning,
  title={Learning internal representations by error propagation},
  author={Rumelhart, David E and Hinton, Geoffrey E and Williams, Ronald J and others},
  year={1985},
  publisher={Institute for Cognitive Science, University of California, San Diego La~…}
}

@article{abdel2020egyptian,
  title={Egyptian Arabic speech emotion recognition using prosodic, spectral and wavelet features},
  author={Abdel-Hamid, Lamiaa},
  journal={Speech Communication},
  volume={122},
  pages={19--30},
  year={2020},
  publisher={Elsevier}
}

@book{zwicker2013psychoacoustics,
  title={Psychoacoustics: Facts and models},
  author={Zwicker, Eberhard and Fastl, Hugo},
  volume={22},
  year={2013},
  publisher={Springer Science \& Business Media}
}

@inproceedings{lalitha2016emotion,
  title={Emotion detection using perceptual based speech features},
  author={Lalitha, S and Tripathi, Shikha},
  booktitle={2016 IEEE Annual India Conference (INDICON)},
  pages={1--5},
  year={2016},
  organization={IEEE}
}

@article{jiang2021speech,
  title={Speech emotion recognition using emotion perception spectral feature},
  author={Jiang, Lin and Tan, Ping and Yang, Junfeng and Liu, Xingbao and Wang, Chao},
  journal={Concurrency and Computation: Practice and Experience},
  volume={33},
  number={11},
  pages={e5427},
  year={2021},
  publisher={Wiley Online Library}
}

@article{fernandes2021speech,
  title={Speech Emotion Recognition Using Deep Learning LSTM for Tamil Language.},
  author={Fernandes, Bennilo and Mannepalli, Kasiprasad},
  journal={Pertanika Journal of Science \& Technology},
  volume={29},
  number={3},
  year={2021}
}

@article{wang2020wavelet,
  title={Wavelet packet analysis for speaker-independent emotion recognition},
  author={Wang, Kunxia and Su, Guoxin and Liu, Li and Wang, Shu},
  journal={Neurocomputing},
  volume={398},
  pages={257--264},
  year={2020},
  publisher={Elsevier}
}

@inproceedings{kishore2013emotion,
  title={Emotion recognition in speech using MFCC and wavelet features},
  author={Kishore, KV Krishna and Satish, P Krishna},
  booktitle={2013 3rd IEEE International Advance Computing Conference (IACC)},
  pages={842--847},
  year={2013},
  organization={IEEE}
}

@inproceedings{feng2018speech,
  title={Speech emotion recognition based on LSTM and Mel scale wavelet packet decomposition},
  author={Feng, Tian and Yang, Shuying},
  booktitle={Proceedings of the 2018 International Conference on Algorithms, Computing and Artificial Intelligence},
  pages={1--7},
  year={2018}
}

@inproceedings{he2013study,
  title={Study of wavelet packet energy entropy for emotion classification in speech and glottal signals},
  author={He, Ling and Lech, Margaret and Zhang, Jing and Ren, Xiaomei and Deng, Lihua},
  booktitle={Fifth International Conference on Digital Image Processing (ICDIP 2013)},
  volume={8878},
  pages={581--586},
  year={2013},
  organization={SPIE}
}

@article{huang2019feature,
  title={Feature fusion methods research based on deep belief networks for speech emotion recognition under noise condition},
  author={Huang, Yongming and Tian, Kexin and Wu, Ao and Zhang, Guobao},
  journal={Journal of ambient intelligence and humanized computing},
  volume={10},
  pages={1787--1798},
  year={2019},
  publisher={Springer}
}

@inproceedings{vasquez2015emotion,
  title={Emotion recognition from speech under environmental noise conditions using wavelet decomposition},
  author={V{\'a}squez-Correa, Juan Camilo and Garc{\'\i}a, Nicanor and Orozco-Arroyave, Juan Rafael and Arias-Londo{\~n}o, Juli{\'a}n David and Vargas-Bonilla, Jes{\'u}s Francisco and N{\"o}th, Elmar},
  booktitle={2015 International Carnahan Conference on Security Technology (ICCST)},
  pages={247--252},
  year={2015},
  organization={IEEE}
}

@article{xu2015empirical,
  title={Empirical evaluation of rectified activations in convolutional network},
  author={Xu, Bing and Wang, Naiyan and Chen, Tianqi and Li, Mu},
  journal={arXiv preprint arXiv:1505.00853},
  year={2015}
}

@inproceedings{maas2013rectifier,
  title={Rectifier nonlinearities improve neural network acoustic models},
  author={Maas, Andrew L and Hannun, Awni Y and Ng, Andrew Y and others},
  booktitle={Proc. icml},
  volume={30},
  number={1},
  pages={3},
  year={2013},
  organization={Citeseer}
}

@article{chung2014empirical,
  title={Empirical evaluation of gated recurrent neural networks on sequence modeling},
  author={Chung, Junyoung and Gulcehre, Caglar and Cho, KyungHyun and Bengio, Yoshua},
  journal={arXiv preprint arXiv:1412.3555},
  year={2014}
}

@article{styan1973hadamard,
  title={Hadamard products and multivariate statistical analysis},
  author={Styan, George PH},
  journal={Linear algebra and its applications},
  volume={6},
  pages={217--240},
  year={1973},
  publisher={Elsevier}
}

@book{mallat2008wavelet,
  title={A Wavelet Tour of Signal Processing: The Sparse Way},
  author={Mallat, S.},
  isbn={9780080922027},
  url={https://books.google.ca/books?id=5qzeLJljuLoC},
  year={2008},
  publisher={Elsevier Science}
}

@inproceedings{croisier1976perfect,
  title={Perfect channel splitting by use of interpolation/decimation/tree decomposition techniques},
  author={Croisier, A},
  booktitle={Proc. Int. Symp. on Info., Circuits and Systems,(Patras, Greece)},
  year={1976}
}

@inproceedings{sefara2019effects,
  title={The effects of normalisation methods on speech emotion recognition},
  author={Sefara, Tshephisho Joseph},
  booktitle={2019 International multidisciplinary information technology and engineering conference (IMITEC)},
  pages={1--8},
  year={2019},
  organization={IEEE}
}

@article{lin2013network,
  title={Network in network},
  author={Lin, Min and Chen, Qiang and Yan, Shuicheng},
  journal={arXiv preprint arXiv:1312.4400},
  year={2013}
}

@article{el2011survey,
  title={Survey on speech emotion recognition: Features, classification schemes, and databases},
  author={El Ayadi, Moataz and Kamel, Mohamed S and Karray, Fakhri},
  journal={Pattern recognition},
  volume={44},
  number={3},
  pages={572--587},
  year={2011},
  publisher={Elsevier}
}

@article{singh2022systematic,
  title={A systematic literature review of speech emotion recognition approaches},
  author={Singh, Youddha Beer and Goel, Shivani},
  journal={Neurocomputing},
  year={2022},
  publisher={Elsevier}
}

@article{aoyama1954study,
  title={A study of stratified random sampling},
  author={Aoyama, Hirojiro},
  journal={Ann. Inst. Stat. Math},
  volume={6},
  number={1},
  pages={1--36},
  year={1954}
}

@article{li2018massively,
  title={Massively parallel hyperparameter tuning},
  author={Li, Liam and Jamieson, Kevin and Rostamizadeh, Afshin and Gonina, Ekaterina and Hardt, Moritz and Recht, Ben and Talwalkar, Ameet},
  year={2018}
}

@article{li2020system,
  title={A system for massively parallel hyperparameter tuning},
  author={Li, Liam and Jamieson, Kevin and Rostamizadeh, Afshin and Gonina, Ekaterina and Ben-Tzur, Jonathan and Hardt, Moritz and Recht, Benjamin and Talwalkar, Ameet},
  journal={Proceedings of Machine Learning and Systems},
  volume={2},
  pages={230--246},
  year={2020}
}

@misc{https://doi.org/10.48550/arxiv.1412.6980,
  doi = {10.48550/ARXIV.1412.6980},
  
  url = {https://arxiv.org/abs/1412.6980},
  
  author = {Kingma, Diederik P. and Ba, Jimmy},
  
  keywords = {Machine Learning (cs.LG), FOS: Computer and information sciences, FOS: Computer and information sciences},
  
  title = {Adam: A Method for Stochastic Optimization},
  
  publisher = {arXiv},
  
  year = {2014},
  
  copyright = {arXiv.org perpetual, non-exclusive license}
}


@inproceedings{Iqbal2020MFCCAM,
  title={MFCC and Machine Learning Based Speech Emotion Recognition Over TESS and IEMOCAP Datasets},
  author={Muhammad Zafar Iqbal},
  year={2020}
}

@inproceedings{aftab2022light,
  title={Light-SERNet: A lightweight fully convolutional neural network for speech emotion recognition},
  author={Aftab, Arya and Morsali, Alireza and Ghaemmaghami, Shahrokh and Champagne, Benoit},
  booktitle={ICASSP 2022-2022 IEEE International Conference on Acoustics, Speech and Signal Processing (ICASSP)},
  pages={6912--6916},
  year={2022},
  organization={IEEE}
}

@inproceedings{li2019improved,
  title={Improved End-to-End Speech Emotion Recognition Using Self Attention Mechanism and Multitask Learning.},
  author={Li, Yuanchao and Zhao, Tianyu and Kawahara, Tatsuya},
  booktitle={Interspeech},
  pages={2803--2807},
  year={2019}
}

@article{chen20183,
  title={3-D convolutional recurrent neural networks with attention model for speech emotion recognition},
  author={Chen, Mingyi and He, Xuanji and Yang, Jing and Zhang, Han},
  journal={IEEE Signal Processing Letters},
  volume={25},
  number={10},
  pages={1440--1444},
  year={2018},
  publisher={IEEE}
}

@article{issa2020speech,
  title={Speech emotion recognition with deep convolutional neural networks},
  author={Issa, Dias and Demirci, M Fatih and Yazici, Adnan},
  journal={Biomedical Signal Processing and Control},
  volume={59},
  pages={101894},
  year={2020},
  publisher={Elsevier}
}

@article{meng2019speech,
  title={Speech emotion recognition from 3D log-mel spectrograms with deep learning network},
  author={Meng, Hao and Yan, Tianhao and Yuan, Fei and Wei, Hongwei},
  journal={IEEE access},
  volume={7},
  pages={125868--125881},
  year={2019},
  publisher={IEEE}
}


@inproceedings{parlak2014cross,
  title={A cross-corpus experiment in speech emotion recognition.},
  author={Parlak, Cevahir and Diri, Banu and G{\"u}rgen, Fikret},
  booktitle={SLAM@ INTERSPEECH},
  pages={58--61},
  year={2014}
}

@inproceedings{pham2021emotion,
  title={Emotion Recognition using Speech Data with Convolutional Neural Network},
  author={Pham, Minh H and Noori, Farzan M and Torresen, Jim},
  booktitle={2021 IEEE 2nd International Conference on Signal, Control and Communication (SCC)},
  pages={182--187},
  year={2021},
  organization={IEEE}
}

@article{ancilin2021improved,
  title={Improved speech emotion recognition with Mel frequency magnitude coefficient},
  author={Ancilin, J and Milton, A},
  journal={Applied Acoustics},
  volume={179},
  pages={108046},
  year={2021},
  publisher={Elsevier}
}

@inproceedings{singh2021deep,
  title={Deep scattering network for speech emotion recognition},
  author={Singh, Premjeet and Saha, Goutam and Sahidullah, Md},
  booktitle={2021 29th European Signal Processing Conference (EUSIPCO)},
  pages={131--135},
  year={2021},
  organization={IEEE}
}

@article{meng2021speech,
  title={Speech emotion recognition using wavelet packet reconstruction with attention-based deep recurrent neutral networks},
  author={Meng, Hao and Yan, Tianhao and Wei, Hongwei and Ji, Xun},
  journal={Bulletin of the Polish Academy of Sciences. Technical Sciences},
  volume={69},
  number={1},
  year={2021},
  publisher={Polska Akademia Nauk. Czytelnia Czasopism PAN}
}

@inproceedings{van2023speech,
  title={Speech Emotion Recognition Using Deep Convolutional Neural Networks Improved by the Fast Continuous Wavelet Transform},
  author={Van Zwol, Bj{\"o}rn E and Langezaal, Mathijs A and Arts, Lukas and Gatt, Albert and Van Den Broek, Egon L},
  booktitle={Workshop Proceedings of the 19th International Conference on Intelligent Environments (IE2023)},
  pages={63--72},
  year={2023},
  organization={IOS Press}
}

@inproceedings{liu2022speech,
  title={Speech emotion recognition system based on wavelet transform and multi-task learning},
  author={Liu, Yunxiang and Kexin, Zhang},
  booktitle={2022 7th International Conference on Intelligent Informatics and Biomedical Science (ICIIBMS)},
  volume={7},
  pages={141--149},
  year={2022},
  organization={IEEE}
}

@article{palo2023amalgamation,
  title={The amalgamation of wavelet packet information gain entropy tuned source and system parameters for improved speech emotion recognition},
  author={Palo, Hemanta Kumar and Subudhiray, Swapna and Das, Niva},
  journal={Speech Communication},
  volume={149},
  pages={11--28},
  year={2023},
  publisher={Elsevier}
}

@article{tuncer2021automated,
  title={Automated accurate speech emotion recognition system using twine shuffle pattern and iterative neighborhood component analysis techniques},
  author={Tuncer, Turker and Dogan, Sengul and Acharya, U Rajendra},
  journal={Knowledge-Based Systems},
  volume={211},
  pages={106547},
  year={2021},
  publisher={Elsevier}
}


@article{nugroho2022development,
  title={Development of Speech Emotion Recognition System based on Discrete Wavelet Transform (DWT) and Voice Segmentation},
  author={Nugroho, Hertog and Fuadiyah, Raya Nadlira Nurul},
  journal={International Journal on Electrical Engineering and Informatics},
  volume={14},
  number={3},
  pages={593--607},
  year={2022},
  publisher={School of Electrical Engineering and Informatics, Bandung Institute of~…}
}

@article{fahad2021survey,
  title={A survey of speech emotion recognition in natural environment},
  author={Fahad, Md Shah and Ranjan, Ashish and Yadav, Jainath and Deepak, Akshay},
  journal={Digital signal processing},
  volume={110},
  pages={102951},
  year={2021},
  publisher={Elsevier}
}

@article{jetley2018learn,
  title={Learn to pay attention},
  author={Jetley, Saumya and Lord, Nicholas A and Lee, Namhoon and Torr, Philip HS},
  journal={arXiv preprint arXiv:1804.02391},
  year={2018}
}

@inproceedings{lin2017focal,
  title={Focal loss for dense object detection},
  author={Lin, Tsung-Yi and Goyal, Priya and Girshick, Ross and He, Kaiming and Doll{\'a}r, Piotr},
  booktitle={Proceedings of the IEEE international conference on computer vision},
  pages={2980--2988},
  year={2017}
}

@article{busch2007heisenberg,
  title={Heisenberg's uncertainty principle},
  author={Busch, Paul and Heinonen, Teiko and Lahti, Pekka},
  journal={Physics reports},
  volume={452},
  number={6},
  pages={155--176},
  year={2007},
  publisher={Elsevier}
}

@inproceedings{nfissi2024unlocking,
  title={Unlocking the Emotional States of High-Risk Suicide Callers through Speech Analysis},
  author={Nfissi, Alaa and Bouachir, Wassim and Bouguila, Nizar and Mishara, Brian},
  booktitle={2024 IEEE 18th International Conference on Semantic Computing (ICSC)},
  pages={33--40},
  year={2024},
  organization={IEEE Computer Society}
}

@INPROCEEDINGS{9544671,
  author={Bhangdia, Yashwardhan and Bhansali, Rashi and Chaudhari, Ninad and Chandnani, Dimple and Dhore, M L},
  booktitle={2021 Third International Conference on Inventive Research in Computing Applications (ICIRCA)}, 
  title={Speech Emotion Recognition and Sentiment Analysis based Therapist Bot}, 
  year={2021},
  volume={},
  number={},
  pages={96-101},
  keywords={Deep learning;Emotion recognition;Sentiment analysis;Analytical models;Computational modeling;Medical treatment;Speech recognition;Speech Emotion Recognition;Sentiment Analysis;Deep Learning;CNN;BiLSTM;Chatbot},
  doi={10.1109/ICIRCA51532.2021.9544671}}
