@inproceedings{B22wilder2021clinical,
  title={Clinical trial of an AI-augmented intervention for HIV prevention in youth experiencing homelessness},
  author={Wilder, Bryan and Onasch-Vera, Laura and Diguiseppi, Graham and Petering, Robin and Hill, Chyna and Yadav, Amulya and Rice, Eric and Tambe, Milind},
  booktitle={Proceedings of the AAAI Conference on Artificial Intelligence},
  volume={35},
  number={17},
  pages={14948--14956},
  year={2021}
}

@article{B21hoffman2018discretion,
  title={Discretion in hiring},
  author={Hoffman, Mitchell and Kahn, Lisa B and Li, Danielle},
  journal={The Quarterly Journal of Economics},
  volume={133},
  number={2},
  pages={765--800},
  year={2018},
  publisher={Oxford University Press}
}

@article{B19charette2018michigan,
  title={Michigan’s MiDAS unemployment system: Algorithm alchemy created lead, not gold},
  author={Charette, Robert N},
  journal={IEEE Spectrum},
  volume={24},
  number={3},
  year={2018}
}

@article{B18redcross2019evaluation,
  title={Evaluation of Pretrial Justice System Reforms That Use the Public Safety Assessment},
  author={Redcross, Cindy and Henderson, Brit and Miratrix, Luke and Valentine, Erin},
  journal={Effects in},
  year={2019}
}

@article{B17imai2023experimental,
  title={Experimental evaluation of algorithm-assisted human decision-making: Application to pretrial public safety assessment},
  author={Imai, Kosuke and Jiang, Zhichao and Greiner, D James and Halen, Ryan and Shin, Sooahn},
  journal={Journal of the Royal Statistical Society Series A: Statistics in Society},
  volume={186},
  number={2},
  pages={167--189},
  year={2023},
  publisher={Oxford University Press US}
}

@article{B16green2019principles,
  title={The principles and limits of algorithm-in-the-loop decision making},
  author={Green, Ben and Chen, Yiling},
  journal={Proceedings of the ACM on Human-Computer Interaction},
  volume={3},
  number={CSCW},
  pages={1--24},
  year={2019},
  publisher={ACM New York, NY, USA}
}
@article{B15engel2021machine,
  title={Machine advice with a warning about machine limitations: experimentally testing the solution mandated by the Wisconsin Supreme Court},
  author={Engel, Christoph and Grgi{\'c}-Hla{\v{c}}a, Nina},
  journal={Journal of Legal Analysis},
  volume={13},
  number={1},
  pages={284--340},
  year={2021},
  publisher={Oxford University Press}
}

@article{B14grgic2019human,
  title={Human decision making with machine assistance: An experiment on bailing and jailing},
  author={Grgi{\'c}-Hla{\v{c}}a, Nina and Engel, Christoph and Gummadi, Krishna P},
  journal={Proceedings of the ACM on human-computer interaction},
  volume={3},
  number={CSCW},
  pages={1--25},
  year={2019},
  publisher={ACM New York, NY, USA}
}
@article{B13albright2019if,
  title={If you give a judge a risk score: evidence from Kentucky bail decisions},
  author={Albright, Alex and others},
  journal={Law, Economics, and Business Fellows’ Discussion Paper Series},
  volume={85},
  pages={2019--1},
  year={2019}
}

@article{B12kleinberg2018human,
  title={Human decisions and machine predictions},
  author={Kleinberg, Jon and Lakkaraju, Himabindu and Leskovec, Jure and Ludwig, Jens and Mullainathan, Sendhil},
  journal={The quarterly journal of economics},
  volume={133},
  number={1},
  pages={237--293},
  year={2018},
  publisher={Oxford University Press}
}

@article{B11perdomo2023difficult,
  title={Difficult lessons on social prediction from Wisconsin Public Schools},
  author={Perdomo, Juan C and Britton, Tolani and Hardt, Moritz and Abebe, Rediet},
  journal={arXiv preprint arXiv:2304.06205},
  year={2023}
}

@article{B10liu2022lost,
  title={Lost in translation: Reimagining the machine learning life cycle in education},
  author={Liu, Lydia T and Wang, Serena and Britton, Tolani and Abebe, Rediet},
  journal={arXiv preprint arXiv:2209.03929},
  year={2022}
}

@inproceedings{B9dawson2017prediction,
  title={From prediction to impact: Evaluation of a learning analytics retention program},
  author={Dawson, Shane and Jovanovic, Jelena and Ga{\v{s}}evi{\'c}, Dragan and Pardo, Abelardo},
  booktitle={Proceedings of the seventh international learning analytics \& knowledge conference},
  pages={474--478},
  year={2017}
}
@inproceedings{B8borrella2019predict,
  title={Predict and intervene: Addressing the dropout problem in a MOOC-based program},
  author={Borrella, Inma and Caballero-Caballero, Sergio and Ponce-Cueto, Eva},
  booktitle={Proceedings of the sixth (2019) ACM conference on learning@ scale},
  pages={1--9},
  year={2019}
}


@article{B7ross2022epic,
  title={Epic’s overhaul of a flawed algorithm shows why AI oversight is a life-or-death issue},
  author={Ross, Casey},
  journal={STAT, Oct},
  year={2022}
}

@article{B6wu2021medical,
  title={How medical AI devices are evaluated: limitations and recommendations from an analysis of FDA approvals},
  author={Wu, Eric and Wu, Kevin and Daneshjou, Roxana and Ouyang, David and Ho, Daniel E and Zou, James},
  journal={Nature Medicine},
  volume={27},
  number={4},
  pages={582--584},
  year={2021},
  publisher={Nature Publishing Group US New York}
}

@article{B5altman2000we,
  title={What do we mean by validating a prognostic model?},
  author={Altman, Douglas G and Royston, Patrick},
  journal={Statistics in medicine},
  volume={19},
  number={4},
  pages={453--473},
  year={2000},
  publisher={Wiley Online Library}
}


@article{B4plana2022randomized,
  title={Randomized clinical trials of machine learning interventions in health care: a systematic review},
  author={Plana, Deborah and Shung, Dennis L and Grimshaw, Alyssa A and Saraf, Anurag and Sung, Joseph JY and Kann, Benjamin H},
  journal={JAMA network open},
  volume={5},
  number={9},
  pages={e2233946--e2233946},
  year={2022},
  publisher={American Medical Association}
}

@article{B3yala2022multi,
  title={Multi-institutional validation of a mammography-based breast cancer risk model},
  author={Yala, Adam and Mikhael, Peter G and Strand, Fredrik and Lin, Gigin and Satuluru, Siddharth and Kim, Thomas and Banerjee, Imon and Gichoya, Judy and Trivedi, Hari and Lehman, Constance D and others},
  journal={Journal of Clinical Oncology},
  volume={40},
  number={16},
  pages={1732--1740},
  year={2022},
  publisher={Wolters Kluwer Health}
}

@article{B2wong2021external,
  title={External validation of a widely implemented proprietary sepsis prediction model in hospitalized patients},
  author={Wong, Andrew and Otles, Erkin and Donnelly, John P and Krumm, Andrew and McCullough, Jeffrey and DeTroyer-Cooley, Olivia and Pestrue, Justin and Phillips, Marie and Konye, Judy and Penoza, Carleen and others},
  journal={JAMA internal medicine},
  volume={181},
  number={8},
  pages={1065--1070},
  year={2021},
  publisher={American Medical Association}
}

@article{B1strickland2019ibm,
  title={IBM Watson, heal thyself: How IBM overpromised and underdelivered on AI health care},
  author={Strickland, Eliza},
  journal={IEEE Spectrum},
  volume={56},
  number={4},
  pages={24--31},
  year={2019},
  publisher={IEEE}
}


@article{15albright2019if,
  title={If you give a judge a risk score: evidence from Kentucky bail decisions},
  author={Albright, Alex and others},
  journal={Law, Economics, and Business Fellows’ Discussion Paper Series},
  volume={85},
  pages={2019--1},
  year={2019}
}

@article{14goddard2012automation,
  title={Automation bias: a systematic review of frequency, effect mediators, and mitigators},
  author={Goddard, Kate and Roudsari, Abdul and Wyatt, Jeremy C},
  journal={Journal of the American Medical Informatics Association},
  volume={19},
  number={1},
  pages={121--127},
  year={2012},
  publisher={BMJ Group BMA House, Tavistock Square, London, WC1H 9JR}
}

@article{13buccinca2021trust,
  title={To trust or to think: cognitive forcing functions can reduce overreliance on AI in AI-assisted decision-making},
  author={Bu{\c{c}}inca, Zana and Malaya, Maja Barbara and Gajos, Krzysztof Z},
  journal={Proceedings of the ACM on Human-computer Interaction},
  volume={5},
  number={CSCW1},
  pages={1--21},
  year={2021},
  publisher={ACM New York, NY, USA}
}

@inproceedings{12zhang2020effect,
  title={Effect of confidence and explanation on accuracy and trust calibration in AI-assisted decision making},
  author={Zhang, Yunfeng and Liao, Q Vera and Bellamy, Rachel KE},
  booktitle={Proceedings of the 2020 conference on fairness, accountability, and transparency},
  pages={295--305},
  year={2020}
}

@article{11hutter2019advice,
  title={Advice taking under uncertainty: The impact of genuine advice versus arbitrary anchors on judgment},
  author={H{\"u}tter, Mandy and Fiedler, Klaus},
  journal={Journal of Experimental Social Psychology},
  volume={85},
  pages={103829},
  year={2019},
  publisher={Elsevier}
}

@article{10green2019principles,
  title={The principles and limits of algorithm-in-the-loop decision making},
  author={Green, Ben and Chen, Yiling},
  journal={Proceedings of the ACM on Human-Computer Interaction},
  volume={3},
  number={CSCW},
  pages={1--24},
  year={2019},
  publisher={ACM New York, NY, USA}
}

@inproceedings{9guo2024decision,
  title={A Decision Theoretic Framework for Measuring AI Reliance},
  author={Guo, Ziyang and Wu, Yifan and Hartline, Jason D and Hullman, Jessica},
  booktitle={The 2024 ACM Conference on Fairness, Accountability, and Transparency},
  pages={221--236},
  year={2024}
}

@incollection{8tversky1989rational,
  title={Rational choice and the framing of decisions},
  author={Tversky, Amos and Kahneman, Daniel},
  booktitle={Multiple criteria decision making and risk analysis using microcomputers},
  pages={81--126},
  year={1989},
  publisher={Springer}
}

@inproceedings{7lai2023towards,
  title={Towards a science of human-AI decision making: An overview of design space in empirical human-subject studies},
  author={Lai, Vivian and Chen, Chacha and Smith-Renner, Alison and Liao, Q Vera and Tan, Chenhao},
  booktitle={Proceedings of the 2023 ACM Conference on Fairness, Accountability, and Transparency},
  pages={1369--1385},
  year={2023}
}

@inproceedings{6yin2019understanding,
  title={Understanding the effect of accuracy on trust in machine learning models},
  author={Yin, Ming and Wortman Vaughan, Jennifer and Wallach, Hanna},
  booktitle={Proceedings of the 2019 chi conference on human factors in computing systems},
  pages={1--12},
  year={2019}
}

@article{5boutilier2024randomized,
  title={Randomized Controlled Trials of Service Interventions: The Impact of Capacity Constraints},
  author={Boutilier, Justin and Jonasson, Jonas Oddur and Li, Hannah and Yoeli, Erez},
  journal={arXiv preprint arXiv:2407.21322},
  year={2024}
}

@book{4klein2017sources,
  title={Sources of power: How people make decisions},
  author={Klein, Gary A},
  year={2017},
  publisher={MIT press}
}

@book{3beresford2008understanding,
  title={Understanding the dynamics of decision-making and choice: A scoping study of key psychological theories to inform the design and analysis of the panel study},
  author={Beresford, Bryony and Sloper, Patricia},
  year={2008},
  publisher={Citeseer}
}

@article{2tversky1981framing,
  title={The framing of decisions and the psychology of choice},
  author={Tversky, Amos and Kahneman, Daniel},
  journal={science},
  volume={211},
  number={4481},
  pages={453--458},
  year={1981},
  publisher={American Association for the Advancement of Science}
}

@article{1kahneman2011thinking,
  title={Thinking, fast and slow},
  author={Kahneman, Daniel},
  journal={Farrar, Straus and Giroux},
  year={2011}
}

