
@misc{EV_history,
  
  title = {{The History of the Electric Car}},
  note = {{Department of Energy}},
  year = {2014},
  url = {www.energy.gov},
 
}
@misc{chargerate,
  
  title = {{ORCA Inceptive data sheet}},
  note = {{Andromeda Power LLC}},
  year = {2019},
  url = {http://andromedapower.com/uploads/ORCA_Inceptive_Datasheet.pdf},
 
}

@misc{chargingStationCost,
  
  title = {{Costs Associated With Non-Residential Electric Vehicle Supply Equipment}},
  note = {{U.S. Department of Energy}},
  year = {2015},
  url = {https://afdc.energy.gov/files/u/publication/evse_cost_report_2015.pdf},
 
}

@article{truck6,
  title={Stress analysis of heavy duty truck chassis as a preliminary data for its fatigue life prediction using FEM},
  author={Rahman, Roslan Abd and Tamin, Mohd Nasir and Kurdi, Ojo},
  journal={Jurnal Mekanikal},
  volume={26},
   year={2008},
 
}


@article{aluminumBattery,
  title={A novel aluminum dual-ion battery},
  author={Zhang, Erjin and Cao, Wei and Wang, Bin and Yu, Xinzhi and Wang, Longlu and Xu, Zhi and Lu, Bingan},
  journal={Energy Storage Materials},
  volume={11},
  pages={91--99},
  year={2018},
  publisher={Elsevier}
}
@article{liPlatingFree,
  title={Fast charging of lithium-ion batteries at all temperatures},
  author={Yang, Xiao-Guang and Zhang, Guangsheng and Ge, Shanhai and Wang, Chao-Yang},
  journal={Proceedings of the National Academy of Sciences},
  volume={115},
  number={28},
    year={2018},
  publisher={National Acad Sciences}

}
@misc{truck6Commercial,
  
  title = {{Commercial Motor Vehicle Classification}},
  note = {{The Balance Small Business }},
  year = {2019},
  url = { https://shorturl.at/kstK7},
 
}
@misc{ChargeTime,
  
  title = {{Mobile Connector Owners Manual}},
  note = {{Tesla}},
  year = {2012},
  url = {https://www.tesla.com/sites/default/files/downloads/gen_2_mobile_connector_owners_manual_32_amp_en_US.pdf},
 
}



@article{consumerBenefits,
  title={{The continued transition to electric vehicles in US cities}},
  author={Slowik, Peter and Lutsey, Nic},
  journal={Int. Council on Clean Transport},
  year={2018}
}
@article{autonomousEVs,
  title={{Operations of shared autonomous vehicle fleet for Austin, Texas, market}},
  author={Fagnant, Daniel J and Kockelman, Kara M and Bansal, Prateek},
  journal={Transport. Research Record},
  volume={2563},
  number={1},
  pages={98--106},
  year={2015},
  publisher={SAGE Pub. Sage CA: Los Angeles, CA}
}
@article{evEnvironmentalBenefits,
  title={{Hidden benefits of electric vehicles for addressing climate change}},
  author={Li, Canbing and Cao, Yijia and Zhang, Mi and Wang, Jianhui and Liu, Jianguo and Shi, Haiqing and Geng, Yinghui},
  journal={Sci. Rep.},
  volume={5},
  pages={9213},
  year={2015},
  publisher={Nature Pub. Group}
}
@article{fastChargingStress,
  title={{Rapid-charge electric-vehicle stations}},
  author={Etezadi-Amoli, Mehdi and Choma, Kent and Stefani, Jason},
  journal={IEEE Tran. on Power Delivery},
  volume={25},
  number={3},
  pages={1883--1887},
  year={2010},
  publisher={IEEE}
}
@article{sumo,
  title={{Recent development and applications of SUMO-Simulation of Urban MObility}},
  author={Krajzewicz, Daniel and Erdmann, Jakob and Behrisch, Michael and Bieker, Laura},
  journal={Int. Jour. On Advances in Syst. and Measurements},
  volume={5},
  number={3\&4},
  year={2012}
}
  
  title = {{EV Charging Station Infrastructure Costs}},
  note = {{CleanTechnica}},
  year = {2014},
  url = {https://shorturl.at/knFR5},
 
}
@article{hoffart2008proper,
  title={Proper care extends Li-ion battery life},
  author={Hoffart, F},
  journal={Power Electronics},
  pages={25},
  year={2008}
}
@misc{reasonForNotBuying,
  
  title = {{Survey: Price, range and weak charging network are top reasons consumers avoid EVs}},
  note = {{AUTOLIST}},
  year = {2019},
  url = {https://shorturl.at/iGPTY},
 
}
@misc{priceDropEV,
  
  title = {{The median electric car in the US is getting cheaper}},
  note = {{QUARTZ}},
  year = {2019},
  url = {https://shorturl.at/BCGT1},
 
}

@article{xu2016modeling,
  title={{Modeling of lithium-ion battery degradation for cell life assessment}},
  author={Xu, Bolun and Oudalov, Alexandre and Ulbig, Andreas and Andersson, G{\"o}ran and Kirschen, Daniel S},
  journal={IEEE Tran. on Smart Grid},
  volume={9},
    year={2016},
  publisher={IEEE},

}

@misc{solar_road,
  
  title = {{France's Solar Road Dream May be Over After Test Fails}},
  note = {{Global Construction Review}},
  year = {2019},
  url = {http://www.globalconstructionreview.com/news/frances-solar-road-dream-may-be-over-after-test-fa/},
 
}
@article{lithiumIonUsage,
  title={{A review on the key issues for lithium-ion battery management in electric vehicles}},
  author={Lu, Languang and Han, Xuebing and Li, Jianqiu and Hua, Jianfeng and Ouyang, Minggao},
  journal={Jour. of Power Sources},
  volume={226},
  pages={272--288},
  year={2013},
  publisher={Elsevier}
}
@article{batteryLifeCost,
  title={{A review of Battery Electric Vehicle technology and readiness levels}},
  author={Andwari, Amin Mahmoudzadeh and Pesiridis, Apostolos and Rajoo, Srithar and Martinez-Botas, Ricardo and Esfahanian, Vahid},
  journal={Renewable and Sustainable Energy Rev.},
  volume={78},
  pages={414--430},
  year={2017},
  publisher={Elsevier}
}
@misc{bighack,
  
  title = {{The Big Hack: How China used a Tiny Chip to Infiltrate U.S. Companies}},
  note = {{Bloomberg Businessweek}},
  year = {2018},
  url = {https://shorturl.at/lvzAF},
 
}
@article{ghosh2014secure,
  title={{How secure are printed circuit boards against Trojan attacks?}},
  author={Ghosh, Swaroop and Basak, Abhishek and Bhunia, Swarup},
  journal={IEEE Design \& Test},
  volume={32},
  number={2},
  pages={7--16},
  year={2014},
  publisher={IEEE}
}
@inproceedings{hoque2018hardware,
  title={Hardware IP Trust Validation: Learn (the Untrustworthy), and Verify},
  author={Hoque, Tamzidul and Cruz, Jonathan and Chakraborty, Prabuddha and Bhunia, Swarup},
  booktitle={2018 IEEE Int. Test Conf.},
  pages={1--10},
  year={2018},
  organization={IEEE}
}
@article{shakya2017benchmarking,
  title={{Benchmarking of hardware trojans and maliciously affected circuits}},
  author={Shakya, Bicky and He, Tony and Salmani, Hassan and Forte, Domenic and Bhunia, Swarup and Tehranipoor, Mark},
  journal={Jour. of Hardware and Sys. Security},
  volume={1},
  number={1},
  pages={85--102},
  year={2017},
  publisher={Springer}
}
@article{c1,
  author  = {G. Eason and B. Noble and I. N. Sneddon}, 
  title   = {{On certain integrals of Lipschitz-Hankel type involving products of Bessel functions}},
  journal = {{Phil. Trans. Roy. Soc. London}},
  year    = 1955,
  number  = {},
  pages   = {529-551},
  month   = {April},
  note    = {(\emph{references})}, 
  volume  = A247
}

@book{c2,
  author    = {J. Clerk Maxwell}, 
  title     = {A Treatise on Electricity and Magnetism},
  publisher = {},
  year      = 1892,
  volume    = 2,
  series    = {},
  address   = {},
  edition   = 3,
  month     = {},
  note      = {},
  isbn      = {}
}

@conference{c3,
  author       = {I. S. Jacobs and C. P. Bean}, 
  title        = {{Fine particles, thin films and exchange anisotropy}},
  booktitle    = {{Magnetism}},
  year         = 1963,
  editor       = {G. T. Rado and H. Suhl},
  volume       = III,
  series       = {},
  pages        = {271-350},
  address      = {New York},
  month        = {},
  organization = {},
  publisher    = {Academic},
  note         = {}  
}

@unpublished{c4,
  author       = {K. Elissa}, 
  title        = {Title of paper if known},
  note         = {unpublished},
  month        = {},
  year         = {}
}

@unpublished{c5,
  author       = {R. Nicole}, 
  title        = {{Title of paper with only first word capitalized}},
  journal = {J. Name Stand. Abbrev.},
  note         = {in press},
  month        = {},
  year         = {}
}

@article{c6,
  author  = {Y. Yorozu and M. Hirano and K. Oka and Y. Tagawa}, 
  title   = {{Electron spectroscopy studies on magneto-optical media and plastic substrate interface}},
  journal = IEEE_J_TJMJ,
  year    = 1987,
  number  = {},
  pages   = {740-741},
  month   = {August},
  note    = {[Digests 9th Annual Conf. Magnetics Japan, p. 301, 1982]}, 
  volume  = 2
}

@booklet{c7,
  title        = {},
  author       = {M. Young}, 
  howpublished = {{The Technical Writer's Handbook}},
  publisher    = {University Science},
  address      = {Mill Valley, CA},
  month        = {},
  year         = 1989,
  note         = {}
}

@article{egbue2017mass,
  title={Mass deployment of sustainable transportation: evaluation of factors that influence electric vehicle adoption},
  author={Egbue, Ona and Long, Suzanna and Samaranayake, VA},
  journal={Clean Technologies and Environmental Policy},
  volume={19},
  number={7},
  pages={1927--1939},
  year={2017},
  publisher={Springer}
}


@misc{EV-Volumes,
  
  title = {{EV-volumes.com: The electric vehicle world sales database}},
  note = {{Global Construction Review}},
  year = {2021},
  url = {https://www.ev-volumes.com/news/86364/},
 
}


@misc{tesla_web, title={{Electric Cars, Solar & Clean Energy | Tesla}}, url={https://www.tesla.com/}, note="[Accessed Mar. 24, 2021]"}

@misc{volk_web, title={{Official Home of Volkswagen Cars & SUVs}}, url={https://www.vw.com/}, note="[Accessed Mar. 24, 2021]"}

@misc{nissan_web, title={{Nissan USA: Shop Online for Cars, Trucks, SUVs & Crossovers}}, url={https://www.nissanusa.com/}, note="[Accessed Mar. 24, 2021]"}



@misc{tesla_impact_report_2019, title={Tesla Impact Report 2019}, url={https://www.tesla.com/ns_videos/2019-tesla-impact-report.pdf}, note="[Accessed Mar. 26, 2021]"}

@misc{epa_usa_emission, title={Greenhouse Gases Equivalencies Calculator | US EPA}, url={https://www.epa.gov/energy/greenhouse-gases-equivalencies-calculator-calculations-and-references}, note="[Accessed Mar. 26, 2021]"}

@article{nrel_solar,
  title={Life Cycle Greenhouse Gas Emissions from Solar Photovoltaics},
  author={Stages, Life Cycle and others},
  journal={J. Ind. Ecol.},
  year={2012}
}

@misc{epa_usa_emission_convCar, title={Automotive Trends Report | US EPA}, url={https://www.epa.gov/automotive-trends/highlights-automotive-trends-report}, note="[Accessed Mar. 26, 2021]"}

@techreport{convCar_manuCO2,
  title={Energy-consumption and carbon-emission analysis of vehicle and component manufacturing.},
  author={Sullivan, JL and Burnham, A and Wang, M and others},
  year={2010},
  institution={Argonne National Lab.(ANL), Argonne, IL (United States)}
}

@article{parking,
  title={Spaced Out: Perspectives on parking policy},
  author={Bates, John and Leibling, David},
  year={2012}
}

@book{shoup2017high,
  title={The high cost of free parking: Updated edition},
  author={Shoup, Donald},
  year={2017},
  publisher={Routledge}
}

@inproceedings{imura2009basic,
  title={Basic experimental study on helical antennas of wireless power transfer for electric vehicles by using magnetic resonant couplings},
  author={Imura, Takehiro and Okabe, Hiroyuki and Hori, Yoichi},
  booktitle={2009 IEEE vehicle power and propulsion conference},
  pages={936--940},
  year={2009},
  organization={IEEE}
}

@misc{nissanLeaf2021, title = {2021 Nissan LEAF - Google Search}, url={https://g.co/kgs/B9nvSe}, note="[Accessed Mar. 30, 2021]"}




@inproceedings{bergenhem2012overview,
  title={Overview of platooning systems},
  author={Bergenhem, Carl and Shladover, Steven and Coelingh, Erik and Englund, Christoffer and Tsugawa, Sadayuki},
  booktitle={Proceedings of the 19th ITS World Congress, Oct 22-26, Vienna, Austria (2012)},
  year={2012}
}

@article{swaroop1999constant,
  title={Constant spacing strategies for platooning in automated highway systems},
  author={Swaroop, DVAHG and Hedrick, J Karl},
  year={1999}
}

@article{tsugawa2016review,
  title={A review of truck platooning projects for energy savings},
  author={Tsugawa, Sadayuki and Jeschke, Sabina and Shladover, Steven E},
  journal={IEEE Transactions on Intelligent Vehicles},
  volume={1},
  number={1},
  pages={68--77},
  year={2016},
  publisher={IEEE}
}
@inproceedings{segata2014plexe,
  title={Plexe: A platooning extension for Veins},
  author={Segata, Michele and Joerer, Stefan and Bloessl, Bastian and Sommer, Christoph and Dressler, Falko and Cigno, Renate Lo},
  booktitle={2014 IEEE Vehicular Networking Conference (VNC)},
  pages={53--60},
  year={2014},
  organization={IEEE}
}







@article{zhang2018flexible,
  title={Flexible energy management protocol for cooperative EV-to-EV charging},
  author={Zhang, Rongqing and Cheng, Xiang and Yang, Liuqing},
  journal={IEEE Transactions on Intelligent Transportation Systems},
  volume={20},
  number={1},
  pages={172--184},
  year={2018},
  publisher={IEEE}
}
@article{bulut,
  title={Spatio-temporal non-intrusive direct V2V charge sharing coordination},
  author={Bulut, Eyuphan and Kisacikoglu, Mithat C and Akkaya, Kemal},
  journal={IEEE Transactions on Vehicular Technology},
  volume={68},
  number={10},
  pages={9385--9398},
  year={2019},
  publisher={IEEE}
}
@article{shurrab2021stable,
  title={A Stable Matching Game for V2V Energy Sharing-A User Satisfaction Framework},
  author={Shurrab, Mohammed and Singh, Shakti and Otrok, Hadi and Mizouni, Rabeb and Khadkikar, Vinod and Zeineldin, Hatem},
  journal={IEEE Transactions on Intelligent Transportation Systems},
  year={2021},
  publisher={IEEE}
}
@article{kabir2021joint,
  title={Joint Routing and Scheduling of Mobile Charging Infrastructure for V2V Energy Transfer},
  author={Kabir, Mohammad Ekramul and Sorkhoh, Ibrahim and Moussa, Bassam and Assi, Chadi},
  journal={IEEE Transactions on Intelligent Vehicles},
  year={2021},
  publisher={IEEE}
}


@article{kong2019autonomous,
  title={Autonomous robot-like mobile chargers for electric vehicles at public parking facilities},
  author={Kong, Peng-Yong},
  journal={IEEE Transactions on Smart Grid},
  volume={10},
  number={6},
  pages={5952--5963},
  year={2019},
  publisher={IEEE}
}

%Scenario 1: temporary sharing of energy between EVs that are currentlyconnected to a common charging station
@inproceedings{you2014efficient,
  title={Efficient optimal scheduling of charging station with multiple electric vehicles via V2V},
  author={You, Pengcheng and Yang, Zaiyue},
  booktitle={2014 IEEE International Conference on Smart Grid Communications (SmartGridComm)},
  pages={716--721},
  year={2014},
  organization={IEEE}
}
@article{you2015optimal,
  title={Optimal cooperative charging strategy for a smart charging station of electric vehicles},
  author={You, Pengcheng and Yang, Zaiyue and Chow, Mo-Yuen and Sun, Youxian},
  journal={IEEE Transactions on Power Systems},
  volume={31},
  number={4},
  pages={2946--2956},
  year={2015},
  publisher={IEEE}
}

@inproceedings{koufakis2016towards,
  title={Towards an optimal EV charging scheduling scheme with V2G and V2V energy transfer},
  author={Koufakis, Alexandros-Michail and Rigas, Emmanouil S and Bassiliades, Nick and Ramchurn, Sarvapali D},
  booktitle={2016 IEEE International Conference on Smart Grid Communications (SmartGridComm)},
  pages={302--307},
  year={2016},
  organization={IEEE}
}

%Scenario 2: V2V charging is consideredto happen at designated parking lots through an aggregator

@article{alvaro2016peer,
  title={Peer to peer energy trading with electric vehicles},
  author={Alvaro-Hermana, Roberto and Fraile-Ardanuy, Jesus and Zufiria, Pedro J and Knapen, Luk and Janssens, Davy},
  journal={IEEE Intelligent Transportation Systems Magazine},
  volume={8},
  number={3},
  pages={33--44},
  year={2016},
  publisher={IEEE}
}

%zhang2018flexible

@article{wang2016spatio,
  title={Spatio-temporal coordinated V2V energy swapping strategy for mobile PEVs},
  author={Wang, Miao and Ismail, Muhammad and Zhang, Ran and Shen, Xuemin and Serpedin, Erchin and Qaraqe, Khalid},
  journal={IEEE Transactions on Smart Grid},
  volume={9},
  number={3},
  pages={1566--1579},
  year={2016},
  publisher={IEEE}
}

@inproceedings{chakraborty2020p2c2,
  title={P2C2: Peer-to-Peer Car Charging},
  author={Chakraborty, Prabuddha and Parker, Robert and Hoque, Tamzidul and Cruz, Jonathan and Bhunia, Swarup},
  booktitle={2020 IEEE 91st Vehicular Technology Conference (VTC2020-Spring)},
  pages={1--5},
  year={2020},
  organization={IEEE}
}

@article{stolaroff2018energy,
  title={Energy use and life cycle greenhouse gas emissions of drones for commercial package delivery},
  author={Stolaroff, Joshuah K and Samaras, Constantine and O’Neill, Emma R and Lubers, Alia and Mitchell, Alexandra S and Ceperley, Daniel},
  journal={Nature communications},
  volume={9},
  number={1},
  pages={1--13},
  year={2018},
  publisher={Nature Publishing Group}
}

@inproceedings{suarez2019fast,
  title={Fast and ultra-fast charging for battery electric vehicles--a review},
  author={Suarez, Camilo and Martinez, Wilmar},
  booktitle={2019 IEEE Energy Conversion Congress and Exposition (ECCE)},
  pages={569--575},
  year={2019},
  organization={IEEE}
}

@article{manzetti2015electric,
  title={Electric vehicle battery technologies: From present state to future systems},
  author={Manzetti, Sergio and Mariasiu, Florin},
  journal={Renewable and Sustainable Energy Reviews},
  volume={51},
  pages={1004--1012},
  year={2015},
  publisher={Elsevier}
}

@article{he2015deploying,
  title={Deploying public charging stations for electric vehicles on urban road networks},
  author={He, Fang and Yin, Yafeng and Zhou, Jing},
  journal={Transportation Research Part C: Emerging Technologies},
  volume={60},
  pages={227--240},
  year={2015},
  publisher={Elsevier}
}


@incollection{Boccadoro2020,
  doi = {10.1007/978-3-030-61746-2_6},
  url = {https://doi.org/10.1007/978-3-030-61746-2_6},
  year = {2020},
  publisher = {Springer International Publishing},
  pages = {71--83},
  author = {Pietro Boccadoro and Alessandro Santorsola and Luigi Alfredo Grieco},
  title = {A Dual-Stack Communication System for the Internet of Drones},
  booktitle = {Ad-Hoc,  Mobile,  and Wireless Networks}
}

@article{platooning,
  title={A hybrid deep reinforcement learning for autonomous vehicles smart-platooning},
  author={Prathiba, Sahaya Beni and Raja, Gunasekaran and Dev, Kapal and Kumar, Neeraj and Guizani, Mohsen},
  journal={IEEE Transactions on Vehicular Technology},
  volume={70},
  number={12},
  pages={13340--13350},
  year={2021},
  publisher={IEEE}
}
@article{droneCarrying,
  title={Unmanned aerial vehicles in agriculture: A survey},
  author={del Cerro, Jaime and Cruz Ulloa, Christyan and Barrientos, Antonio and de Le{\'o}n Rivas, Jorge},
  journal={Agronomy},
  volume={11},
  number={2},
  pages={203},
  year={2021},
  publisher={MDPI}
}

@article{batteryDensity,
  title={Ultra-thin free-standing sulfide solid electrolyte film for cell-level high energy density all-solid-state lithium batteries},
  author={Liu, Gaozhan and Shi, Jiamin and Zhu, Mengting and Weng, Wei and Shen, Lin and Yang, Jing and Yao, Xiayin},
  journal={Energy Storage Materials},
  volume={38},
  pages={249--254},
  year={2021},
  publisher={Elsevier}
}

@article{cloud_data_security,
  title={A privacy-preserving and untraceable group data sharing scheme in cloud computing},
  author={Shen, Jian and Yang, Huijie and Vijayakumar, Pandi and Kumar, Neeraj},
  journal={IEEE Transactions on Dependable and Secure Computing},
  volume={19},
  number={4},
  pages={2198--2210},
  year={2021},
  publisher={IEEE}
}

@article{chakraborty2022addressing,
  title={Addressing the range anxiety of battery electric vehicles with charging en route},
  author={Chakraborty, Prabuddha and Parker, Robert and Hoque, Tamzidul and Cruz, Jonathan and Du, Lili and Wang, Shuo and Bhunia, Swarup},
  journal={Scientific Reports},
  volume={12},
  number={1},
  pages={1--15},
  year={2022},
  publisher={Nature Publishing Group}
}

@misc{chargingStationCost,
  
  title = {{Costs Associated With Non-Residential Electric Vehicle Supply Equipment}},
  note = {{U.S. Department of Energy}},
  year = {2015},
   howpublished = {\url{https://afdc.energy.gov/files/u/publication/evse_cost_report_2015.pdf}}
 
}

@book{litman2017autonomous,
  title={Autonomous vehicle implementation predictions},
  author={Litman, Todd},
  year={2017},
  publisher={Victoria Transport Policy Institute Victoria, BC, Canada}
}

@article{everaerts2008use,
  title={The use of unmanned aerial vehicles (UAVs) for remote sensing and mapping},
  author={Everaerts, Jurgen and others},
  journal={The International Archives of the Photogrammetry, Remote Sensing and Spatial Information Sciences},
  volume={37},
  number={2008},
  pages={1187--1192},
  year={2008},
  publisher={International Soc. for Photogrammetry and Remote Sensing (ISPRS)}
}

@article{cuma2017design,
  title={Design considerations of high voltage battery packs for electric buses},
  author={Cuma, Mehmet U{\u{g}}ra{\c{s}} and Yirik, Emrah and Dericio{\u{g}}lu, {\c{C}}a{\u{g}}la and {\"U}nal, Erdem and Onur, Burak and Tumay, M},
  journal={Int. J. Adv. Automot. Technol},
  volume={1},
  pages={73--79},
  year={2017}
}

@article{uriarte2019control,
  title={Control strategies for small-scaled conveyor modules enabling highly flexible material flow systems},
  author={Uriarte, Claudio and Asphandiar, Abish and Thamer, Hendrik and Benggolo, Ariandy and Freitag, Michael},
  journal={Procedia CIRP},
  volume={79},
  pages={433--438},
  year={2019},
  publisher={Elsevier}
}

@misc{miniature_belt_conveyors, title={1100 Miniature Belt Conveyors}, url={https://www.dornerconveyors.com/products/1100-series/1100-miniature-belt-conveyors}, note="[Accessed Jan. 29, 2023]"}






@article{unsail,
  title={UNSAIL: Thwarting Oracle-Less Machine Learning Attacks on Logic Locking},
  author={Alrahis, Lilas and Patnaik, Satwik, and Knechtel, Johann and Saleh, Hani H. and Mohammad, Baker and Al-Qutayri, Mahmoud and Sinanoglu, Ozgur},
  journal={IEEE Transactions on Information Forensics Security},
  volume={16},
  number={2},
  pages={2508--2523},
  year={2021},
  publisher={IEEE}
}

@inproceedings{Chakraborty2019SURF:,
	booktitle={Proceedings of the 2019 IEEE International Symposium on Hardware Oriented Security and Trust, HOST 2019},
	doi={10.1109/HST.2019.8741028},
	isbn=9781538680643,
	title={{SURF}: Joint structural functional attack on logic locking},
	author={Chakraborty, Prabuddha and Cruz, Jonathan and Bhunia, Swarup},
	date=2019,
	year=2019,
}

@article{chakraborty2021sail,
  title={SAIL: Analyzing structural artifacts of logic locking using machine learning},
  author={Chakraborty, Prabuddha and Cruz, Jonathan and Alaql, Abdulrahman and Bhunia, Swarup},
  journal={IEEE Transactions on Information Forensics and Security},
  volume={16},
  pages={3828--3842},
  year={2021},
  publisher={IEEE}
}

@article{chakraborty2009harpoon,
  title={HARPOON: An obfuscation-based SoC design methodology for hardware protection},
  author={Chakraborty, Rajat Subhra and Bhunia, Swarup},
  journal={IEEE Transactions on Computer-Aided Design of Integrated Circuits and Systems},
  volume={28},
  number={10},
  pages={1493--1502},
  year={2009},
  publisher={IEEE}
}

@inproceedings{seq2,
  title={A cellular automata guided obfuscation strategy for finite-state-machine synthesis},
  author={Karmakar, Rajit and Jana, Suman Sekhar and Chattopadhyay, Santanu},
  booktitle={Proceedings of the 56th Annual Design Automation Conference 2019},
  pages={1--6},
  year={2019}
}
@inproceedings{yasin2019sfll,
  title={SFLL-HLS: Stripped-functionality logic locking meets high-level synthesis},
  author={Yasin, Muhammad and Zhao, Chongzhi and Rajendran, Jeyavijayan JV},
  booktitle={2019 IEEE/ACM International Conference on Computer-Aided Design (ICCAD)},
  pages={1--4},
  year={2019},
  organization={IEEE}
}

@inproceedings{SAT,
  title={Evaluating the security of logic encryption algorithms},
  author={Subramanyan, Pramod and Ray, Sayak and Malik, Sharad},
  booktitle={IEEE International Symposium on Hardware Oriented Security and Trust (HOST)},
  pages={137--143},
  year={2015},
  organization={IEEE}
}

@article{KSA,
	journal={IEEE Transactions on Computer-Aided Design of Integrated Circuits and Systems},
	doi={10.1109/TCAD.2015.2511144},
	issn=02780070,
	title={On Improving the Security of Logic Locking},
	author={Yasin, Muhammad and Rajendran, Jeyavijayan Jv and Sinanoglu, Ozgur and Karri, Ramesh},
	date=2016,
	year=2016,
}

@inproceedings{SLL,
  title={Security analysis of logic obfuscation},
  author={Rajendran, Jeyavijayan and Pino, Youngok and Sinanoglu, Ozgur and Karri, Ramesh},
  booktitle={Proceedings of the 49th annual design automation conference},
  pages={83--89},
  year={2012}
}

@article{AllLocking,
	journal={Journal of Hardware and Systems Security},
	doi={10.1007/s41635-018-0036-3},
	issn={2509-3428},
	title={Development and Evaluation of Hardware Obfuscation Benchmarks},
	author={Amir, Sarah and Shakya, Bicky and Xu, Xiaolin and Jin, Yier and Bhunia, Swarup and Tehranipoor, Mark and Forte, Domenic},
	date=2018,
	year=2018,
}

@article{alrahis2021omla,
  title={OMLA: An oracle-less machine learning-based attack on logic locking},
  author={Alrahis, Lilas and Patnaik, Satwik and Shafique, Muhammad and Sinanoglu, Ozgur},
  journal={IEEE Transactions on Circuits and Systems II: Express Briefs},
  volume={69},
  number={3},
  pages={1602--1606},
  year={2021},
  publisher={IEEE}
}

@article{albartus2020dana,
  title={DANA Universal Dataflow Analysis for Gate-Level Netlist Reverse Engineering},
  author={Albartus, Nils and Hoffmann, Max and Temme, Sebastian and Azriel, Leonid and Paar, Christof},
  journal={IACR Transactions on Cryptographic Hardware and Embedded Systems},
  pages={309--336},
  year={2020}
}

@inproceedings{karna,
  title={Karna: A gate-sizing based security aware EDA flow for improved power side-channel attack protection},
  author={Slpsk, Patanjali and Vairam, Prasanna Karthik and Rebeiro, Chester and Kamakoti, V},
  booktitle={2019 IEEE/ACM International Conference on Computer-Aided Design (ICCAD)},
  pages={1--8},
  year={2019},
  organization={IEEE}
}