
@inproceedings{ref:deepnjpeg,
  title={DeepN-JPEG: a deep neural network favorable JPEG-based image compression framework},
  author={Liu, Zihao and Liu, Tao and Wen, Wujie and Jiang, Lei and Xu, Jie and Wang, Yanzhi and Quan, Gang}, 
  booktitle={Proceedings of the 55th Annual Design Automation Conference},
  year={2018}
}
@inproceedings{ref:medical,
  title={Machine vision guided 3d medical image compression for efficient transmission and accurate segmentation in the clouds},
  author={Liu, Zihao and Xu, Xiaowei and Liu, Tao and Liu, Qi and Wang, Yanzhi and Shi, Yiyu and Wen, Wujie and Huang, Meiping and Yuan, Haiyun and Zhuang, Jian},
  booktitle={Proceedings of the IEEE Conference on Computer Vision and Pattern Recognition},
  year={2019}
}

@inproceedings{ref:rippel2017real,
  title={Real-time adaptive image compression},
  author={Rippel, Oren and Bourdev, Lubomir},
  booktitle={Proceedings of the 34th International Conference on Machine Learning-Volume 70},
  year={2017},
  organization={JMLR. org}
}

@article{ref:weber2019lossy,
  title={Lossy Image Compression with Recurrent Neural Networks: from Human Perceived Visual Quality to Classification Accuracy},
  author={Weber, Maurice and Renggli, Cedric and Grabner, Helmut and Zhang, Ce},
  journal={arXiv preprint arXiv:1910.03472},
  year={2019}
}

@inproceedings{ref:marwood2018representing,
  title={Representing images in 200 bytes: Compression via triangulation},
  author={Marwood, David and Massimino, Pascal and Covell, Michele and Baluja, Shumeet},
  booktitle={IEEE International Conference on Image Processing},
  year={2018}
}
@article{ref:firedrone,
  title={Thematic division and tactical analysis of the UAS application supporting forest fire management},
  author={Rest{\'a}s, {\'A}goston},
  journal={Viegas, X.D., Ed., Advances in Forest Fire Research},
  year={2014},
}
@misc{ref:fireDS,
  title = {Forest Fire},
  author={Dataturks},
  howpublished = {\url{https://dataturks.com/projects/qdyzl1013/Forest%20Fire}},
  note = {Accessed: 02-20-2020}
}
@misc{ref:webp,
  title = {WebP},
  author={Google},
  howpublished = {\url{https://developers.google.com/speed/webp}},
  note = {Accessed: 02-28-2020}
}

@inproceedings{ref:crackDS,
  title={Performance comparison of pretrained convolutional neural networks on crack detection in buildings},
  author={{\"O}zgenel, {\c{C}} F and Sorgu{\c{c}}, A G{\"o}nen{\c{c}}},
  booktitle={ISARC. Proceedings of the International Symposium on Automation and Robotics in Construction},
  year={2018}
}
@InProceedings{ref:Li_2018_CVPR,
author = {Li, Mu and Zuo, Wangmeng and Gu, Shuhang and Zhao, Debin and Zhang, David},
title = {Learning Convolutional Networks for Content-Weighted Image Compression},
booktitle = {The IEEE Conference on Computer Vision and Pattern Recognition},
month = {June},
year = {2018}
} 

@article{ref:balle2018variational,
  title={Variational image compression with a scale hyperprior},
  author={Ball{\'e}, Johannes and Minnen, David and Singh, Saurabh and Hwang, Sung Jin and Johnston, Nick},
  journal={arXiv preprint arXiv:1802.01436},
  year={2018}
}

@article{ref:al2018survey,
  title={Survey of computer vision algorithms and applications for unmanned aerial vehicles},
  author={Al-Kaff, Abdulla and Martin, David and Garcia, Fernando and de la Escalera, Arturo and Armingol, Jos{\'e} Mar{\'\i}a},
  journal={Expert Systems with Applications},
  year={2018},
  publisher={Elsevier}
}

@article{ref:koch2015review,
  title={A review on computer vision based defect detection and condition assessment of concrete and asphalt civil infrastructure},
  author={Koch, Christian and Georgieva, Kristina and Kasireddy, Varun and Akinci, Burcu and Fieguth, Paul},
  journal={Advanced Engineering Informatics},
  year={2015},
  publisher={Elsevier}
}

@book{ref:jpeg,
  title={JPEG: Still image data compression standard},
  author={Pennebaker, William B and Mitchell, Joan L},
  year={1992},
  publisher={Springer Science \& Business Media}
}
@article{ref:jpeg2000,
  title={JPEG2000: Image compression fundamentals, standards and practice},
  author={Rabbani, Majid},
  journal={Journal of Electronic Imaging},
  year={2002},
  publisher={International Society for Optics and Photonics}
}

@inproceedings{ref:toderici2017full,
  title={Full resolution image compression with recurrent neural networks},
  author={Toderici, George and Vincent, Damien and Johnston, Nick and Jin Hwang, Sung and Minnen, David and Shor, Joel and Covell, Michele},
  booktitle={Proceedings of the IEEE Conference on Computer Vision and Pattern Recognition},
  year={2017}
}

@article{ref:vgg,
  title={Very deep convolutional networks for large-scale image recognition},
  author={Simonyan, Karen and Zisserman, Andrew},
  journal={arXiv preprint arXiv:1409.1556},
  year={2014}
}
@inproceedings{sadler2006data,
  title={Data compression algorithms for energy-constrained devices in delay tolerant networks},
  author={Sadler, Christopher M and Martonosi, Margaret},
  booktitle={Proceedings of the 4th international conference on Embedded networked sensor systems},
  pages={265--278},
  year={2006}
}

@article{scikit-learn,
 title={Scikit-learn: Machine Learning in {P}ython},
 author={Pedregosa, F. and Varoquaux, G. and Gramfort, A. and Michel, V.
         and Thirion, B. and Grisel, O. and Blondel, M. and Prettenhofer, P.
         and Weiss, R. and Dubourg, V. and Vanderplas, J. and Passos, A. and
         Cournapeau, D. and Brucher, M. and Perrot, M. and Duchesnay, E.},
 journal={Journal of Machine Learning Research},
 volume={12},
 pages={2825--2830},
 year={2011}
}

@article{scikit-image,
 title = {scikit-image: image processing in {P}ython},
 author = {van der Walt, {S}t\'efan and {S}ch\"onberger, {J}ohannes {L}. and
           {Nunez-Iglesias}, {J}uan and {B}oulogne, {F}ran\c{c}ois and {W}arner,
           {J}oshua {D}. and {Y}ager, {N}eil and {G}ouillart, {E}mmanuelle and
           {Y}u, {T}ony and the scikit-image contributors},
 year = {2014},
 month = {6},
 keywords = {Image processing, Reproducible research, Education,
             Visualization, Open source, Python, Scientific programming},
 volume = {2},
 pages = {e453},
 journal = {PeerJ},
 issn = {2167-8359},
 url = {https://doi.org/10.7717/peerj.453},
 doi = {10.7717/peerj.453}
}

@software{imagemagick,
  author = {{The ImageMagick Development Team}},
  title = {ImageMagick},
  url = {https://imagemagick.org},
  version = {7.0.10},
  date = {2020-06-12},
} 

@misc{chollet2015keras,
  title={Keras},
  author={Chollet, Fran\c{c}ois and others},
  year={2015},
  howpublished={\url{https://keras.io}},
} 

@article{imageCompSurvey,
  title={Image compression techniques: A survey in lossless and lossy algorithms},
  author={Hussain, Abir Jaafar and Al-Fayadh, Ali and Radi, Naeem},
  journal={Neurocomputing},
  volume={300},
  pages={44--69},
  year={2018},
  publisher={Elsevier}
}

@book{arithmeticCoding_1,
  title={Digital compression of still images and video},
  author={Clarke, Roger J},
  year={1995},
  publisher={Academic Press, Inc.}
}

@article{arithmeticCoding_2,
  title={An introduction to arithmetic coding},
  author={Langdon, Glen G},
  journal={IBM Journal of Research and Development},
  volume={28},
  number={2},
  pages={135--149},
  year={1984},
  publisher={IBM}
}

@ARTICLE{huffman,

  author={D. A. {Huffman}},

  journal={Proceedings of the IRE}, 

  title={A Method for the Construction of Minimum-Redundancy Codes}, 

  year={1952},

  volume={40},

  number={9},

  pages={1098-1101},}


@misc{AiIoT1000,
  title={AI + IoT = 1000X More Dense Networking Environments: How Intel, NSF Are Planning For Tomorrow},
  author={Koetsier, John},
  year={2020},
  howpublished={\url{https://www.forbes.com/sites/johnkoetsier/2020/07/11/ai--iot--1000x-more-dense-networking-environments-how-intel-nsf-are-planning-for-tomorrow}},
} 

@misc{EESurvey,
  title={2019 Embedded Markets Study},
  author={AspenCore},
  year={2019},
  howpublished={\url{https://www.embedded.com/wp-content/uploads/2019/11/EETimes_Embedded_2019_Embedded_Markets_Study.pdf}},
} 

@article{azar2019energy,
  title={An energy efficient IoT data compression approach for edge machine learning},
  author={Azar, Joseph and Makhoul, Abdallah and Barhamgi, Mahmoud and Couturier, Rapha{\"e}l},
  journal={Future Generation Computer Systems},
  volume={96},
  pages={168--175},
  year={2019},
  publisher={Elsevier}
}

@inproceedings{iotFaceDetection,
  title={A new IoT combined face detection of people by using computer vision for security application},
  author={Aydin, Ilhan and Othman, Nashwan Adnan},
  booktitle={2017 International Artificial Intelligence and Data Processing Symposium (IDAP)},
  pages={1--6},
  year={2017},
  organization={IEEE}
}

@article{arialFireDetection,
  title={Aerial images-based forest fire detection for firefighting using optical remote sensing techniques and unmanned aerial vehicles},
  author={Yuan, Chi and Liu, Zhixiang and Zhang, Youmin},
  journal={Journal of Intelligent \& Robotic Systems},
  volume={88},
  number={2-4},
  pages={635--654},
  year={2017},
  publisher={Springer}
}

@article{floodIoT,
  title={Computer Vision and IoT-Based Sensors in Flood Monitoring and Mapping: A Systematic Review},
  author={Arshad, Bilal and Ogie, Robert and Barthelemy, Johan and Pradhan, Biswajeet and Verstaevel, Nicolas and Perez, Pascal},
  journal={Sensors},
  volume={19},
  number={22},
  pages={5012},
  year={2019},
  publisher={Multidisciplinary Digital Publishing Institute}
}

@article{UAVRoofHole_IoT,
  title={Unsupervised detection of earthquake-triggered roof-holes from UAV images using joint color and shape features},
  author={Li, Shaodan and Tang, Hong and He, Shi and Shu, Yang and Mao, Ting and Li, Jing and Xu, Zhihua},
  journal={IEEE Geoscience and Remote Sensing Letters},
  volume={12},
  number={9},
  pages={1823--1827},
  year={2015},
  publisher={IEEE}
}

@article{UAV_earthquake_IoT,
  title={Towards a more efficient detection of earthquake induced facade damages using oblique UAV imagery},
  author={Duarte, D and Nex, F and Kerle, N and Vosselman, G},
  journal={The International Archives of Photogrammetry, Remote Sensing and Spatial Information Sciences},
  volume={42},
  pages={93},
  year={2017},
  publisher={Copernicus GmbH}
}

@ARTICLE{iotSpectrumSurvey,

  author={L. {Zhang} and Y. {Liang} and M. {Xiao}},

  journal={IEEE Wireless Communications}, 

  title={Spectrum Sharing for Internet of Things: A Survey}, 

  year={2019},

  volume={26},

  number={3},

  pages={132-139},}


@inproceedings{wildlifeSurv,
  title={Evolution and sustainability of a wildlife monitoring sensor network},
  author={Dyo, Vladimir and Ellwood, Stephen A and Macdonald, David W and Markham, Andrew and Mascolo, Cecilia and P{\'a}sztor, Bence and Scellato, Salvatore and Trigoni, Niki and Wohlers, Ricklef and Yousef, Kharsim},
  booktitle={Proceedings of the 8th ACM Conference on Embedded Networked Sensor Systems},
  pages={127--140},
  year={2010}
}

@article{vehicleSurv,
  title={Provid: Progressive and multimodal vehicle reidentification for large-scale urban surveillance},
  author={Liu, Xinchen and Liu, Wu and Mei, Tao and Ma, Huadong},
  journal={IEEE Transactions on Multimedia},
  volume={20},
  number={3},
  pages={645--658},
  year={2017},
  publisher={IEEE}
}

@misc{multimodal,
  title={Portable surveillance camera and personal surveillance system using the same},
  author={Park, Sang},
  year={2007},
  month=jan # "~25",
  publisher={Google Patents},
  note={US Patent App. 10/561,607}
}

@article{comSurveyBhunia,
  title={Emerging trends in design and applications of memory-based computing and content-addressable memories},
  author={Karam, Robert and Puri, Ruchir and Ghosh, Swaroop and Bhunia, Swarup},
  journal={Proceedings of the IEEE},
  volume={103},
  number={8},
  pages={1311--1330},
  year={2015},
  publisher={IEEE}
}

@article{lovden2010theoretical_plasticity,
  title={A theoretical framework for the study of adult cognitive plasticity.},
  author={L{\"o}vd{\'e}n, Martin and B{\"a}ckman, Lars and Lindenberger, Ulman and Schaefer, Sabine and Schmiedek, Florian},
  journal={Psychological bulletin},
  volume={136},
  number={4},
  pages={659},
  year={2010},
  publisher={American Psychological Association}
}

@article{lindenberger2017towards_plasticity,
  title={Towards a stronger science of human plasticity},
  author={Lindenberger, Ulman and Wenger, Elisabeth and L{\"o}vd{\'e}n, Martin},
  journal={Nature Reviews Neuroscience},
  volume={18},
  number={5},
  pages={261--262},
  year={2017},
  publisher={Nature Publishing Group}
}

@article{tulving1990priming_primingHelps,
  title={Priming and human memory systems},
  author={Tulving, Endel and Schacter, Daniel L},
  journal={Science},
  volume={247},
  number={4940},
  pages={301--306},
  year={1990},
  publisher={American Association for the Advancement of Science}
}

@article{atkinson1968human_memoryDecay,
  title={Human memory: A proposed system and its control processes},
  author={Atkinson, Richard C and Shiffrin, Richard M},
  journal={Psychology of learning and motivation},
  volume={2},
  number={4},
  pages={89--195},
  year={1968}
}

@book{von2012computer_computerAndTheBrain,
  title={The computer and the brain},
  author={Von Neumann, John and Kurzweil, Ray},
  year={2012},
  publisher={Yale University Press}
}

@book{hennessy2011computer_compArch,
  title={Computer architecture: a quantitative approach},
  author={Hennessy, John L and Patterson, David A},
  year={2011},
  publisher={Elsevier}
}

@inproceedings{ram,
  title={Reconfigurable computing using content addressable memory for improved performance and resource usage},
  author={Paul, Somnath and Bhunia, Swarup},
  booktitle={Proceedings of the 45th annual Design Automation Conference},
  pages={786--791},
  year={2008}
}

@article{com_survey,
  title={Content-addressable memory (CAM) circuits and architectures: A tutorial and survey},
  author={Pagiamtzis, Kostas and Sheikholeslami, Ali},
  journal={IEEE journal of solid-state circuits},
  volume={41},
  number={3},
  pages={712--727},
  year={2006},
  publisher={IEEE}
}

@article{constantinidis2016neuroscience_cue,
  title={The neuroscience of working memory capacity and training},
  author={Constantinidis, Christos and Klingberg, Torkel},
  journal={Nature Reviews Neuroscience},
  volume={17},
  number={7},
  pages={438--449},
  year={2016},
  publisher={Nature Publishing Group}
}


@article{forgetfulMemory,
  title={Forgetful digital memory: Towards brain-inspired long-term data and information management},
  author={Niederee, Claudia and Kanhabua, Nattiya and Gallo, Francesco and Logie, Robert H},
  journal={ACM Sigmod Record},
  volume={44},
  number={2},
  pages={41--46},
  year={2015},
  publisher={ACM New York, NY, USA}
}

@ARTICLE{instRetSurvey,

  author={L. {Zheng} and Y. {Yang} and Q. {Tian}},

  journal={IEEE Transactions on Pattern Analysis and Machine Intelligence}, 

  title={SIFT Meets CNN: A Decade Survey of Instance Retrieval}, 

  year={2018},

  volume={40},

  number={5},

  pages={1224-1244},}
  
  
@ARTICLE{CAMSurvey,

  author={K. {Pagiamtzis} and A. {Sheikholeslami}},

  journal={IEEE Journal of Solid-State Circuits}, 

  title={Content-addressable memory (CAM) circuits and architectures: a tutorial and survey}, 

  year={2006},

  volume={41},

  number={3},

  pages={712-727},}


@inproceedings{haug2014crop_weeddetection,
  title={A crop/weed field image dataset for the evaluation of computer vision based precision agriculture tasks},
  author={Haug, Sebastian and Ostermann, J{\"o}rn},
  booktitle={European Conference on Computer Vision},
  pages={105--116},
  year={2014},
  organization={Springer}
}

@article{bauer2019combining_arielPhenotyping,
  title={Combining computer vision and deep learning to enable ultra-scale aerial phenotyping and precision agriculture: A case study of lettuce production},
  author={Bauer, Alan and Bostrom, Aaron George and Ball, Joshua and Applegate, Christopher and Cheng, Tao and Laycock, Stephen and Rojas, Sergio Moreno and Kirwan, Jacob and Zhou, Ji},
  journal={Horticulture research},
  volume={6},
  number={1},
  pages={1--12},
  year={2019},
  publisher={Nature Publishing Group}
}

@inproceedings{chiu2020agriculture_agriculturePattern,
  title={Agriculture-vision: A large aerial image database for agricultural pattern analysis},
  author={Chiu, Mang Tik and Xu, Xingqian and Wei, Yunchao and Huang, Zilong and Schwing, Alexander G and Brunner, Robert and Khachatrian, Hrant and Karapetyan, Hovnatan and Dozier, Ivan and Rose, Greg and others},
  booktitle={Proceedings of the IEEE/CVF Conference on Computer Vision and Pattern Recognition},
  pages={2828--2838},
  year={2020}
}

@INPROCEEDINGS{forestFireSensorNetwork,

  author={ {Liyang Yu} and  {Neng Wang} and  {Xiaoqiao Meng}},

  booktitle={Proceedings. 2005 International Conference on Wireless Communications, Networking and Mobile Computing, 2005.}, 

  title={Real-time forest fire detection with wireless sensor networks}, 

  year={2005},

  volume={2},

  number={},

  pages={1214-1217},}


@inproceedings{carthel2007multisensor_maritimeSurv,
  title={Multisensor tracking and fusion for maritime surveillance},
  author={Carthel, Craig and Coraluppi, Stefano and Grignan, Patrick},
  booktitle={2007 10th International Conference on Information Fusion},
  pages={1--6},
  year={2007},
  organization={IEEE}
}

@incollection{rothrock2016spoc_MARsRover1,
  title={Spoc: Deep learning-based terrain classification for mars rover missions},
  author={Rothrock, Brandon and Kennedy, Ryan and Cunningham, Chris and Papon, Jeremie and Heverly, Matthew and Ono, Masahiro},
  booktitle={AIAA SPACE 2016},
  pages={5539},
  year={2016}
}

@book{carr2007surface_marsRoverBOok,
  title={The surface of Mars},
  author={Carr, Michael H},
  volume={6},
  year={2007},
  publisher={Cambridge University Press}
}

@book{way2012advances_dataminingForAstronomy,
  title={Advances in machine learning and data mining for astronomy},
  author={Way, Michael J and Scargle, Jeffrey D and Ali, Kamal M and Srivastava, Ashok N},
  year={2012},
  publisher={CRC Press}
}

@article{MAGIC,
  title={Leveraging Domain Knowledge using Machine Learning for Image Compression in Internet-of-Things},
  author={Chakraborty, Prabuddha and Cruz, Jonathan and Bhunia, Swarup},
  journal={arXiv preprint arXiv:2009.06742},
  year={2020}
}

@article{vgg16,
  title={Very deep convolutional networks for large-scale image recognition},
  author={Simonyan, Karen and Zisserman, Andrew},
  journal={arXiv preprint arXiv:1409.1556},
  year={2014}
}

@misc{ref:BINGO_DS,
  title = {{BINGO} dataset},
  author={},
  howpublished = {\url{https://github.com/prabuddha1/BINGO_Dataset}},
  note = {Accessed: 11-18-2020}
}

@article{pershin2011neuromorphic,
  title={Neuromorphic, digital, and quantum computation with memory circuit elements},
  author={Pershin, Yuriy V and Di Ventra, Massimiliano},
  journal={Proceedings of the IEEE},
  volume={100},
  number={6},
  pages={2071--2080},
  year={2011},
  publisher={IEEE}
}

@ARTICLE{CAMSurvey_Imp,

  author={A. G. {Hanlon}},

  journal={IEEE Transactions on Electronic Computers}, 

  title={Content-Addressable and Associative Memory Systems a Survey}, 

  year={1966},

  volume={EC-15},

  number={4},

  pages={509-521},

  doi={10.1109/PGEC.1966.264358}}

@inproceedings{appsat,
  title={AppSAT: Approximately deobfuscating integrated circuits},
  author={Shamsi, Kaveh and Li, Meng and Meade, Travis and Zhao, Zheng and Pan, David Z and Jin, Yier},
  booktitle={2017 IEEE International Symposium on Hardware Oriented Security and Trust (HOST)},
  pages={95--100},
  year={2017},
  organization={IEEE}
}

@inproceedings{SAT_subramanyan,
  title={Evaluating the security of logic encryption algorithms},
  author={Subramanyan, Pramod and Ray, Sayak and Malik, Sharad},
  booktitle={2015 IEEE International Symposium on Hardware Oriented Security and Trust (HOST)},
  pages={137--143},
  year={2015},
  organization={IEEE}
}

@inproceedings{IC_rev_eng_from_layout,
  title={The state-of-the-art in IC reverse engineering},
  author={Torrance, Randy and James, Dick},
  booktitle={International Workshop on Cryptographic Hardware and Embedded Systems},
  pages={363--381},
  year={2009},
  organization={Springer}
}

@article{RemovalAttack,
  title={Removal attacks on logic locking and camouflaging techniques},
  author={Yasin, Muhammad and Mazumdar, Bodhisatwa and Sinanoglu, Ozgur and Rajendran, Jeyavijayan},
  journal={IEEE Transactions on Emerging Topics in Computing},
  year={2017},
  publisher={IEEE}
}

@inproceedings{XORLOCK_8,
  title={Security analysis of logic obfuscation},
  author={Rajendran, Jeyavijayan and Pino, Youngok and Sinanoglu, Ozgur and Karri, Ramesh},
  booktitle={Proceedings of the 49th Annual Design Automation Conference},
  pages={83--89},
  year={2012}
}

@article{XORLOCK_9,
  title={Fault analysis-based logic encryption},
  author={Rajendran, Jeyavijayan and Zhang, Huan and Zhang, Chi and Rose, Garrett S and Pino, Youngok and Sinanoglu, Ozgur and Karri, Ramesh},
  journal={IEEE Transactions on computers},
  volume={64},
  number={2},
  pages={410--424},
  year={2013},
  publisher={IEEE}
}

@inproceedings{XORLOCK_11,
  title={EPIC: Ending piracy of integrated circuits},
  author={Roy, Jarrod A and Koushanfar, Farinaz and Markov, Igor L},
  booktitle={Proceedings of the conference on Design, automation and test in Europe},
  pages={1069--1074},
  year={2008}
}

@inproceedings{SHERLOCK,
  title={SARLock: SAT attack resistant logic locking},
  author={Yasin, Muhammad and Mazumdar, Bodhisatwa and Rajendran, Jeyavijayan JV and Sinanoglu, Ozgur},
  booktitle={2016 IEEE International Symposium on Hardware Oriented Security and Trust (HOST)},
  pages={236--241},
  year={2016},
  organization={IEEE}
}

@article{ANTI_SAT,
  title={Anti-sat: Mitigating sat attack on logic locking},
  author={Xie, Yang and Srivastava, Ankur},
  journal={IEEE Transactions on Computer-Aided Design of Integrated Circuits and Systems},
  volume={38},
  number={2},
  pages={199--207},
  year={2018},
  publisher={IEEE}
}

@article{AND-TREE-INSERT,
  title={Provably secure camouflaging strategy for IC protection},
  author={Li, Meng and Shamsi, Kaveh and Meade, Travis and Zhao, Zheng and Yu, Bei and Jin, Yier and Pan, David Z},
  journal={IEEE transactions on computer-aided design of integrated circuits and systems},
  year={2017},
  publisher={IEEE}
}

@article{Sarah,
  title={Development and evaluation of hardware obfuscation benchmarks},
  author={Amir, Sarah and Shakya, Bicky and Xu, Xiaolin and Jin, Yier and Bhunia, Swarup and Tehranipoor, Mark and Forte, Domenic},
  journal={Journal of Hardware and Systems Security},
  volume={2},
  number={2},
  pages={142--161},
  year={2018},
  publisher={Springer}
}

@inproceedings{mlAttack,
  title={Deep rnn-oriented paradigm shift through bocanet: Broken obfuscated circuit attack},
  author={Tehranipoor, Fatemeh and Karimian, Nima and Mozaffari Kermani, Mehran and Mahmoodi, Hamid},
  booktitle={Proceedings of the 2019 on Great Lakes Symposium on VLSI},
  pages={335--338},
  year={2019}
}

@article{key_sens,
  title={On improving the security of logic locking},
  author={Yasin, Muhammad and Rajendran, Jeyavijayan JV and Sinanoglu, Ozgur and Karri, Ramesh},
  journal={IEEE Transactions on Computer-Aided Design of Integrated Circuits and Systems},
  volume={35},
  number={9},
  pages={1411--1424},
  year={2015},
  publisher={IEEE}
}

@INPROCEEDINGS{SAIL_Conf,

  author={P. {Chakraborty} and J. {Cruz} and S. {Bhunia}},

  booktitle={2018 Asian Hardware Oriented Security and Trust Symposium (AsianHOST)}, 

  title={SAIL: Machine Learning Guided Structural Analysis Attack on Hardware Obfuscation}, 

  year={2018},

  volume={},

  number={},

  pages={56-61},

  doi={10.1109/AsianHOST.2018.8607163}}
  
  
  @inproceedings{chakraborty2008hardware,
  title={Hardware protection and authentication through netlist level obfuscation},
  author={Chakraborty, Rajat Subhra and Bhunia, Swarup},
  booktitle={2008 IEEE/ACM International Conference on Computer-Aided Design},
  pages={674--677},
  year={2008},
  organization={IEEE}
}

@article{vijayakumar2016physical,
  title={Physical design obfuscation of hardware: A comprehensive investigation of device and logic-level techniques},
  author={Vijayakumar, Arunkumar and Patil, Vinay C and Holcomb, Daniel E and Paar, Christof and Kundu, Sandip},
  journal={IEEE Transactions on Information Forensics and Security},
  volume={12},
  number={1},
  pages={64--77},
  year={2016},
  publisher={IEEE}
}

@article{shamsi2019ip,
  title={IP protection and supply chain security through logic obfuscation: A systematic overview},
  author={Shamsi, Kaveh and Li, Meng and Plaks, Kenneth and Fazzari, Saverio and Pan, David Z and Jin, Yier},
  journal={ACM Transactions on Design Automation of Electronic Systems (TODAES)},
  volume={24},
  number={6},
  pages={1--36},
  year={2019},
  publisher={ACM New York, NY, USA}
}

@inproceedings{el2015integrated,
  title={Integrated Circuit (IC) Decamouflaging: Reverse Engineering Camouflaged ICs within Minutes.},
  author={El Massad, Mohamed and Garg, Siddharth and Tripunitara, Mahesh V},
  booktitle={NDSS},
  pages={1--14},
  year={2015}
}

@inproceedings{shamsi2017cyclic,
  title={Cyclic obfuscation for creating SAT-unresolvable circuits},
  author={Shamsi, Kaveh and Li, Meng and Meade, Travis and Zhao, Zheng and Pan, David Z and Jin, Yier},
  booktitle={Proceedings of the on Great Lakes Symposium on VLSI 2017},
  pages={173--178},
  year={2017}
}

@inproceedings{zhou2017cycsat,
  title={CycSAT: SAT-based attack on cyclic logic encryptions},
  author={Zhou, Hai and Jiang, Ruifeng and Kong, Shuyu},
  booktitle={2017 IEEE/ACM International Conference on Computer-Aided Design (ICCAD)},
  pages={49--56},
  year={2017},
  organization={IEEE}
}

@inproceedings{xie2017delay,
  title={Delay locking: Security enhancement of logic locking against ic counterfeiting and overproduction},
  author={Xie, Yang and Srivastava, Ankur},
  booktitle={Proceedings of the 54th Annual Design Automation Conference 2017},
  pages={1--6},
  year={2017}
}

@inproceedings{lee2015improving,
  title={Improving logic obfuscation via logic cone analysis},
  author={Lee, Yu-Wei and Touba, Nur A},
  booktitle={2015 16th Latin-American Test Symposium (LATS)},
  pages={1--6},
  year={2015},
  organization={IEEE}
}

@inproceedings{alaql2019quality,
  title={Quality Obfuscation for Error-Tolerant and Adaptive Hardware IP Protection},
  author={Alaql, Abdulrahman and Hoque, Tamzidul and Forte, Domenic and Bhunia, Swarup},
  booktitle={2019 IEEE 37th VLSI Test Symposium (VTS)},
  pages={1--6},
  year={2019},
  organization={IEEE}
}


@inproceedings{shen2017double,
  title={Double DIP: Re-evaluating security of logic encryption algorithms},
  author={Shen, Yuanqi and Zhou, Hai},
  booktitle={Proceedings of the on Great Lakes Symposium on VLSI 2017},
  pages={179--184},
  year={2017}
}


@inproceedings{alaql2019sweep,
  title={Sweep to the secret: A constant propagation attack on logic locking},
  author={Alaql, Abdulrahman and Forte, Domenic and Bhunia, Swarup},
  booktitle={2019 Asian Hardware Oriented Security and Trust Symposium (AsianHOST)},
  pages={1--6},
  year={2019},
  organization={IEEE}
}
@inproceedings{yasin2017lock,
  title={What to lock? Functional and parametric locking},
  author={Yasin, Muhammad and Sengupta, Abhrajit and Schafer, Benjamin Carrion and Makris, Yiorgos and Sinanoglu, Ozgur and Rajendran, Jeyavijayan},
  booktitle={Proceedings of the on Great Lakes Symposium on VLSI 2017},
  pages={351--356},
  year={2017}
}

@article{sirone2020functional,
  title={Functional analysis attacks on logic locking},
  author={Sirone, Deepak and Subramanyan, Pramod},
  journal={IEEE Transactions on Information Forensics and Security},
  volume={15},
  pages={2514--2527},
  year={2020},
  publisher={IEEE}
}


@inproceedings{chakraborty2019surf,
  title={SURF: Joint structural functional attack on logic locking},
  author={Chakraborty, Prabuddha and Cruz, Jonathan and Bhunia, Swarup},
  booktitle={2019 IEEE International Symposium on Hardware Oriented Security and Trust (HOST)},
  pages={181--190},
  year={2019},
  organization={IEEE}
}

@inproceedings{hu2019security,
  title={Security-driven metrics and models for efficient evaluation of logic encryption schemes},
  author={Hu, Yinghua and Menon, Vivek V and Schmidt, Andrew and Monson, Joshua and French, Matthew and Nuzzo, Pierluigi},
  booktitle={Proceedings of the 17th ACM-IEEE International Conference on Formal Methods and Models for System Design},
  pages={1--5},
  year={2019}
}

@inproceedings{menon2019system,
  title={System-level framework for logic obfuscation with quantified metrics for evaluation},
  author={Menon, Vivek V and Kolhe, Gaurav and Schmidt, Andrew and Monson, Joshua and French, Matthew and Hu, Yinghua and Beerel, Peter A and Nuzzo, Pierluigi},
  booktitle={2019 IEEE Cybersecurity Development (SecDev)},
  pages={89--100},
  year={2019},
  organization={IEEE}
}


@inproceedings{zamiri2019threats,
  title={Threats on logic locking: A decade later},
  author={Zamiri Azar, Kimia and Mardani Kamali, Hadi and Homayoun, Houman and Sasan, Avesta},
  booktitle={Proceedings of the 2019 on Great Lakes Symposium on VLSI},
  pages={471--476},
  year={2019}
}
@article{chakraborty2009harpoon,
  title={HARPOON: An obfuscation-based SoC design methodology for hardware protection},
  author={Chakraborty, Rajat Subhra and Bhunia, Swarup},
  journal={IEEE Transactions on Computer-Aided Design of Integrated Circuits and Systems},
  volume={28},
  number={10},
  pages={1493--1502},
  year={2009},
  publisher={IEEE}
}

@article{tan2020benchmarking,
  title={Benchmarking at the Frontier of Hardware Security: Lessons from Logic Locking},
  author={Tan, Benjamin and Karri, Ramesh and Limaye, Nimisha and Sengupta, Abhrajit and Sinanoglu, Ozgur and Rahman, Md Moshiur and Bhunia, Swarup and Duvalsaint, Danielle and Rezaei, Amin and Shen, Yuanqi and others},
  journal={arXiv preprint arXiv:2006.06806},
  year={2020}
}

@inproceedings{yasin2017provably,
  title={Provably-secure logic locking: From theory to practice},
  author={Yasin, Muhammad and Sengupta, Abhrajit and Nabeel, Mohammed Thari and Ashraf, Mohammed and Rajendran, Jeyavijayan and Sinanoglu, Ozgur},
  booktitle={Proceedings of the 2017 ACM SIGSAC Conference on Computer and Communications Security},
  pages={1601--1618},
  year={2017}
}


@inproceedings{infTimeReportMobileDevices,
  title={Ai benchmark: All about deep learning on smartphones in 2019},
  author={Ignatov, Andrey and Timofte, Radu and Kulik, Andrei and Yang, Seungsoo and Wang, Ke and Baum, Felix and Wu, Max and Xu, Lirong and Van Gool, Luc},
  booktitle={2019 IEEE/CVF International Conference on Computer Vision Workshop (ICCVW)},
  pages={3617--3635},
  year={2019},
  organization={IEEE}
}

@misc{imagenetModelAccuracies, title = {ImageNet Benchmark (Image Classification)}, url={https://paperswithcode.com/sota/image-classification-on-imagenet}, note="[Accessed May 24, 2021]"}

@inproceedings{krvco2014designing,
  title={Designing IoT architecture (s): A European perspective},
  author={Kr{\v{c}}o, Srdjan and Pokri{\'c}, Boris and Carrez, Francois},
  booktitle={2014 IEEE world forum on internet of things (WF-IoT)},
  pages={79--84},
  year={2014},
  organization={IEEE}
}


@book{marwedel2021embedded,
  title={Embedded system design: embedded systems foundations of cyber-physical systems, and the internet of things},
  author={Marwedel, Peter},
  year={2021},
  publisher={Springer Nature}
}

@article{qian2020orchestrating,
  title={Orchestrating the development lifecycle of machine learning-based iot applications: A taxonomy and survey},
  author={Qian, Bin and Su, Jie and Wen, Zhenyu and Jha, Devki Nandan and Li, Yinhao and Guan, Yu and Puthal, Deepak and James, Philip and Yang, Renyu and Zomaya, Albert Y and others},
  journal={ACM Computing Surveys (CSUR)},
  volume={53},
  number={4},
  pages={1--47},
  year={2020},
  publisher={ACM New York, NY, USA}
}

@article{vision2021kria,
  title={Kria K26 SOM: The Ideal Platform for Vision AI at the Edge},
  author={Xilinx},
  year={2021}
}

@inproceedings{ignatov2019ai,
  title={Ai benchmark: All about deep learning on smartphones in 2019},
  author={Ignatov, Andrey and Timofte, Radu and Kulik, Andrei and Yang, Seungsoo and Wang, Ke and Baum, Felix and Wu, Max and Xu, Lirong and Van Gool, Luc},
  booktitle={2019 IEEE/CVF International Conference on Computer Vision Workshop (ICCVW)},
  pages={3617--3635},
  year={2019},
  organization={IEEE}
}



@misc{IoTConnected, title = {IoT connected devices worldwide 2019-2030 | Statista}, url={https://www.statista.com/statistics/1183457/iot-connected-devices-worldwide}, note="[Accessed June 1, 2021]"}


@misc{Cutress2018,
author = {Cutress, Ian},
title = {{Why Intel Processors Draw More Power Than Expected: TDP and Turbo Explained}},
url = {https://www.anandtech.com/show/13544/why-intel-processors-draw-more-power-than-expected-tdp-turbo},
urldate = {2021-06-04},
year = {2018}
}
@misc{2020Intel10th,
author = {{Intel Corporation}},
pages = {53--56},
title = {{10th Gen Intel{\textregistered} Core™ Processor Families Datasheet, Vol. 1}},
url = {https://www.intel.com/content/www/us/en/products/docs/processors/core/10th-gen-core-families-datasheet-vol-1.html},
year = {2020}
}
@article{Burke2017,
author = {Burke, Steve},
title = {{NVidia Titan V Power, Thermals, {\&} Clock Drop Behavior}},
url = {https://www.gamersnexus.net/guides/3171-nvidia-titan-v-power-consumption-thermals-and-clock-behavior},
year = {2017}
}
@misc{Angelini2017,
author = {Angelini, Chris and Wallossek, Igor},
title = {{Nvidia GeForce GTX 1080 Ti 11GB Review}},
url = {https://www.tomshardware.com/reviews/nvidia-geforce-gtx-1080-ti,4972-6.html},
year = {2017}
}

}


@article{cacheaudit,
  title={Cacheaudit: A tool for the static analysis of cache side channels},
  author={Doychev, Goran and K{\"o}pf, Boris and Mauborgne, Laurent and Reineke, Jan},
  journal={ACM Transactions on Information and System Security (TISSEC)},
  volume={18},
  number={1},
  pages={1--32},
  year={2015},
  publisher={ACM New York, NY, USA}
}

@inproceedings{cached,
  title={Cached: Identifying cache-based timing channels in production software},
  author={Wang, Shuai and Wang, Pei and Liu, Xiao and Zhang, Danfeng and Wu, Dinghao},
  booktitle={26th $\{$USENIX$\}$ Security Symposium ($\{$USENIX$\}$ Security 17)},
  pages={235--252},
  year={2017}
}

@inproceedings{microwalk,
  title={Microwalk: A framework for finding side channels in binaries},
  author={Wichelmann, Jan and Moghimi, Ahmad and Eisenbarth, Thomas and Sunar, Berk},
  booktitle={Proceedings of the 34th Annual Computer Security Applications Conference},
  pages={161--173},
  year={2018}
}
@inproceedings{casym,
  title={CaSym: Cache aware symbolic execution for side channel detection and mitigation},
  author={Brotzman, Robert and Liu, Shen and Zhang, Danfeng and Tan, Gang and Kandemir, Mahmut},
  booktitle={2019 IEEE Symposium on Security and Privacy (SP)},
  pages={505--521},
  year={2019},
  organization={IEEE}
}
@article{BOOM,
  title={SonicBOOM: The 3rd Generation Berkeley Out-of-Order Machine},
  author={Zhao, Jerry and Korpan, Ben and Gonzalez, Abraham and Asanovic, Krste},
  booktitle={Fourth Workshop on Computer Architecture Research with RISC-V},
  year={2020},
  month={May}
}
@article{chipyard,
  author={Amid, Alon and Biancolin, David and Gonzalez, Abraham and Grubb, Daniel and Karandikar, Sagar and Liew, Harrison and Magyar,   Albert and Mao, Howard and Ou, Albert and Pemberton, Nathan and Rigge, Paul and Schmidt, Colin and Wright, John and Zhao, Jerry and Shao, Yakun Sophia and Asanovi\'{c}, Krste and Nikoli\'{c}, Borivoje},
  journal={IEEE Micro},
  title={Chipyard: Integrated Design, Simulation, and Implementation Framework for Custom SoCs},
  year={2020},
  volume={40},
  number={4},
  pages={10-21},
  doi={10.1109/MM.2020.2996616},
  ISSN={1937-4143},
}
@inproceedings{FlowTracker,
  title={Sparse representation of implicit flows with applications to side-channel detection},
  author={Rodrigues, Bruno and Quint{\~a}o Pereira, Fernando Magno and Aranha, Diego F},
  booktitle={Proceedings of the 25th International Conference on Compiler Construction},
  pages={110--120},
  year={2016}
}
@inproceedings{ct-verif,
  title={Verifying constant-time implementations},
  author={Almeida, Jos{\'e} Bacelar and Barbosa, Manuel and Barthe, Gilles and Dupressoir, Fran{\c{c}}ois and Emmi, Michael},
  booktitle={25th $\{$USENIX$\}$ Security Symposium ($\{$USENIX$\}$ Security 16)},
  pages={53--70},
  year={2016}
}

@inproceedings{kocher1996timing,
  title={Timing attacks on implementations of Diffie-Hellman, RSA, DSS, and other systems},
  author={Kocher, Paul C},
  booktitle={Annual International Cryptology Conference},
  pages={104--113},
  year={1996},
  organization={Springer}
}
@article{brumley2005remote,
  title={Remote timing attacks are practical},
  author={Brumley, David and Boneh, Dan},
  journal={Computer Networks},
  volume={48},
  number={5},
  pages={701--716},
  year={2005},
  publisher={Elsevier}
}
@article{bernstein2005cache,
  title={Cache-timing attacks on AES},
  author={Bernstein, Daniel J},
  year={2005},
  publisher={Citeseer}
}
@article{luk2005pin,
  title={Pin: building customized program analysis tools with dynamic instrumentation},
  author={Luk, Chi-Keung and Cohn, Robert and Muth, Robert and Patil, Harish and Klauser, Artur and Lowney, Geoff and Wallace, Steven and Reddi, Vijay Janapa and Hazelwood, Kim},
  journal={Acm sigplan notices},
  volume={40},
  number={6},
  pages={190--200},
  year={2005},
  publisher={ACM New York, NY, USA}
}
@article{wilhelm2008worst,
  title={The worst-case execution-time problem—overview of methods and survey of tools},
  author={Wilhelm, Reinhard and Engblom, Jakob and Ermedahl, Andreas and Holsti, Niklas and Thesing, Stephan and Whalley, David and Bernat, Guillem and Ferdinand, Christian and Heckmann, Reinhold and Mitra, Tulika and others},
  journal={ACM Transactions on Embedded Computing Systems (TECS)},
  volume={7},
  number={3},
  pages={1--53},
  year={2008},
  publisher={ACM New York, NY, USA}
}

@inproceedings{rane2015raccoon,
  title={Raccoon: Closing digital side-channels through obfuscated execution},
  author={Rane, Ashay and Lin, Calvin and Tiwari, Mohit},
  booktitle={24th $\{$USENIX$\}$ Security Symposium ($\{$USENIX$\}$ Security 15)},
  pages={431--446},
  year={2015}
}





@inproceedings{reparaz2017dude,
  title={Dude, is my code constant time?},
  author={Reparaz, Oscar and Balasch, Josep and Verbauwhede, Ingrid},
  booktitle={Design, Automation \& Test in Europe Conference \& Exhibition (DATE), 2017},
  pages={1697--1702},
  year={2017},
  organization={IEEE}
}

@inproceedings{demme2012side,
  title={Side-channel vulnerability factor: A metric for measuring information leakage},
  author={Demme, John and Martin, Robert and Waksman, Adam and Sethumadhavan, Simha},
  booktitle={2012 39th Annual International Symposium on Computer Architecture (ISCA)},
  pages={106--117},
  year={2012},
  organization={IEEE}
}
@inproceedings{zhang2013side,
  title={Side channel vulnerability metrics: the promise and the pitfalls},
  author={Zhang, Tianwei and Liu, Fangfei and Chen, Si and Lee, Ruby B},
  booktitle={Proceedings of the 2nd International Workshop on Hardware and Architectural Support for Security and Privacy},
  pages={1--8},
  year={2013}
}
