@article{chen2024gnn4ht,
  title={GNN4HT: A Two-stage GNN Based Approach for Hardware Trojan Multifunctional Classification},
  author={Chen, Lihan and Dong, Chen and Wu, Qiaowen and Liu, Ximeng and Guo, Xiaodong and Chen, Zhenyi and Zhang, Hao and Yang, Yang},
  journal={IEEE Transactions on Computer-Aided Design of Integrated Circuits and Systems},
  year={2024},
  publisher={IEEE}
}

@inproceedings{cheng2022gnn4gate,
  title={GNN4Gate: A bi-directional graph neural network for gate-level hardware trojan detection},
  author={Cheng, Dong and Dong, Chen and He, Wenwu and Chen, Zhenyi and Xu, Yi},
  booktitle={Design, Automation \& Test in Europe Conference \& Exhibition (DATE)},
  pages={1315--1320},
  year={2022}
}

@article{gaikwad2023hardware,
  title={Hardware IP assurance against trojan attacks with machine learning and post-processing},
  author={Gaikwad, Pravin and Cruz, Jonathan and Chakraborty, Prabuddha and Bhunia, Swarup and Hoque, Tamzidul},
  journal={ACM Journal on Emerging Technologies in Computing Systems},
  volume={19},
  number={3},
  pages={1--23},
  year={2023},
  publisher={ACM New York, NY}
}

@article{hasegawa2022r,
  title={R-htdetector: Robust hardware-trojan detection based on adversarial training},
  author={Hasegawa, Kento and Hidano, Seira and Nozawa, Kohei and Kiyomoto, Shinsaku and Togawa, Nozomu},
  journal={IEEE Transactions on Computers},
  volume={72},
  number={2},
  pages={333--345},
  year={2022},
  publisher={IEEE}
}

@article{hasegawa2023node,
  title={Node-wise hardware trojan detection based on graph learning},
  author={Hasegawa, Kento and Yamashita, Kazuki and Hidano, Seira and Fukushima, Kazuhide and Hashimoto, Kazuo and Togawa, Nozomu},
  journal={IEEE Transactions on Computers},
  year={2023},
  publisher={IEEE}
}

@inproceedings{imangholi2024fast,
  title={FAST-GO: Fast, Accurate, and Scalable Hardware Trojan Detection using Graph Convolutional Networks},
  author={Imangholi, Ali and Hashemi, Mona and Momeni, Amirabbas and Mohammadi, Siamak and Carlson, Trevor E},
  booktitle={2024 25th International Symposium on Quality Electronic Design (ISQED)},
  pages={1--8},
  year={2024},
  organization={IEEE}
}

@inproceedings{lashen2023trojansaint,
  title={TrojanSAINT: Gate-level netlist sampling-based inductive learning for hardware Trojan detection},
  author={Lashen, Hazem and Alrahis, Lilas and Knechtel, Johann and Sinanoglu, Ozgur},
  booktitle={2023 IEEE International Symposium on Circuits and Systems (ISCAS)},
  pages={1--5},
  year={2023},
  organization={IEEE}
}

@inproceedings{li2020xgboost,
  title={A XGBoost based hybrid detection scheme for gate-level hardware Trojan},
  author={Li, Sen and Zhang, Ying and Chen, Xin and Ge, Minghui and Mao, Zhiming and Yao, Jiaqi},
  booktitle={2020 IEEE 9th Joint International Information Technology and Artificial Intelligence Conference (ITAIC)},
  volume={9},
  pages={41--47},
  year={2020},
  organization={IEEE}
}

@article{velickovic2017graph,
  title={Graph attention networks},
  author={Velickovic, Petar and Cucurull, Guillem and Casanova, Arantxa and Romero, Adriana and Lio, Pietro and Bengio, Yoshua and others},
  journal={stat},
  volume={1050},
  number={20},
  pages={10--48550},
  year={2017}
}

@article{wu2020comprehensive,
  title={A comprehensive survey on graph neural networks},
  author={Wu, Zonghan and Pan, Shirui and Chen, Fengwen and Long, Guodong and Zhang, Chengqi and Philip, S Yu},
  journal={IEEE transactions on neural networks and learning systems},
  volume={32},
  number={1},
  pages={4--24},
  year={2020},
  publisher={IEEE}
}

@article{zeng2019graphsaint,
  title={Graphsaint: Graph sampling based inductive learning method},
  author={Zeng, Hanqing and Zhou, Hongkuan and Srivastava, Ajitesh and Kannan, Rajgopal and Prasanna, Viktor},
  journal={arXiv preprint arXiv:1907.04931},
  year={2019}
}

