@article{gaikwad2023hardware,
  title={Hardware IP assurance against trojan attacks with machine learning and post-processing},
  author={Gaikwad, Pravin and Cruz, Jonathan and Chakraborty, Prabuddha and Bhunia, Swarup and Hoque, Tamzidul},
  journal={ACM Journal on Emerging Technologies in Computing Systems},
  volume={19},
  number={3},
  pages={1--23},
  year={2023},
  publisher={ACM New York, NY}
}
@inproceedings{lashen2023trojansaint,
  title={TrojanSAINT: Gate-level netlist sampling-based inductive learning for hardware Trojan detection},
  author={Lashen, Hazem and Alrahis, Lilas and Knechtel, Johann and Sinanoglu, Ozgur},
  booktitle={2023 IEEE International Symposium on Circuits and Systems (ISCAS)},
  pages={1--5},
  year={2023},
  organization={IEEE}
}
@inproceedings{li2020xgboost,
  title={A XGBoost based hybrid detection scheme for gate-level hardware Trojan},
  author={Li, Sen and Zhang, Ying and Chen, Xin and Ge, Minghui and Mao, Zhiming and Yao, Jiaqi},
  booktitle={2020 IEEE 9th Joint International Information Technology and Artificial Intelligence Conference (ITAIC)},
  volume={9},
  pages={41--47},
  year={2020},
  organization={IEEE}
}
@inproceedings{cheng2022gnn4gate,
  title={GNN4Gate: A bi-directional graph neural network for gate-level hardware trojan detection},
  author={Cheng, Dong and Dong, Chen and He, Wenwu and Chen, Zhenyi and Xu, Yi},
  booktitle={Design, Automation \& Test in Europe Conference \& Exhibition (DATE)},
  pages={1315--1320},
  year={2022}
}
@article{chen2024gnn4ht,
  title={GNN4HT: A Two-stage GNN Based Approach for Hardware Trojan Multifunctional Classification},
  author={Chen, Lihan and Dong, Chen and Wu, Qiaowen and Liu, Ximeng and Guo, Xiaodong and Chen, Zhenyi and Zhang, Hao and Yang, Yang},
  journal={IEEE Transactions on Computer-Aided Design of Integrated Circuits and Systems},
  year={2024},
  publisher={IEEE}
}
@inproceedings{imangholi2024fast,
  title={FAST-GO: Fast, Accurate, and Scalable Hardware Trojan Detection using Graph Convolutional Networks},
  author={Imangholi, Ali and Hashemi, Mona and Momeni, Amirabbas and Mohammadi, Siamak and Carlson, Trevor E},
  booktitle={2024 25th International Symposium on Quality Electronic Design (ISQED)},
  pages={1--8},
  year={2024},
  organization={IEEE}
}
@article{hasegawa2022r,
  title={R-htdetector: Robust hardware-trojan detection based on adversarial training},
  author={Hasegawa, Kento and Hidano, Seira and Nozawa, Kohei and Kiyomoto, Shinsaku and Togawa, Nozomu},
  journal={IEEE Transactions on Computers},
  volume={72},
  number={2},
  pages={333--345},
  year={2022},
  publisher={IEEE}
}
@article{hasegawa2023node,
  title={Node-wise hardware trojan detection based on graph learning},
  author={Hasegawa, Kento and Yamashita, Kazuki and Hidano, Seira and Fukushima, Kazuhide and Hashimoto, Kazuo and Togawa, Nozomu},
  journal={IEEE Transactions on Computers},
  year={2023},
  publisher={IEEE}
}
@article{xdfs,
  title={X-dfs: Explainable artificial intelligence guided design-for-security solution space exploration},
  author={Mahfuz, Tanzim and Bhunia, Swarup and Chakraborty, Prabuddha},
  journal={IEEE Transactions on Information Forensics and Security},
  year={2024},
  publisher={IEEE}
}
@inproceedings{chakraborty2018sail,
  title={SAIL: Machine learning guided structural analysis attack on hardware obfuscation},
  author={Chakraborty, Prabuddha and Cruz, Jonathan and Bhunia, Swarup},
  booktitle={2018 Asian Hardware Oriented Security and Trust Symposium (AsianHOST)},
  pages={56--61},
  year={2018},
  organization={IEEE}
}
@article{chakraborty2021sail,
  title={SAIL: Analyzing structural artifacts of logic locking using machine learning},
  author={Chakraborty, Prabuddha and Cruz, Jonathan and Alaql, Abdulrahman and Bhunia, Swarup},
  journal={IEEE Transactions on Information Forensics and Security},
  volume={16},
  pages={3828--3842},
  year={2021},
  publisher={IEEE}
}
@article{chakraborty2024learning,
  title={Learning Your Lock: Exploiting Structural Vulnerabilities in Logic Locking},
  author={Chakraborty, Prabuddha and Cruz, Jonathan and Almawzan, Rasheed and Mahfuz, Tanzim and Bhunia, Swarup},
  journal={IEEE Design \& Test},
  year={2024},
  publisher={IEEE}
}
@article{velickovic2017graph,
  title={Graph attention networks},
  author={Velickovic, Petar and Cucurull, Guillem and Casanova, Arantxa and Romero, Adriana and Lio, Pietro and Bengio, Yoshua and others},
  journal={stat},
  volume={1050},
  number={20},
  pages={10--48550},
  year={2017}
}
@inproceedings{xu2018representation,
  title={Representation learning on graphs with jumping knowledge networks},
  author={Xu, Keyulu and Li, Chengtao and Tian, Yonglong and Sonobe, Tomohiro and Kawarabayashi, Ken-ichi and Jegelka, Stefanie},
  booktitle={International conference on machine learning},
  pages={5453--5462},
  year={2018},
  organization={PMLR}
}
@inproceedings{ribeiro2016should,
  title={" Why should i trust you?" Explaining the predictions of any classifier},
  author={Ribeiro, Marco Tulio and Singh, Sameer and Guestrin, Carlos},
  booktitle={Proceedings of the 22nd ACM SIGKDD international conference on knowledge discovery and data mining},
  pages={1135--1144},
  year={2016}
}
@article{arrieta2020explainable,
  title={Explainable Artificial Intelligence (XAI): Concepts, taxonomies, opportunities and challenges toward responsible AI},
  author={Arrieta, Alejandro Barredo and D{\'\i}az-Rodr{\'\i}guez, Natalia and Del Ser, Javier and Bennetot, Adrien and Tabik, Siham and Barbado, Alberto and Garc{\'\i}a, Salvador and Gil-L{\'o}pez, Sergio and Molina, Daniel and Benjamins, Richard and others},
  journal={Information fusion},
  volume={58},
  pages={82--115},
  year={2020},
  publisher={Elsevier}
}
@article{doshi2017towards,
  title={Towards a rigorous science of interpretable machine learning},
  author={Doshi-Velez, Finale and Kim, Been},
  journal={arXiv preprint arXiv:1702.08608},
  year={2017}
}
@article{guidotti2018survey,
  title={A survey of methods for explaining black box models},
  author={Guidotti, Riccardo and Monreale, Anna and Ruggieri, Salvatore and Turini, Franco and Giannotti, Fosca and Pedreschi, Dino},
  journal={ACM computing surveys (CSUR)},
  volume={51},
  number={5},
  pages={1--42},
  year={2018},
  publisher={ACM New York, NY, USA}
}
@article{fey2019fast,
  title={Fast graph representation learning with PyTorch Geometric},
  author={Fey, Matthias and Lenssen, Jan Eric},
  journal={arXiv preprint arXiv:1903.02428},
  year={2019}
}
@article{kokhlikyan2020captum,
  title={Captum: A unified and generic model interpretability library for PyTorch. arXiv},
  author={Kokhlikyan, Narine and Miglani, Vivek and Martin, Miguel and Wang, Edward and Alsallakh, Bilal and Reynolds, Jonathan and Melnikov, Alexander and Kliushkina, Natalia and Araya, Carlos and Yan, Siqi and others},
  journal={arXiv preprint arXiv:2009.07896},
  year={2020}
}
@article{lundberg2017unified,
  title={A unified approach to interpreting model predictions},
  author={Lundberg, Scott},
  journal={arXiv preprint arXiv:1705.07874},
  year={2017}
}
@inproceedings{sundararajan2017axiomatic,
  title={Axiomatic attribution for deep networks},
  author={Sundararajan, Mukund and Taly, Ankur and Yan, Qiqi},
  booktitle={International conference on machine learning},
  pages={3319--3328},
  year={2017},
  organization={PMLR}
}

@article{zeng2019graphsaint,
  title={Graphsaint: Graph sampling based inductive learning method},
  author={Zeng, Hanqing and Zhou, Hongkuan and Srivastava, Ajitesh and Kannan, Rajgopal and Prasanna, Viktor},
  journal={arXiv preprint arXiv:1907.04931},
  year={2019}
}
@inproceedings{hoque2018hardware,
  title={Hardware IP trust validation: Learn (the untrustworthy), and verify},
  author={Hoque, Tamzidul and Cruz, Jonathan and Chakraborty, Prabuddha and Bhunia, Swarup},
  booktitle={2018 IEEE International Test Conference (ITC)},
  pages={1--10},
  year={2018},
  organization={IEEE}
}
@misc{trsuthub,
  author = {Trust-Hub},
  title = {{Trust-Hub: A Community Resource for Hardware Security}},
  url = {https://www.trust-hub.org},
  note = {Accessed: 2024-11}
}
@article{wu2020comprehensive,
  title={A comprehensive survey on graph neural networks},
  author={Wu, Zonghan and Pan, Shirui and Chen, Fengwen and Long, Guodong and Zhang, Chengqi and Philip, S Yu},
  journal={IEEE transactions on neural networks and learning systems},
  volume={32},
  number={1},
  pages={4--24},
  year={2020},
  publisher={IEEE}
}
@article{derms,
  title={Distributed Energy Resource Management System (DERMS) Cybersecurity Scenarios, Trends, and Potential Technologies: A Review},
  author={Sugunaraj, Niroop and Balaji, Shree Ram Abayankar and Chandar, Barathwaja Subash and Rajagopalan, Prashanth and Kose, Utku and Loper, David Charles and Mahfuz, Tanzim and Chakraborty, Prabuddha and Ahmad, Seerin and Kim, Taesic and others},
  journal={IEEE Communications Surveys \& Tutorials},
  year={2025},
  publisher={IEEE}
}