@inproceedings{chen2019hybrid,
  title={Hybrid task cascade for instance segmentation},
  author={Chen, Kai and Pang, Jiangmiao and Wang, Jiaqi and Xiong, Yu and Li, Xiaoxiao and Sun, Shuyang and Feng, Wansen and Liu, Ziwei and Shi, Jianping and Ouyang, Wanli and others},
  booktitle={Proceedings of the IEEE/CVF conference on computer vision and pattern recognition},
  pages={4974--4983},
  year={2019}
}
@article{202411.1053,
        doi = {10.20944/preprints202411.1053.v1},
        url = {https://doi.org/10.20944/preprints202411.1053.v1},
        year = 2024,
        month = {November},
        publisher = {Preprints},
        author = {Jiaxin Lu and Yujian Long and Xinrui Li and Yanxin Shen and Xueshe Wang},
        title = {Hybrid Model Integration of LightGBM, DeepFM, and DIN for Enhanced Purchase Prediction on the Elo Dataset},
        journal = {Preprints}
}

        doi = {10.20944/preprints202411.1053.v1},
        url = {https://doi.org/10.20944/preprints202411.1053.v1},
        year = 2024,
        month = {November},
        publisher = {Preprints},
        author = {Jiaxin Lu and Yujian Long and Xinrui Li and Yanxin Shen and Xueshe Wang},
        title = {Hybrid Model Integration of LightGBM, DeepFM, and DIN for Enhanced Purchase Prediction on the Elo Dataset},
        journal = {Preprints}
}
@article{zhang2024yolo,
  title={YOLO-PPA based efficient traffic sign detection for cruise control in autonomous driving},
  author={Zhang, Jingyu and Zhang, Wenqing and Tan, Chaoyi and Li, Xiangtian and Sun, Qianyi},
  journal={arXiv preprint arXiv:2409.03320},
  year={2024}
}
@article{202411.0867,
        doi = {10.20944/preprints202411.0867.v1},
        url = {https://doi.org/10.20944/preprints202411.0867.v1},
        year = 2024,
        month = {November},
        publisher = {Preprints},
        author = {Jiaxin Lu},
        title = {Enhancing Chatbot User Satisfaction: A Machine Learning Approach Integrating Decision Tree, TF-IDF, and BERTopic},
        journal = {Preprints}
}
@article{202409.2180,
        doi = {10.20944/preprints202409.2180.v1},
        url = {https://doi.org/10.20944/preprints202409.2180.v1},
        year = 2024,
        month = {September},
        publisher = {Preprints},
        author = {Jiaxin Lu},
        title = {Optimizing E-Commerce with Multi-Objective Recommendations Using Ensemble Learning},
        journal = {Preprints}
}
@article{202409.1875,
        doi = {10.20944/preprints202409.1875.v1},
        url = {https://doi.org/10.20944/preprints202409.1875.v1},
        year = 2024,
        month = {September},
        publisher = {Preprints},
        author = {Siyue Li and Xiaofan Zhou and Zhizhong Wu and Yujian Long and Yanxin Shen},
        title = {Strategic Deductive Reasoning in Large Language Models: A Dual-Agent Approach},
        journal = {Preprints}
}
@article{202409.2417,
        doi = {10.20944/preprints202409.2417.v1},
        url = {https://doi.org/10.20944/preprints202409.2417.v1},
        year = 2024,
        month = {September},
        publisher = {Preprints},
        author = {Siyue Li},
        title = {Harnessing Multimodal Data and Mult-Recall Strategies for Enhanced Product Recommendation in E-Commerce},
        journal = {Preprints}
}
@article{xiang2017posecnn,
  title={Posecnn: A convolutional neural network for 6d object pose estimation in cluttered scenes},
  author={Xiang, Yu and Schmidt, Tanner and Narayanan, Venkatraman and Fox, Dieter},
  journal={arXiv preprint arXiv:1711.00199},
  year={2017}
}
@inproceedings{peng2019pvnet,
  title={Pvnet: Pixel-wise voting network for 6dof pose estimation},
  author={Peng, Sida and Liu, Yuan and Huang, Qixing and Zhou, Xiaowei and Bao, Hujun},
  booktitle={Proceedings of the IEEE/CVF conference on computer vision and pattern recognition},
  pages={4561--4570},
  year={2019}
}

@article{lu2024optimizing,
  title={Optimizing E-Commerce with Multi-Objective Recommendations Using Ensemble Learning},
  author={Lu, Jiaxin},
journal = {Preprints},
  year={2024},
  publisher={Preprints}
}
@inproceedings{li2018deepim,
  title={Deepim: Deep iterative matching for 6d pose estimation},
  author={Li, Yi and Wang, Gu and Ji, Xiangyang and Xiang, Yu and Fox, Dieter},
  booktitle={Proceedings of the European Conference on Computer Vision (ECCV)},
  pages={683--698},
  year={2018}
}
@article{li2024harnessing,
  title={Harnessing Multimodal Data and Mult-Recall Strategies for Enhanced Product Recommendation in E-Commerce},
  author={Li, Siyue},
journal = {Preprints},
  year={2024},
  publisher={Preprints}
}
@article{wang2024method,
  title={A Method for Coastal Global Route Planning of Unmanned Ships Based on Human-like Thinking},
  author={Wang, Gang and Wang, Jingheng and Wang, Xiaoyuan and Wang, Quanzheng and Han, Junyan and Chen, Longfei and Feng, Kai},
  journal={Journal of Marine Science and Engineering},
  volume={12},
  number={3},
  pages={476},
  year={2024},
  publisher={MDPI}
}
@article{feng2024adaptive,
  title={Adaptive state estimation and filtering for dynamic positioning ships under time-varying environmental disturbances},
  author={Feng, Kai and Wang, Jingheng and Wang, Xiaoyuan and Wang, Gang and Wang, Quanzheng and Han, Junyan},
  journal={Ocean Engineering},
  volume={303},
  pages={117798},
  year={2024},
  publisher={Elsevier}
}
@inproceedings{he2016deep,
  title={Deep residual learning for image recognition},
  author={He, Kaiming and Zhang, Xiangyu and Ren, Shaoqing and Sun, Jian},
  booktitle={Proceedings of the IEEE conference on computer vision and pattern recognition},
  pages={770--778},
  year={2016}
}
@article{wang2024local,
  title={Local Path Planning Method for Unmanned Ship Based on Encounter Situation Inference and COLREGS Constraints},
  author={Wang, Gang and Wang, Jingheng and Wang, Xiaoyuan and Wang, Quanzheng and Chen, Longfei and Han, Junyan and Wang, Bin and Feng, Kai},
  journal={Journal of Marine Science and Engineering},
  volume={12},
  number={5},
  pages={720},
  year={2024},
  publisher={MDPI}
}
@inproceedings{zhao2021point,
  title={Point transformer},
  author={Zhao, Hengshuang and Jiang, Li and Jia, Jiaya and Torr, Philip HS and Koltun, Vladlen},
  booktitle={Proceedings of the IEEE/CVF international conference on computer vision},
  pages={16259--16268},
  year={2021}
}
@article{wang2024yolov7,
  title={A YOLOv7-based method for ship detection in videos of drones},
  author={Wang, Quanzheng and Wang, Jingheng and Wang, Xiaoyuan and Wu, Luyao and Feng, Kai and Wang, Gang},
  journal={Journal of Marine Science and Engineering},
  volume={12},
  number={7},
  pages={1180},
  year={2024},
  publisher={MDPI}
}