@article{bai2022training,
  title   = {Training a Helpful and Harmless Assistant with Reinforcement Learning from Human Feedback},
  author  = {Yuntao Bai and Andy Jones and Kamal Ndousse and Amanda Askell and Anna Chen and Nova DasSarma and Dawn Drain and Stanislav Fort and Deep Ganguli and Tom Henighan and Nicholas Joseph and Saurav Kadavath and Jackson Kernion and Tom Conerly and Sheer El-Showk and Nelson Elhage and Zac Hatfield-Dodds and Danny Hernandez and Tristan Hume and Scott Johnston and Shauna Kravec and Liane Lovitt and Neel Nanda and Catherine Olsson and Dario Amodei and Tom Brown and Jack Clark and Sam McCandlish and Chris Olah and Ben Mann and Jared Kaplan},
  year    = {2022},
  journal = {arXiv preprint arXiv: 2204.05862}
}

@article{carlini2023aligned,
  title={Aligned but Unsafe: Investigation of Jailbreaks in AI Systems},
  author={Carlini, Nicholas and et al.},
  year={2023},
  journal={arXiv preprint arXiv:2305.18526}
}

@article{inan2023llama,
  title   = {Llama Guard: LLM-based Input-Output Safeguard for Human-AI Conversations},
  author  = {Hakan Inan and Kartikeya Upasani and Jianfeng Chi and Rashi Rungta and Krithika Iyer and Yuning Mao and Michael Tontchev and Qing Hu and Brian Fuller and Davide Testuggine and Madian Khabsa},
  year    = {2023},
  journal = {arXiv preprint arXiv: 2312.06674}
}

@article{li2024safety,
  title={Safety Layers in Aligned Large Language Models: The Key to LLM Security},
  author={Li, Shen and Yao, Liuyi and Zhang, Lan and Li, Yaliang},
  journal={arXiv preprint arXiv:2408.17003},
  year={2024}
}

@article{luo2024pace,
  title={PaCE: Parsimonious Concept Engineering for Large Language Models},
  author={Luo, Jinqi and Ding, Tianjiao and Chan, Kwan Ho Ryan and Thaker, Darshan and Chattopadhyay, Aditya and Callison-Burch, Chris and Vidal, Ren{\'e}},
  journal={arXiv preprint arXiv:2406.04331},
  year={2024}
}

@article{ouyang2022training,
  title={Training language models to follow instructions with human feedback},
  author={Ouyang, Long and Wu, Jeffrey and Jiang, Xu and Almeida, Diogo and Wainwright, Carroll and Mishkin, Pamela and Zhang, Chong and Agarwal, Sandhini and Slama, Katarina and Ray, Alex and others},
  journal={Advances in neural information processing systems},
  volume={35},
  pages={27730--27744},
  year={2022}
}

@article{qiu2024spectral,
  title={Spectral Editing of Activations for Large Language Model Alignment},
  author={Qiu, Yifu and Zhao, Zheng and Ziser, Yftah and Korhonen, Anna and Ponti, Edoardo M and Cohen, Shay B},
  journal={arXiv preprint arXiv:2405.09719},
  year={2024}
}

@article{wei2023jailbreak,
  title={Jailbreaking Large Language Models via Prompt Engineering},
  author={Wei, Jason and et al.},
  year={2023},
  journal={arXiv preprint arXiv:2303.16200}
}

