@article{abdelghani2024,
  author = {Abdelghani, Rania and Wang, Yen-Hsiang and Yuan, Xingdi and et al.},
  title = {GPT-3-Driven Pedagogical Agents to Train Children’s Curious Question-Asking Skills},
  journal = {International Journal of Artificial Intelligence in Education},
  volume = {34},
  pages = {483--518},
  year = {2024},
  doi = {10.1007/s40593-023-00340-7},
  url = {https://doi.org/10.1007/s40593-023-00340-7}
}

@inproceedings{aziz2022voice,
  title={Voice Snapping: Inclusive Speech Interaction Techniques for Creative Object Manipulation},
  author={Aziz, Farkhandah and Creed, Chris and Sarcar, Sayan and Frutos-Pascual, Maite and Williams, Ian},
  booktitle={Proceedings of the 2022 ACM Designing Interactive Systems Conference},
  pages={1486--1496},
  year={2022}
}

@inproceedings{bao2023exploring,
  title={Exploring 3d interaction with gaze guidance in augmented reality},
  author={Bao, Yiwei and Wang, Jiaxi and Wang, Zhimin and Lu, Feng},
  booktitle={2023 IEEE Conference Virtual Reality and 3D User Interfaces (VR)},
  pages={22--32},
  year={2023},
  organization={IEEE}
}

@article{bautista2022gaudi,
  title={Gaudi: A neural architect for immersive 3d scene generation},
  author={Bautista, Miguel Angel and Guo, Pengsheng and Abnar, Samira and Talbott, Walter and Toshev, Alexander and Chen, Zhuoyuan and Dinh, Laurent and Zhai, Shuangfei and Goh, Hanlin and Ulbricht, Daniel and others},
  journal={Advances in Neural Information Processing Systems},
  volume={35},
  pages={25102--25116},
  year={2022}
}

@inproceedings{bayat2024exploring,
  title={Exploring Methodologies to Create a Unified VR User-Experience in the Field of Virtual Museum Experiences},
  author={Bayat, Rojin and De Maio, Elios and Fiorenza, Jacopo and Migliorini, Massimo and Lamberti, Fabrizio},
  booktitle={2024 IEEE Gaming, Entertainment, and Media Conference (GEM)},
  pages={1--4},
  year={2024},
  organization={IEEE}
}

@article{chen2023scenedreamer,
  title={Scenedreamer: Unbounded 3d scene generation from 2d image collections},
  author={Chen, Zhaoxi and Wang, Guangcong and Liu, Ziwei},
  journal={IEEE transactions on pattern analysis and machine intelligence},
  year={2023},
  publisher={IEEE}
}

@inproceedings{cheng2024scientific,
  title={Scientific and Fantastical: Creating Immersive, Culturally Relevant Learning Experiences with Augmented Reality and Large Language Models},
  author={Cheng, Alan Y and Guo, Meng and Ran, Melissa and Ranasaria, Arpit and Sharma, Arjun and Xie, Anthony and Le, Khuyen N and Vinaithirthan, Bala and Luan, Shihe and Wright, David Thomas Henry and others},
  booktitle={Proceedings of the CHI Conference on Human Factors in Computing Systems},
  pages={1--23},
  year={2024}
}

@inproceedings{desolda2023digital,
  title={Digital Modeling for Everyone: Exploring How Novices Approach Voice-Based 3D Modeling},
  author={Desolda, Giuseppe and Esposito, Andrea and M{\"u}ller, Florian and Feger, Sebastian},
  booktitle={IFIP Conference on Human-Computer Interaction},
  pages={133--155},
  year={2023},
  organization={Springer}
}

@article{fernandez2024hands,
  title={Hands-Free VR},
  author={Fernandez, Jorge Askur Vazquez and Lee, Jae Joong and Vacca, Santiago Andr{\'e}s Serrano and Magana, Alejandra and Benes, Bedrich and Popescu, Voicu},
  journal={arXiv preprint arXiv:2402.15083
        
        },
  year={2024}
}

@inproceedings{friedrich2021combining,
  title={Combining Gesture and Voice Control for Mid-air Manipulation of CAD Models in VR Environments.},
  author={Friedrich, Markus and Langer, Stefan and Frey, Fabian},
  booktitle={VISIGRAPP (2: HUCAPP)},
  pages={119--127},
  year={2021}
}

@article{gloumeau2020pinnpivot,
  title={Pinnpivot: Object manipulation using pins in immersive virtual environments},
  author={Gloumeau, P Christopher and Stuerzlinger, Wolfgang and Han, JungHyun},
  journal={IEEE transactions on visualization and computer graphics},
  volume={27},
  number={4},
  pages={2488--2494},
  year={2020},
  publisher={IEEE}
}

@article{gobl2021conversational,
  title={Conversational Interfaces in Serious Games: Identifying Potentials and Future Research Directions based on a Systematic Literature Review.},
  author={G{\"o}bl, Barbara and Kriglstein, Simone and Hlavacs, Helmut},
  journal={CSEDU (1)},
  pages={108--115},
  year={2021}
}

@inproceedings{handa2016scenenet,
  title={Scenenet: An annotated model generator for indoor scene understanding},
  author={Handa, Ankur and P{\u{a}}tr{\u{a}}ucean, Viorica and Stent, Simon and Cipolla, Roberto},
  booktitle={2016 IEEE International Conference on Robotics and Automation (ICRA)},
  pages={5737--5743},
  year={2016},
  organization={IEEE}
}

@inproceedings{hombeck2023tell,
  title={Tell me where to go: Voice-controlled hands-free locomotion for virtual reality systems},
  author={Hombeck, Jan and Voigt, Henrik and Heggemann, Timo and Datta, Rabi R and Lawonn, Kai},
  booktitle={2023 IEEE Conference Virtual Reality and 3D User Interfaces (VR)},
  pages={123--134},
  year={2023},
  organization={IEEE}
}

@inproceedings{jacob1990you,
  title={What you look at is what you get: eye movement-based interaction techniques},
  author={Jacob, Robert JK},
  booktitle={Proceedings of the SIGCHI conference on Human factors in computing systems},
  pages={11--18},
  year={1990}
}

@inproceedings{jakesch2023co,
  title={Co-writing with opinionated language models affects users’ views},
  author={Jakesch, Maurice and Bhat, Advait and Buschek, Daniel and Zalmanson, Lior and Naaman, Mor},
  booktitle={Proceedings of the 2023 CHI conference on human factors in computing systems},
  pages={1--15},
  year={2023}
}

@inproceedings{jang2017modeling,
  title={Modeling cumulative arm fatigue in mid-air interaction based on perceived exertion and kinetics of arm motion},
  author={Jang, Sujin and Stuerzlinger, Wolfgang and Ambike, Satyajit and Ramani, Karthik},
  booktitle={Proceedings of the 2017 CHI Conference on Human Factors in Computing Systems},
  pages={3328--3339},
  year={2017}
}

@inproceedings{john2024llm,
  title={LLM Based 3D Avatar Assistant},
  author={John, Kevin Sujith and Roy, G Abin and Bindhya, PS},
  booktitle={2024 1st International Conference on Trends in Engineering Systems and Technologies (ICTEST)},
  pages={1--5},
  year={2024},
  organization={IEEE}
}

@inproceedings{kazemitabaar2023novices,
  title={How novices use LLM-based code generators to solve CS1 coding tasks in a self-paced learning environment},
  author={Kazemitabaar, Majeed and Hou, Xinying and Henley, Austin and Ericson, Barbara Jane and Weintrop, David and Grossman, Tovi},
  booktitle={Proceedings of the 23rd Koli Calling International Conference on Computing Education Research},
  pages={1--12},
  year={2023}
}

@article{liu2024object,
  title={Object manipulation based on the head manipulation space in VR},
  author={Liu, Xiaolong and Wang, Lili and Ke, Wei and Im, Sio-Kei},
  journal={International Journal of Human-Computer Studies},
  pages={103346},
  year={2024},
  publisher={Elsevier}
}

@article{ma2018language,
  title={Language-driven synthesis of 3D scenes from scene databases},
  author={Ma, Rui and Patil, Akshay Gadi and Fisher, Matthew and Li, Manyi and Pirk, S{\"o}ren and Hua, Binh-Son and Yeung, Sai-Kit and Tong, Xin and Guibas, Leonidas and Zhang, Hao},
  journal={ACM Transactions on Graphics (TOG)},
  volume={37},
  number={6},
  pages={1--16},
  year={2018},
  publisher={ACM New York, NY, USA}
}

@inproceedings{mendes2017using,
  title={Using custom transformation axes for mid-air manipulation of 3D virtual objects},
  author={Mendes, Daniel and Sousa, Maur{\'\i}cio and Lorena, Rodrigo and Ferreira, Alfredo and Jorge, Joaquim},
  booktitle={Proceedings of the 23rd ACM Symposium on Virtual Reality Software and Technology},
  pages={1--8},
  year={2017}
}

@inproceedings{morotti2020fostering,
  title={Fostering fashion retail experiences through virtual reality and voice assistants},
  author={Morotti, Elena and Donatiello, Lorenzo and Marfia, Gustavo},
  booktitle={2020 IEEE conference on virtual reality and 3D user interfaces abstracts and workshops (VRW)},
  pages={338--342},
  year={2020},
  organization={IEEE}
}

@article{ocal2024sceneteller,
  title={SceneTeller: Language-to-3D Scene Generation},
  author={{\"O}cal, Ba{\c{s}}ak Melis and Tatarchenko, Maxim and Karaoglu, Sezer and Gevers, Theo},
  journal={arXiv preprint arXiv:2407.20727
        
        },
  year={2024}
}

@inproceedings{poupyrev1996go,
  title={The go-go interaction technique: non-linear mapping for direct manipulation in VR},
  author={Poupyrev, Ivan and Billinghurst, Mark and Weghorst, Suzanne and Ichikawa, Tadao},
  booktitle={Proceedings of the 9th annual ACM symposium on User interface software and technology},
  pages={79--80},
  year={1996}
}

@inproceedings{qi2018human,
  title={Human-centric indoor scene synthesis using stochastic grammar},
  author={Qi, Siyuan and Zhu, Yixin and Huang, Siyuan and Jiang, Chenfanfu and Zhu, Song-Chun},
  booktitle={Proceedings of the IEEE Conference on Computer Vision and Pattern Recognition},
  pages={5899--5908},
  year={2018}
}

@inproceedings{schroeder2017presence,
  title={Presence and usability do not directly predict procedural recall in virtual reality training},
  author={Schroeder, Bradford L and Bailey, Shannon KT and Johnson, Cheryl I and Gonzalez-Holland, Emily},
  booktitle={HCI International 2017--Posters' Extended Abstracts: 19th International Conference, HCI International 2017, Vancouver, BC, Canada, July 9--14, 2017, Proceedings, Part II 19},
  pages={54--61},
  year={2017},
  organization={Springer}
}

@inproceedings{shoa2023sushi,
  title={Sushi with Einstein: Enhancing Hybrid Live Events with LLM-Based Virtual Humans},
  author={Shoa, Alon and Oliva, Ramon and Slater, Mel and Friedman, Doron},
  booktitle={Proceedings of the 23rd ACM International Conference on Intelligent Virtual Agents},
  pages={1--6},
  year={2023}
}

@inproceedings{wan2024building,
  title={Building LLM-based AI Agents in Social Virtual Reality},
  author={Wan, Hongyu and Zhang, Jinda and Suria, Abdulaziz Arif and Yao, Bingsheng and Wang, Dakuo and Coady, Yvonne and Prpa, Mirjana},
  booktitle={Extended Abstracts of the CHI Conference on Human Factors in Computing Systems},
  pages={1--7},
  year={2024}
}

@inproceedings{wang2024virtuwander,
  title={Virtuwander: Enhancing multi-modal interaction for virtual tour guidance through large language models},
  author={Wang, Zhan and Yuan, Lin-Ping and Wang, Liangwei and Jiang, Bingchuan and Zeng, Wei},
  booktitle={Proceedings of the CHI conference on human factors in computing systems},
  pages={1--20},
  year={2024}
}

@inproceedings{wei2024editable,
  title={Editable scene simulation for autonomous driving via collaborative llm-agents},
  author={Wei, Yuxi and Wang, Zi and Lu, Yifan and Xu, Chenxin and Liu, Changxing and Zhao, Hao and Chen, Siheng and Wang, Yanfeng},
  booktitle={Proceedings of the IEEE/CVF Conference on Computer Vision and Pattern Recognition},
  pages={15077--15087},
  year={2024}
}

@article{wen2023anyhome,
  title={Anyhome: Open-vocabulary generation of structured and textured 3d homes},
  author={Wen, Zehao and Liu, Zichen and Sridhar, Srinath and Fu, Rao},
  journal={arXiv preprint arXiv:2312.06644
        
        
        
        
        
        
        
        },
  year={2023}
}

@inproceedings{whitlock2018interacting,
  title={Interacting with distant objects in augmented reality},
  author={Whitlock, Matt and Harnner, Ethan and Brubaker, Jed R and Kane, Shaun and Szafir, Danielle Albers},
  booktitle={2018 IEEE Conference on Virtual Reality and 3D User Interfaces (VR)},
  pages={41--48},
  year={2018},
  organization={IEEE}
}

@article{williams2020understanding,
  title={Understanding multimodal user gesture and speech behavior for object manipulation in augmented reality using elicitation},
  author={Williams, Adam S and Garcia, Jason and Ortega, Francisco},
  journal={IEEE Transactions on Visualization and Computer Graphics},
  volume={26},
  number={12},
  pages={3479--3489},
  year={2020},
  publisher={IEEE}
}

@inproceedings{yu2021gaze,
  title={Gaze-supported 3d object manipulation in virtual reality},
  author={Yu, Difeng and Lu, Xueshi and Shi, Rongkai and Liang, Hai-Ning and Dingler, Tilman and Velloso, Eduardo and Goncalves, Jorge},
  booktitle={Proceedings of the 2021 CHI Conference on Human Factors in Computing Systems},
  pages={1--13},
  year={2021}
}

@inproceedings{zhou2022eliciting,
  title={Eliciting multimodal gesture+ speech interactions in a multi-object augmented reality environment},
  author={Zhou, Xiaoyan and Williams, Adam Sinclair and Ortega, Francisco Raul},
  booktitle={Proceedings of the 28th ACM Symposium on Virtual Reality Software and Technology},
  pages={1--10},
  year={2022}
}

