@INPROCEEDINGS{BEVPlace,
  author={Luo, Lun and Zheng, Shuhang and Li, Yixuan and Fan, Yongzhi and Yu, Beinan and Cao, Si-Yuan and Li, Junwei and Shen, Hui-Liang},
  booktitle={2023 IEEE/CVF International Conference on Computer Vision (ICCV)}, 
  title={BEVPlace: Learning LiDAR-based Place Recognition using Bird’s Eye View Images}, 
  year={2023},
  volume={},
  number={},
  pages={8666-8675},
  keywords={Point cloud compression;Geometry;Adaptation models;Image recognition;Convolution;Source coding;Estimation},
  doi={10.1109/ICCV51070.2023.00799}}
@article{M2DGR,
  title={M2dgr: A multi-sensor and multi-scenario slam dataset for ground robots},
  author={Yin, Jie and Li, Ang and Li, Tao and Yu, Wenxian and Zou, Danping},
  journal={IEEE Robotics and Automation Letters},
  volume={7},
  number={2},
  pages={2266--2273},
  year={2021},
  publisher={IEEE}
}
@inproceedings{ORB,
  title={ORB: An efficient alternative to SIFT or SURF},
  author={Rublee, Ethan and Rabaud, Vincent and Konolige, Kurt and Bradski, Gary},
  booktitle={2011 International conference on computer vision},
  pages={2564--2571},
  year={2011},
  organization={Ieee}
}
@inproceedings{NetVLAD,
  title={NetVLAD: CNN architecture for weakly supervised place recognition},
  author={Arandjelovic, Relja and Gronat, Petr and Torii, Akihiko and Pajdla, Tomas and Sivic, Josef},
  booktitle={Proceedings of the IEEE conference on computer vision and pattern recognition},
  pages={5297--5307},
  year={2016}
}
@inproceedings{MapClosures,
  title={Effectively Detecting Loop Closures using Point Cloud Density Maps},
  author={Gupta, Saurabh and Guadagnino, Tiziano and Mersch, Benedikt and Vizzo, Ignacio and Stachniss, Cyrill},
  booktitle={Proc. of the IEEE Intl. Conf. on Robotics \& Automation (ICRA)},
  year={2024}
}
@article{I-SLAM,
  title={Intensity-slam: Intensity assisted localization and mapping for large scale environment},
  author={Wang, Han and Wang, Chen and Xie, Lihua},
  journal={IEEE Robotics and Automation Letters},
  volume={6},
  number={2},
  pages={1715--1721},
  year={2021},
  publisher={IEEE}
}
@inproceedings{I-LOAM,
  title={I-LOAM: intensity enhanced LiDAR odometry and mapping},
  author={Park, Yeong Sang and Jang, Hyesu and Kim, Ayoung},
  booktitle={2020 17th international conference on ubiquitous robots (UR)},
  pages={455--458},
  year={2020},
  organization={IEEE}
}
@article{FactorGraph,
  title={Factor graphs for robot perception},
  author={Dellaert, Frank and Kaess, Michael and others},
  journal={Foundations and Trends{\textregistered} in Robotics},
  volume={6},
  number={1-2},
  pages={1--139},
  year={2017},
  publisher={Now Publishers, Inc.}
}
@article{ISAM2,
  title={iSAM2: Incremental smoothing and mapping using the Bayes tree},
  author={Kaess, Michael and Johannsson, Hordur and Roberts, Richard and Ila, Viorela and Leonard, John J and Dellaert, Frank},
  journal={The International Journal of Robotics Research},
  volume={31},
  number={2},
  pages={216--235},
  year={2012},
  publisher={Sage Publications Sage UK: London, England}
}
@INPROCEEDINGS{RIL,
  author={Chen, Xieyuanli and Vizzo, Ignacio and Läbe, Thomas and Behley, Jens and Stachniss, Cyrill},
  booktitle={2021 IEEE International Conference on Robotics and Automation (ICRA)}, 
  title={Range Image-based LiDAR Localization for Autonomous Vehicles}, 
  year={2021},
  volume={},
  number={},
  pages={5802-5808},
  keywords={Location awareness;Surface reconstruction;Laser radar;Three-dimensional displays;Monte Carlo methods;Conferences;Robot sensing systems},
  doi={10.1109/ICRA48506.2021.9561335}}
@inproceedings{LOAM,
  title={LOAM: Lidar Odometry and Mapping in Real-time},
  author={Ji Zhang and Sanjiv Singh},
  booktitle={Robotics: Science and Systems},
  year={2014},
}
@INPROCEEDINGS{MD-SLAM,
  author={Di Giammarino, Luca and Brizi, Leonardo and Guadagnino, Tiziano and Stachniss, Cyrill and Grisetti, Giorgio},
  booktitle={2022 IEEE/RSJ International Conference on Intelligent Robots and Systems (IROS)}, 
  title={MD-SLAM: Multi-cue Direct SLAM}, 
  year={2022},
  volume={},
  number={},
  pages={11047-11054},
  keywords={Tracking loops;Simultaneous localization and mapping;Laser radar;Three-dimensional displays;Pipelines;Estimation;C++ languages},
  doi={10.1109/IROS47612.2022.9981147}}
@misc{BEVPlace++,
      title={BEVPlace++: Fast, Robust, and Lightweight LiDAR Global Localization for Unmanned Ground Vehicles}, 
      author={Lun Luo and Si-Yuan Cao and Xiaorui Li and Jintao Xu and Rui Ai and Zhu Yu and Xieyuanli Chen},
      year={2024},
      eprint={2408.01841},
      archivePrefix={arXiv},
      primaryClass={cs.RO},
      url={https://arxiv.org/abs/2408.01841}, 
}
@ARTICLE{BVMatch,
  author={Luo, Lun and Cao, Si-Yuan and Han, Bin and Shen, Hui-Liang and Li, Junwei},
  journal={IEEE Robotics and Automation Letters}, 
  title={BVMatch: Lidar-Based Place Recognition Using Bird's-Eye View Images}, 
  year={2021},
  volume={6},
  number={3},
  pages={6076-6083},
  keywords={Laser radar;Three-dimensional displays;Image recognition;Feature extraction;Transforms;Pose estimation;Databases;Localization;range sensing;SLAM},
  doi={10.1109/LRA.2021.3091386}}
@INPROCEEDINGS{COIN-LIO,
  author={Pfreundschuh, Patrick and Oleynikova, Helen and Cadena, Cesar and Siegwart, Roland and Andersson, Olov},
  booktitle={2024 IEEE International Conference on Robotics and Automation (ICRA)}, 
  title={COIN-LIO: Complementary Intensity-Augmented LiDAR Inertial Odometry}, 
  year={2024},
  volume={},
  number={},
  pages={1730-1737},
  keywords={Point cloud compression;Laser radar;Accuracy;Pipelines;Measurement uncertainty;Minimization;Feature extraction},
  doi={10.1109/ICRA57147.2024.10610938}}
@INPROCEEDINGS{DLIO,
  author={Chen, Kenny and Nemiroff, Ryan and Lopez, Brett T.},
  booktitle={2023 IEEE International Conference on Robotics and Automation (ICRA)}, 
  title={Direct LiDAR-Inertial Odometry: Lightweight LIO with Continuous-Time Motion Correction}, 
  year={2023},
  volume={},
  number={},
  pages={3983-3989},
  keywords={Location awareness;Technological innovation;Computer architecture;Observers;Real-time systems;Trajectory;Odometry},
  doi={10.1109/ICRA48891.2023.10160508}}
@ARTICLE{FAST-LIO,
  author={Xu, Wei and Zhang, Fu},
  journal={IEEE Robotics and Automation Letters}, 
  title={FAST-LIO: A Fast, Robust LiDAR-Inertial Odometry Package by Tightly-Coupled Iterated Kalman Filter}, 
  year={2021},
  volume={6},
  number={2},
  pages={3317-3324},
  keywords={Laser radar;Kalman filters;Fuses;Feature extraction;Distortion measurement;Three-dimensional displays;Noise measurement;Aerial systems;localization;perception and autonomy;sensor fusion},
  doi={10.1109/LRA.2021.3064227}}
@article{LTAOM,
  title={LTA-OM: Long-term association LiDAR-IMU odometry and mapping},
  author={Zuhao Zou and Chongjian Yuan and Wei Xu and Haotian Li and Shunbo Zhou and Kaiwen Xue and Fu Zhang},
  journal={J. Field Robotics},
  year={2024},
  volume={41},
  pages={2455-2474}
}
@INPROCEEDINGS{Quatro,
  author={Lim, Hyungtae and Yeon, Suyong and Ryu, Soohyun and Lee, Yonghan and Kim, Youngji and Yun, Jaeseong and Jung, Euigon and Lee, Donghwan and Myung, Hyun},
  booktitle={2022 International Conference on Robotics and Automation (ICRA)}, 
  title={A Single Correspondence Is Enough: Robust Global Registration to Avoid Degeneracy in Urban Environments}, 
  year={2022},
  volume={},
  number={},
  pages={8010-8017},
  keywords={Point cloud compression;Location awareness;Three-dimensional displays;Laser radar;Codes;Automation;Urban areas},
  doi={10.1109/ICRA46639.2022.9812018}}
@inproceedings{GICP,
  title={Generalized-ICP},
  author={Aleksandr V. Segal and Dirk H{\"a}hnel and Sebastian Thrun},
  booktitle={Robotics: Science and Systems},
  year={2009},
}

@INPROCEEDINGS{VGICP,
  author={Koide, Kenji and Yokozuka, Masashi and Oishi, Shuji and Banno, Atsuhiko},
  booktitle={2021 IEEE International Conference on Robotics and Automation (ICRA)}, 
  title={Voxelized GICP for Fast and Accurate 3D Point Cloud Registration}, 
  year={2021},
  volume={},
  number={},
  pages={11054-11059},
  keywords={Three-dimensional displays;Laser radar;Conferences;Graphics processing units;Transforms;Nearest neighbor methods;Gaussian distribution},
  doi={10.1109/ICRA48506.2021.9560835}}
@INPROCEEDINGS{Outram,
  author={Yin, Pengyu and Cao, Haozhi and Nguyen, Thien-Minh and Yuan, Shenghai and Zhang, Shuyang and Liu, Kangcheng and Xie, Lihua},
  booktitle={2024 IEEE International Conference on Robotics and Automation (ICRA)}, 
  title={Outram: One-shot Global Localization via Triangulated Scene Graph and Global Outlier Pruning}, 
  year={2024},
  volume={},
  number={},
  pages={13717-13723},
  keywords={Location awareness;Point cloud compression;Three-dimensional displays;Laser radar;Costs;Pose estimation;Feature extraction},
  doi={10.1109/ICRA57147.2024.10610206}}
@INPROCEEDINGS{Segregator,
  author={Yin, Pengyu and Yuan, Shenghai and Cao, Haozhi and Ji, Xingyu and Zhang, Shuyang and Xie, Lihua},
  booktitle={2023 IEEE International Conference on Robotics and Automation (ICRA)}, 
  title={Segregator: Global Point Cloud Registration with Semantic and Geometric Cues}, 
  year={2023},
  volume={},
  number={},
  pages={2848-2854},
  keywords={Point cloud compression;Codes;Automation;Semantics;Pose estimation;Clustering algorithms;Size measurement},
  doi={10.1109/ICRA48891.2023.10160798}}
@ARTICLE{FAST,
  author={Rosten, Edward and Porter, Reid and Drummond, Tom},
  journal={IEEE Transactions on Pattern Analysis and Machine Intelligence}, 
  title={Faster and Better: A Machine Learning Approach to Corner Detection}, 
  year={2010},
  volume={32},
  number={1},
  pages={105-119},
  keywords={Machine learning;Detectors;Image edge detection;Computer vision;Layout;Simultaneous localization and mapping;Testing;Image matching;Image recognition;Streaming media;Corner detection;feature detection.;Corner detection;feature detection},
  doi={10.1109/TPAMI.2008.275}}
@ARTICLE{FAST-LIO2,
  author={Xu, Wei and Cai, Yixi and He, Dongjiao and Lin, Jiarong and Zhang, Fu},
  journal={IEEE Transactions on Robotics}, 
  title={FAST-LIO2: Fast Direct LiDAR-Inertial Odometry}, 
  year={2022},
  volume={38},
  number={4},
  pages={2053-2073},
  keywords={Laser radar;Robots;Real-time systems;Feature extraction;Data structures;Point cloud compression;Kalman filters;Aerial systems;sensor fusion;simultaneous localization and mapping (SLAM)},
  doi={10.1109/TRO.2022.3141876}}
@ARTICLE{iG-LIO,
  author={Chen, Zijie and Xu, Yong and Yuan, Shenghai and Xie, Lihua},
  journal={IEEE Robotics and Automation Letters}, 
  title={iG-LIO: An Incremental GICP-Based Tightly-Coupled LiDAR-Inertial Odometry}, 
  year={2024},
  volume={9},
  number={2},
  pages={1883-1890},
  keywords={Odometry;Estimation;Laser radar;Measurement;Probabilistic logic;Indexes;Surface treatment;SLAM;sensor fusion;LiDAR-inertial odometry},
  doi={10.1109/LRA.2024.3349915}}
@misc{ikd-Tree,
      title={ikd-Tree: An Incremental K-D Tree for Robotic Applications}, 
      author={Yixi Cai and Wei Xu and Fu Zhang},
      year={2021},
      eprint={2102.10808},
      archivePrefix={arXiv},
      primaryClass={cs.RO},
      url={https://arxiv.org/abs/2102.10808}, 
}
@article{TEASER,
  title={{TEASER: Fast and Certifiable Point Cloud Registration}},
  author={H. Yang and J. Shi and L. Carlone},
  journal={{IEEE} Trans. Robotics},
  pdf={https://arxiv.org/pdf/2001.07715.pdf},
  Year = {2020} 
}
@INPROCEEDINGS{LeGO-LOAM,
  author={Shan, Tixiao and Englot, Brendan},
  booktitle={2018 IEEE/RSJ International Conference on Intelligent Robots and Systems (IROS)}, 
  title={LeGO-LOAM: Lightweight and Ground-Optimized Lidar Odometry and Mapping on Variable Terrain}, 
  year={2018},
  volume={},
  number={},
  pages={4758-4765},
  keywords={Feature extraction;Three-dimensional displays;Laser radar;Image segmentation;Pose estimation;Real-time systems;Iterative closest point algorithm},
  doi={10.1109/IROS.2018.8594299}}
@article{LIC-Fusion2.0,
  title={LIC-Fusion 2.0: LiDAR-Inertial-Camera Odometry with Sliding-Window Plane-Feature Tracking},
  author={Xingxing Zuo and Yulin Yang and Patrick Geneva and Jiajun Lv and Yong Liu and Guoquan Paul Huang and Marc Pollefeys},
  journal={2020 IEEE/RSJ International Conference on Intelligent Robots and Systems (IROS)},
  year={2020}
}
@ARTICLE{LiDARB,
  author={Luo, Lun and Cao, Si-Yuan and Sheng, Zehua and Shen, Hui-Liang},
  journal={IEEE Transactions on Intelligent Vehicles}, 
  title={LiDAR-Based Global Localization Using Histogram of Orientations of Principal Normals}, 
  year={2022},
  volume={7},
  number={3},
  pages={771-782},
  keywords={Laser radar;Location awareness;Point cloud compression;Feature extraction;Transforms;Three-dimensional displays;Image segmentation;Global localization;pose estimation;LiDAR;point cloud;descriptor;image matching;optimization;intelligent vehicles},
  doi={10.1109/TIV.2022.3169153}}
@INPROCEEDINGS{LIO-SAM,
  author={Shan, Tixiao and Englot, Brendan and Meyers, Drew and Wang, Wei and Ratti, Carlo and Rus, Daniela},
  booktitle={2020 IEEE/RSJ International Conference on Intelligent Robots and Systems (IROS)}, 
  title={LIO-SAM: Tightly-coupled Lidar Inertial Odometry via Smoothing and Mapping}, 
  year={2020},
  volume={},
  number={},
  pages={5135-5142},
  keywords={Laser radar;Smoothing methods;Three-dimensional displays;Real-time systems;Trajectory;Registers;Optimization},
  doi={10.1109/IROS45743.2020.9341176}}
@article{LIVO,
  title={Laser–visual–inertial odometry and mapping with high robustness and low drift},
  author={Ji Zhang and Sanjiv Singh},
  journal={Journal of Field Robotics},
  year={2018},
  volume={35},
  pages={1242 - 1264},
}
@article{MCD,
  title={MCD: Diverse Large-Scale Multi-Campus Dataset for Robot Perception},
  author={Thien-Minh Nguyen and Shenghai Yuan and Thien Hoang Nguyen and Peng Yin and Haozhi Cao and Lihua Xie and Maciej K. Wozniak and Patric Jensfelt and Mark Thiel and Justin Ziegenbein and Noel Blunder},
  journal={2024 IEEE/CVF Conference on Computer Vision and Pattern Recognition (CVPR)},
  year={2024},
  pages={22304-22313},
}
@article{Quatro++,
  author    = {Lim, Hyungtae and Kim, Beomsoo and Kim, Daebeom and Lee, Eungchang and Myung, Hyun},
  title     = {Quatro++: Robust Global Registration Exploiting Ground Segmentation for Loop Closing in LiDAR SLAM},
  booktitle = {International Journal of Robotics Research},
  year      = {2023},
}
@INPROCEEDINGS{STD,
  author={Yuan, Chongjian and Lin, Jiarong and Zou, Zuhao and Hong, Xiaoping and Zhang, Fu},
  booktitle={2023 IEEE International Conference on Robotics and Automation (ICRA)}, 
  title={STD: Stable Triangle Descriptor for 3D place recognition}, 
  year={2023},
  volume={},
  number={},
  pages={1897-1903},
  keywords={Point cloud compression;Three-dimensional displays;Laser radar;Codes;Automation;Shape;Databases},
  doi={10.1109/ICRA48891.2023.10160413}}
@INPROCEEDINGS{SC-LiDAR-SLAM,
  author={Kim, Giseop and Yun, Seungsang and Kim, Jeongyun and Kim, Ayoung},
  booktitle={2022 International Conference on Electronics, Information, and Communication (ICEIC)}, 
  title={SC-LiDAR-SLAM: A Front-end Agnostic Versatile LiDAR SLAM System}, 
  year={2022},
  volume={},
  number={},
  pages={1-6},
  keywords={Point cloud compression;Cloud computing;Simultaneous localization and mapping;Laser radar;Three-dimensional displays;Distance measurement;Performance analysis;LiDAR;Point cloud;SLAM},
  doi={10.1109/ICEIC54506.2022.9748644}}
@ARTICLE{BEV-LSLAM,
  author={Cao, Fengkui and Wang, Shaocong and Chen, Xieyuanli and Wang, Ting and Liu, Lianqing},
  journal={IEEE Robotics and Automation Letters}, 
  title={BEV-LSLAM: A Novel and Compact BEV LiDAR SLAM for Outdoor Environment}, 
  year={2025},
  volume={10},
  number={3},
  pages={2462-2469},
  keywords={Laser radar;Feature extraction;Simultaneous localization and mapping;Point cloud compression;Visualization;Tracking loops;Robots;Optimization;Pose estimation;Pipelines;SLAM;localization;mapping},
  doi={10.1109/LRA.2025.3531727}}
@ARTICLE{RI-LIO,
  author={Zhang, Yanfeng and Tian, Yunong and Wang, Wanguo and Yang, Guodong and Li, Zhishuo and Jing, Fengshui and Tan, Min},
  journal={IEEE Robotics and Automation Letters}, 
  title={RI-LIO: Reflectivity Image Assisted Tightly-Coupled LiDAR-Inertial Odometry}, 
  year={2023},
  volume={8},
  number={3},
  pages={1802-1809},
  keywords={Laser radar;Feature extraction;Distortion;Simultaneous localization and mapping;Pose estimation;Head;Vertical cavity surface emitting lasers;Localization;mapping;projection model;reflectivity image;SLAM},
  doi={10.1109/LRA.2023.3243528}}

@INPROCEEDINGS{NCD,
  author={Ramezani, Milad and Wang, Yiduo and Camurri, Marco and Wisth, David and Mattamala, Matias and Fallon, Maurice Fallon},
  booktitle={2020 IEEE/RSJ International Conference on Intelligent Robots and Systems (IROS)}, 
  title={The Newer College Dataset: Handheld LiDAR, Inertial and Vision with Ground Truth}, 
  year={2020},
  volume={},
  number={},
  pages={4353-4360},
  keywords={Visualization;Laser radar;Three-dimensional displays;Systematics;Simultaneous localization and mapping;Navigation;Sensors},
  doi={10.1109/IROS45743.2020.9340849}}

@misc{NCD2,
      title={Multi-Camera LiDAR Inertial Extension to the Newer College Dataset}, 
      author={Lintong Zhang and Marco Camurri and David Wisth and Maurice Fallon},
      year={2022},
      eprint={2112.08854},
      archivePrefix={arXiv},
      primaryClass={cs.RO},
      url={https://arxiv.org/abs/2112.08854}, 
}}

@INPROCEEDINGS{ScanContext,
  author={Kim, Giseop and Kim, Ayoung},
  booktitle={2018 IEEE/RSJ International Conference on Intelligent Robots and Systems (IROS)}, 
  title={Scan Context: Egocentric Spatial Descriptor for Place Recognition Within 3D Point Cloud Map}, 
  year={2018},
  volume={},
  number={},
  pages={4802-4809},
  keywords={Three-dimensional displays;Sensors;Laser radar;Histograms;Shape;Visualization;Encoding},
  doi={10.1109/IROS.2018.8593953}}
@ARTICLE{ScanContext++,
  author={Kim, Giseop and Choi, Sunwook and Kim, Ayoung},
  journal={IEEE Transactions on Robotics}, 
  title={Scan Context++: Structural Place Recognition Robust to Rotation and Lateral Variations in Urban Environments}, 
  year={2022},
  volume={38},
  number={3},
  pages={1856-1874},
  keywords={Robot sensing systems;Laser radar;Robots;Radar;Visualization;Robustness;Encoding;Localization;place recognition;range sensors},
  doi={10.1109/TRO.2021.3116424}}
@INPROCEEDINGS{SPI,
  author={Li, Yanhao and Li, Hao},
  booktitle={2021 IEEE International Conference on Robotics and Automation (ICRA)}, 
  title={LiDAR-Based Initial Global Localization Using Two-Dimensional (2D) Submap Projection Image (SPI)}, 
  year={2021},
  volume={},
  number={},
  pages={5063-5068},
  keywords={Location awareness;Visualization;Laser radar;Simultaneous localization and mapping;Three-dimensional displays;Pose estimation;Two dimensional displays},
  doi={10.1109/ICRA48506.2021.9560740}}
%%
%% IEEEabrv.bib
%%
%% BibTeX bibliography string definitions of the ABBREVIATED titles of
%% IEEE journals and magazines
%% 
%% NOTE: This text file uses MS Windows line feed conventions. When (human)
%% reading this file on other platforms, you may have to use a text
%% editor that can handle lines terminated by the MS Windows line feed
%% characters (0x0D 0x0A).
%%
%% This file is designed for bibliography styles that require 
%% abbreviated titles and is not for use in bibliographies that
%% require full-length titles.
%% 
%% Version 1.10 (2003/04/02)
%% 
%% Composed by Michael Shell
%% 
%% See:
%% http://www.ctan.org/tex-archive/macros/latex/contrib/supported/IEEEtran/
%% for latest version and current contact information.
%%
%% Special thanks to Laura Hyslop of IEEE for her help in obtaining the
%% information needed to compile this file. Also, Volker Kuhlmann kindly
%% provided some corrections and additions.
%%
%%**********************************************************************
%% Legal Notice:
%% This code is offered as-is without any warranty either expressed or
%% implied; without even the implied warranty of MERCHANTABILITY or
%% FITNESS FOR A PARTICULAR PURPOSE!
%% User assumes all risk.
%% In no event shall IEEE or any contributor to this code be liable for
%% any damages or losses, including, but not limited to, incidental,
%% consequential, or any other damages, resulting from the use or misuse
%% of any information contained here.
%%
%% This code is distributed under the Perl Artistic License 
%% ( http://language.perl.com/misc/Artistic.html ) 
%% and may be freely used, distributed and modified - subject to the
%% constraints therein.
%% Retain all contribution notices, credits and disclaimers.
%% 
%% All comments are the opinions of their respective authors and are not
%% necessarily endorsed by the IEEE.
%%**********************************************************************
%
%
% USAGE:
% 
% \bibliographystyle{mybstfile} 
% \bibliography{IEEEabrv,mybibfile}
%
% where the IEEE titles in the .bib database entries use the strings
% defined here. e.g.,
%
%
%    journal = IEEE_J_AC,
%
%
% to yield "{IEEE} Trans. Automat. Contr."
%
%
% IEEE uses abbreviated journal titles in their bibliographies -
% this file is suitable for work that is to be submitted to the IEEE.
%
%
% For work that requires full-length titles, you should use the full
% titles provided in the companion file, IEEEfull.bib.
%
%
% ** NOTES **
%
% 1. Journals have been grouped according to subject in order to make it
%    easier to locate and extract the definitions for related journals - 
%    as most works use references that are confined to a single topic.
%    Magazines are listed in straight alphabetical order.
%
% 2. String names are closely based on IEEE's own internal acronyms.
% 
% 3. Abbreviations follow IEEE's style.
%
% 4. Older, out-of-print IEEE titles are included (but not including titles
%    dating prior to IEEE's formation from the IRE and AIEE in 1963).
%
% 5. The following NEW/current journal definitions have been disabled because
%    their abbreviations have not yet been finalized/verified:
%    
%    STRING{IEEE_J_MC         = "{IEEE} Trans. Mobile Comput."}
%    STRING{IEEE_J_JEM        = "{IEEE/TMS} J. Electron. Mater."}
%    STRING{IEEE_J_MCTE       = "{IEEE} Trans. Molecular Cellular Tissue Eng."}
%    STRING{IEEE_J_ESSL       = "{IEEE/ECS} Electrochemical Solid-State Lett."}
%    STRING{IEEE_J_CJECE      = "Canadian J. Elect. Comput. Eng."}
%    
% 6. The following OLD journal definitions have been disabled because
%    their abbreviations have not yet been found/verified:
%
%    STRING{IEEE_J_EWS        = "{IEEE} Trans. Eng. Writing Speech"}
%    STRING{IEEE_J_BCTV       = "{IEEE} Trans. Broadcast Television Receivers"}
%
% If you know what the proper abbreviation is for a string in #5 or #6 above,
% email me and I will correct them in the next release.




%%%%%%%%%%%%%%%%%%%
%% IEEE Journals %%
%%%%%%%%%%%%%%%%%%%


% aerospace and military
@STRING{IEEE_J_AES        = "{IEEE} Trans. Aerosp. Electron. Syst."}
@STRING{IEEE_J_ANE        = "{IEEE} Trans. Aerosp. Navig. Electron."}
@STRING{IEEE_J_ANNE       = "{IEEE} Trans. Aeronaut. Navig. Electron."}
@STRING{IEEE_J_AS         = "{IEEE} Trans. Aerosp."}
@STRING{IEEE_J_AIRE       = "{IEEE} Trans. Airborne Electron."}
@STRING{IEEE_J_MIL        = "{IEEE} Trans. Mil. Electron."}



% autos, transportation and vehicles (non-aerospace)
@STRING{IEEE_J_ITS        = "{IEEE} Trans. Intell. Transport. Syst."}
@STRING{IEEE_J_VT         = "{IEEE} Trans. Veh. Technol."}
@STRING{IEEE_J_VC         = "{IEEE} Trans. Veh. Commun."}



% circuits, signals, systems, audio and controls
@STRING{IEEE_J_SPL        = "{IEEE} Signal Processing Lett."}
@STRING{IEEE_J_ASSP       = "{IEEE} Trans. Acoust., Speech, Signal Processing"}
@STRING{IEEE_J_AU         = "{IEEE} Trans. Audio"}
@STRING{IEEE_J_AUEA       = "{IEEE} Trans. Audio Electroacoust."}
@STRING{IEEE_J_AC         = "{IEEE} Trans. Automat. Contr."}
@STRING{IEEE_J_CAS        = "{IEEE} Trans. Circuits Syst."}
@STRING{IEEE_J_CASVT      = "{IEEE} Trans. Circuits Syst. Video Technol."}
@STRING{IEEE_J_CASI       = "{IEEE} Trans. Circuits Syst. {I}"}
@STRING{IEEE_J_CASII      = "{IEEE} Trans. Circuits Syst. {II}"}
@STRING{IEEE_J_CT         = "{IEEE} Trans. Circuit Theory"}
@STRING{IEEE_J_CST        = "{IEEE} Trans. Contr. Syst. Technol."}
@STRING{IEEE_J_SP         = "{IEEE} Trans. Signal Processing"}
@STRING{IEEE_J_SU         = "{IEEE} Trans. Sonics Ultrason."}
@STRING{IEEE_J_SAP        = "{IEEE} Trans. Speech Audio Processing"}
@STRING{IEEE_J_UE         = "{IEEE} Trans. Ultrason. Eng."}
@STRING{IEEE_J_UFFC       = "{IEEE} Trans. Ultrason., Ferroelect., Freq. Contr."}



% communications
@STRING{IEEE_J_COML       = "{IEEE} Commun. Lett."}
@STRING{IEEE_J_JSAC       = "{IEEE} J. Select. Areas Commun."}
@STRING{IEEE_J_COM        = "{IEEE} Trans. Commun."}
@STRING{IEEE_J_COMT       = "{IEEE} Trans. Commun. Technol."}
@STRING{IEEE_J_WCOM       = "{IEEE} Trans. Wireless Commun."}



% components, packaging and manufacturing
@STRING{IEEE_J_ADVP       = "{IEEE} Trans. Adv. Packag."}
@STRING{IEEE_J_CHMT       = "{IEEE} Trans. Comp., Hybrids, Manufact. Technol."}
@STRING{IEEE_J_CPMTA      = "{IEEE} Trans. Comp., Packag., Manufact. Technol. {A}"}
@STRING{IEEE_J_CPMTB      = "{IEEE} Trans. Comp., Packag., Manufact. Technol. {B}"}
@STRING{IEEE_J_CPMTC      = "{IEEE} Trans. Comp., Packag., Manufact. Technol. {C}"}
@STRING{IEEE_J_CAPT       = "{IEEE} Trans. Comp. Packag. Technol."}
@STRING{IEEE_J_CAPTS      = "{IEEE} Trans. Comp. Packag. Technol."}
@STRING{IEEE_J_CPART      = "{IEEE} Trans. Comp. Parts"}
@STRING{IEEE_J_EPM        = "{IEEE} Trans. Electron. Packag. Manufact."}
@STRING{IEEE_J_MFT        = "{IEEE} Trans. Manufact. Technol."}
@STRING{IEEE_J_PHP        = "{IEEE} Trans. Parts, Hybrids, Packag."}
@STRING{IEEE_J_PMP        = "{IEEE} Trans. Parts, Mater., Packag."}



% CAD
@STRING{IEEE_J_TCAD       = "{IEEE} J. Technol. Computer Aided Design"}
@STRING{IEEE_J_CAD        = "{IEEE} Trans. Computer-Aided Design"}



% coding, data, information, knowledge
@STRING{IEEE_J_IT         = "{IEEE} Trans. Inform. Theory"}
@STRING{IEEE_J_KDE        = "{IEEE} Trans. Knowledge Data Eng."}



% computers, computation, networking and software
@STRING{IEEE_J_C          = "{IEEE} Trans. Comput."}
@STRING{IEEE_J_ECOMP      = "{IEEE} Trans. Electron. Comput."}
@STRING{IEEE_J_EVC        = "{IEEE} Trans. Evol. Comput."}
@STRING{IEEE_J_FUZZ       = "{IEEE} Trans. Fuzzy Syst."}
% disabled till definition finalized
STRING{IEEE_J_MC          = "{IEEE} Trans. Mobile Comput."}
@STRING{IEEE_J_NET        = "{IEEE/ACM} Trans. Networking"}
@STRING{IEEE_J_NN         = "{IEEE} Trans. Neural Networks"}
@STRING{IEEE_J_PDS        = "{IEEE} Trans. Parallel Distrib. Syst."}
@STRING{IEEE_J_SE         = "{IEEE} Trans. Software Eng."}



% computer graphics, imaging, and multimedia
@STRING{IEEE_J_IP         = "{IEEE} Trans. Image Processing"}
@STRING{IEEE_J_MM         = "{IEEE} Trans. Multimedia"}
@STRING{IEEE_J_VCG        = "{IEEE} Trans. Visual. Comput. Graphics"}



% cybernetics, ergonomics, robots, man-machine, and automation
@STRING{IEEE_J_JRA        = "{IEEE} J. Robot. Automat."}
@STRING{IEEE_J_HFE        = "{IEEE} Trans. Hum. Factors Electron."}
@STRING{IEEE_J_MMS        = "{IEEE} Trans. Man-Mach. Syst."}
@STRING{IEEE_J_PAMI       = "{IEEE} Trans. Pattern Anal. Machine Intell."}
@STRING{IEEE_J_RA         = "{IEEE} Trans. Robot. Automat."}
@STRING{IEEE_J_SMC        = "{IEEE} Trans. Syst., Man, Cybern."}
@STRING{IEEE_J_SMCA       = "{IEEE} Trans. Syst., Man, Cybern. {A}"}
@STRING{IEEE_J_SMCB       = "{IEEE} Trans. Syst., Man, Cybern. {B}"}
@STRING{IEEE_J_SMCC       = "{IEEE} Trans. Syst., Man, Cybern. {C}"}
@STRING{IEEE_J_SSC        = "{IEEE} Trans. Syst. Sci. Cybernetics"}



% earth, wind, fire and water
@STRING{IEEE_J_GE         = "{IEEE} Trans. Geosci. Electron."}
@STRING{IEEE_J_GRS        = "{IEEE} Trans. Geosci. Remote Sensing"}
@STRING{IEEE_J_OE         = "{IEEE} J. Oceanic Eng."}



% education, engineering, history, IEEE, professional
% disabled till definition is verified
STRING{IEEE_J_CJECE       = "Canadian J. Elect. Comput. Eng."}
@STRING{IEEE_J_PROC       = "Proc. {IEEE}"}
@STRING{IEEE_J_EDU        = "{IEEE} Trans. Educ."}
@STRING{IEEE_J_EM         = "{IEEE} Trans. Eng. Manage."}
% disabled till definition is verified
STRING{IEEE_J_EWS         = "{IEEE} Trans. Eng. Writing Speech"}
@STRING{IEEE_J_PC         = "{IEEE} Trans. Prof. Commun."}



% electromagnetics, antennas, EMI, magnetics and microwave
@STRING{IEEE_J_AWPL       = "{IEEE} Antennas Wireless Propagat. Lett."}
@STRING{IEEE_J_MGWL       = "{IEEE} Microwave Guided Wave Lett."}
% IEEE seems to want "Compon." here, not "Comp."
@STRING{IEEE_J_MWCL       = "{IEEE} Microwave Wireless Compon. Lett."}
@STRING{IEEE_J_AP         = "{IEEE} Trans. Antennas Propagat."}
@STRING{IEEE_J_EMC        = "{IEEE} Trans. Electromagn. Compat."}
@STRING{IEEE_J_MAG        = "{IEEE} Trans. Magn."}
@STRING{IEEE_J_MTT        = "{IEEE} Trans. Microwave Theory Tech."}
@STRING{IEEE_J_RFI        = "{IEEE} Trans. Radio Freq. Interference"}
@STRING{IEEE_J_TJMJ       = "{IEEE} Transl. J. Magn. Jpn."}



% energy and power
@STRING{IEEE_J_EC         = "{IEEE} Trans. Energy Conversion"}
@STRING{IEEE_J_PWRAS      = "{IEEE} Trans. Power App. Syst."}
@STRING{IEEE_J_PWRD       = "{IEEE} Trans. Power Delivery"}
@STRING{IEEE_J_PWRE       = "{IEEE} Trans. Power Electron."}
@STRING{IEEE_J_PWRS       = "{IEEE} Trans. Power Syst."}



% industrial, commercial and consumer
@STRING{IEEE_J_APPIND     = "{IEEE} Trans. Applicat. Ind."}
@STRING{IEEE_J_BC         = "{IEEE} Trans. Broadcast."}
% disabled till definition is verified
STRING{IEEE_J_BCTV        = "{IEEE} Trans. Broadcast Television Receivers"}
@STRING{IEEE_J_CE         = "{IEEE} Trans. Consumer Electron."}
@STRING{IEEE_J_IE         = "{IEEE} Trans. Ind. Electron."}
@STRING{IEEE_J_IECI       = "{IEEE} Trans. Ind. Electron. Contr. Instrum."}
@STRING{IEEE_J_IA         = "{IEEE} Trans. Ind. Applicat."}
@STRING{IEEE_J_IGA        = "{IEEE} Trans. Ind. Gen. Applicat."}



% instrumentation and measurement
@STRING{IEEE_J_IM         = "{IEEE} Trans. Instrum. Meas."}



% insulation and materials
% disabled till definition finalized
STRING{IEEE_J_JEM         = "{IEEE/TMS} J. Electron. Mater."}
@STRING{IEEE_J_DEI        = "{IEEE} Trans. Dielect. Elect. Insulation"}
@STRING{IEEE_J_EI         = "{IEEE} Trans. Elect. Insulation"}



% mechanical
@STRING{IEEE_J_MECH       = "{IEEE/ASME} Trans. Mechatron."}
@STRING{IEEE_J_MEMS       = "J. Microelectromech. Syst."}



% medical and biological
@STRING{IEEE_J_BME        = "{IEEE} Trans. Biomed. Eng."}
% Note: The B-ME journal later dropped the hyphen and became the BME.
@STRING{IEEE_J_B-ME       = "{IEEE} Trans. Bio-Med. Eng."}
@STRING{IEEE_J_BMELC      = "{IEEE} Trans. Bio-Med. Electron."}
@STRING{IEEE_J_ITBM       = "{IEEE} Trans. Inform. Technol. Biomed."}
@STRING{IEEE_J_ME         = "{IEEE} Trans. Med. Electron."}
@STRING{IEEE_J_MI         = "{IEEE} Trans. Med. Imag."}
% disabled till definition finalized
STRING{IEEE_J_MCTE        = "{IEEE} Trans. Molecular Cellular Tissue Eng."}
@STRING{IEEE_J_NB         = "{IEEE} Trans. Nanobiosci."}
@STRING{IEEE_J_NSRE       = "{IEEE} Trans. Neural Syst. Rehab. Eng."}
@STRING{IEEE_J_RE         = "{IEEE} Trans. Rehab. Eng."}



% optics, lightwave and photonics
@STRING{IEEE_J_PTL        = "{IEEE} Photon. Technol. Lett."}
@STRING{IEEE_J_JLT        = "J. Lightwave Technol."}



% physics, electrons, nanotechnology, nuclear and quantum electronics
@STRING{IEEE_J_EDL        = "{IEEE} Electron Device Lett."}
@STRING{IEEE_J_JQE        = "{IEEE} J. Quantum Electron."}
@STRING{IEEE_J_JSTQE      = "{IEEE} J. Select. Topics Quantum Electron."}
@STRING{IEEE_J_ED         = "{IEEE} Trans. Electron Devices"}
@STRING{IEEE_J_NANO       = "{IEEE} Trans. Nanotechnol."}
@STRING{IEEE_J_NS         = "{IEEE} Trans. Nucl. Sci."}
@STRING{IEEE_J_PS         = "{IEEE} Trans. Plasma Sci."}



% reliability
% IEEE seems to want "Mat." here, not "Mater."
@STRING{IEEE_J_DMR        = "{IEEE} Trans. Device Mat. Rel."}
@STRING{IEEE_J_R          = "{IEEE} Trans. Rel."}



% semiconductors, superconductors, electrochemical and solid state
% disabled till definition finalized
STRING{IEEE_J_ESSL        = "{IEEE/ECS} Electrochemical Solid-State Lett."}
@STRING{IEEE_J_JSSC       = "{IEEE} J. Solid-State Circuits"}
@STRING{IEEE_J_ASC        = "{IEEE} Trans. Appl. Superconduct."}
@STRING{IEEE_J_SM         = "{IEEE} Trans. Semiconduct. Manufact."}



% sensors
@STRING{IEEE_J_SENSOR     = "{IEEE} Sensors J."}



% VLSI
@STRING{IEEE_J_VLSI       = "{IEEE} Trans. {VLSI} Syst."}





%%%%%%%%%%%%%%%%%%%%
%% IEEE Magazines %%
%%%%%%%%%%%%%%%%%%%%


@STRING{IEEE_M_AES        = "{IEEE} Aerosp. Electron. Syst. Mag"}
@STRING{IEEE_M_HIST       = "{IEEE} Annals Hist. Comput."}
@STRING{IEEE_M_AP         = "{IEEE} Antennas Propagat. Mag."}
@STRING{IEEE_M_ASSP       = "{IEEE} {ASSP} Mag."}
@STRING{IEEE_M_CD         = "{IEEE} Circuits Devices Mag."}
@STRING{IEEE_M_CAS        = "{IEEE} Circuits Syst. Mag."}
@STRING{IEEE_M_COM        = "{IEEE} Commun. Mag."}
@STRING{IEEE_M_COMSOC     = "{IEEE} Commun. Soc. Mag."}
% CSEM changed to CSE in 1999
@STRING{IEEE_M_CSE        = "{IEEE} Comput. Sci. Eng."}
@STRING{IEEE_M_CSEM       = "{IEEE} Comput. Sci. Eng. Mag."}
@STRING{IEEE_M_C          = "{IEEE} Computer"}
@STRING{IEEE_M_CAP        = "{IEEE} Comput. Appl. Power"}
@STRING{IEEE_M_CGA        = "{IEEE} Comput. Graph. Appl."}
@STRING{IEEE_M_CONC       = "{IEEE} Concurrency"}
@STRING{IEEE_M_CS         = "{IEEE} Control Syst. Mag."}
@STRING{IEEE_M_DTC        = "{IEEE} Des. Test. Comput."}
@STRING{IEEE_M_EI         = "{IEEE} Electr. Insul. Mag."}
@STRING{IEEE_M_EMB        = "{IEEE} Eng. Med. Biol. Mag."}
@STRING{IEEE_M_EMR        = "{IEEE} Eng. Manag. Rev."}
@STRING{IEEE_M_EXP        = "{IEEE} Expert"}
@STRING{IEEE_M_IA         = "{IEEE} Ind. Appl. Mag."}
@STRING{IEEE_M_IM         = "{IEEE} Instrum. Meas. Mag."}
@STRING{IEEE_M_IS         = "{IEEE} Intell. Syst."}
@STRING{IEEE_M_IC         = "{IEEE} Internet Comput."}
@STRING{IEEE_M_ITP        = "{IEEE} {IT} Prof."}
@STRING{IEEE_M_MICRO      = "{IEEE} Micro"}
@STRING{IEEE_M_MW         = "{IEEE} Microwave"}
@STRING{IEEE_M_MM         = "{IEEE} Multimedia"}
@STRING{IEEE_M_NET        = "{IEEE} Network"}
% IEEE's editorial manual lists "Pers. Commun.", 
% but "Personal Commun. Mag." seems to be what is used in the journals
@STRING{IEEE_M_PCOM       = "{IEEE} Personal Commun. Mag."}
@STRING{IEEE_M_POT        = "{IEEE} Potentials"}
% CAP and PER merged to form PE in 2003
@STRING{IEEE_M_PE         = "{IEEE} Power Energy Mag."}
@STRING{IEEE_M_PER        = "{IEEE} Power Eng. Rev."}
@STRING{IEEE_M_RA         = "{IEEE} Robot. Automat. Mag."}
@STRING{IEEE_M_SP         = "{IEEE} Signal Processing Mag."}
@STRING{IEEE_M_S          = "{IEEE} Softw."}
@STRING{IEEE_M_SPECT      = "{IEEE} Spectr."}
@STRING{IEEE_M_TS         = "{IEEE} Technol. Soc. Mag."}
@STRING{IEEE_M_WC         = "{IEEE} Wireless Commun. Mag."}
@STRING{IEEE_M_TODAY      = "Today's Eng."}




%--
%EOF
