@article{HMC,
    title = {Handbook of {Markov} {Chain} {Monte} {Carlo}},
    author = {Brooks, Steve and Gelman, Andrew and Jones, Galin L. and Meng, Xiao-Li},
    journal = {Chance},
    volume = {25},
    pages = {53--55},
    year = {2012}
}

@article{Laplace,
    title = {Accurate {Approximations} for {Posterior} {Moments} and {Marginal} {Densities}},
    author = {Tierney, Luke and Kadane, Joseph B.},
    journal = {Journal of the American Statistical Association},
    volume = {81},
    pages = {82--86},
    year = {1986}
}

@article{NUTS,
    title = {The {No}-{U}-turn sampler: adaptively setting path lengths in {Hamiltonian} {Monte} {Carlo}},
    author = {Hoffman, M. and Gelman, A.},
    journal = {Journal of machine learning research},
    year = {2011}
}

@article{SMC,
    title = {Sequential {Monte} {Carlo}: {A} {Unified} {Review}},
    author = {Wills, Adrian and Sch√∂n, Thomas B.},
    journal = {Annu. Rev. Control. Robotics Auton. Syst.},
    volume = {6},
    pages = {159--182},
    year = {2023}
}

@article{amortized_vi_review,
    title = {Amortized {Variational} {Inference}: {A} {Systematic} {Review}},
    author = {Ganguly, Ankush and Jain, Sanjana and Watchareeruetai, Ukrit},
    journal = {Journal of Artificial Intelligence Research},
    volume = {78},
    pages = {167--215},
    year = {2023}
}

@article{bayes_quad,
    title = {Active {Learning} of {Model} {Evidence} {Using} {Bayesian} {Quadrature}},
    author = {Osborne, Michael A. and Garnett, Roman and Ghahramani, Zoubin and Duvenaud, David and Roberts, Stephen J. and Rasmussen, Carl Edward},
    journal = {Neural Information Processing Systems},
    volume = {25},
    year = {2012}
}

@article{black_box_vi,
    title = {black box variational inference},
    author = {Ranganath, Rajesh and Gerrish, Sean and Blei, David M.},
    journal = {Journal of Machine Learning Research},
    year = {2014}
}

@article{expectation_propagation,
    title = {Expectation propagation for approximate {Bayesian} inference},
    author = {Minka, Tom},
    journal = {Conference on Uncertainty in Artificial Intelligence},
    pages = {362--369},
    year = {2001}
}

@article{normalizing_flows,
    title = {Variational {Inference} with {Normalizing} {Flows}},
    author = {Rezende, Danilo Jimenez and Mohamed, Shakir},
    journal = {arXiv: Machine Learning},
    year = {2015}
}

@article{pfns,
    title = {Transformers {Can} {Do} {Bayesian} {Inference}},
    author = {Muller, Samuel and Hollmann, Noah and Pineda Arango, Sebastian and Grabocka, Josif and Hutter, F.},
    journal = {International Conference on Learning Representations},
    year = {2021}
}

@article{sparse_gp,
    title = {A {Survey} on {High}-dimensional {Gaussian} {Process} {Modeling} with {Application} to {Bayesian} {Optimization}},
    author = {Binois, M. and Wycoff, Nathan},
    journal = {ACM Transactions on Evolutionary Learning and Optimization},
    year = {2021}
}

@article{svi,
    title = {Stochastic variational inference},
    author = {Hoffman, Matthew D. and Blei, David M. and Wang, Chong and Paisley, John},
    journal = {Journal of Machine Learning Research},
    volume = {14},
    pages = {1303--1347},
    year = {2013}
}

@inproceedings{ukf,
  title={New extension of the Kalman filter to nonlinear systems},
  author={Simon J. Julier and Jeffrey K. Uhlmann},
  booktitle={Defense, Security, and Sensing},
  year={1997},
  url={https://api.semanticscholar.org/CorpusID:7937456}
}

@article{vae,
    title = {Auto-{Encoding} {Variational} {Bayes}},
    author = {Kingma, Diederik P. and Welling, Max},
    journal = {International Conference on Learning Representations},
    year = {2014}
}

