@article{pfns,
    title = {Transformers {Can} {Do} {Bayesian} {Inference}},
    author = {Muller, Samuel and Hollmann, Noah and Pineda Arango, Sebastian and Grabocka, Josif and Hutter, F.},
    journal = {International Conference on Learning Representations},
    year = {2021}
}

@book{GMM_universal,
    title = {Deep Learning},
    author = {Goodfellow, Ian and Bengio, Yoshua and Courville, Aaron},
    publisher = {MIT Press},
    year = {2016}
}

@article{GMM_universal_2,
    title = {Approximating with {Gaussians}},
    author = {Calcaterra, Craig and Boldt, Axel},
    journal = {arXiv: Classical Analysis and ODEs},
    year = {2008}
}

@article{GMM_latent_variable,
    title = {Pattern {Recognition} and {Machine} {Learning}},
    author = {Bishop, Christopher M.},
    journal = {Technometrics},
    year = {2006}
}

@article{SMC,
    title = {Sequential {Monte} {Carlo}: {A} {Unified} {Review}},
    author = {Wills, Adrian and Schön, Thomas B.},
    journal = {Annu. Rev. Control. Robotics Auton. Syst.},
    volume = {6},
    pages = {159--182},
    year = {2023}
}

@article{mixture_density_networks,
    title = {Mixture density networks},
    author = {Bishop, Christopher M.},
    year = {1994}
}

@article{transformers_universal,
    title = {Are {Transformers} universal approximators of sequence-to-sequence functions?},
    author = {Yun, Chulhee and Bhojanapalli, Srinadh and Rawat, Ankit Singh and Reddi, Sashank J. and Kumar, Sanjiv},
    journal = {arXiv: Learning},
    year = {2019}
}

@article{sparse_gp,
    title = {A {Survey} on {High}-dimensional {Gaussian} {Process} {Modeling} with {Application} to {Bayesian} {Optimization}},
    author = {Binois, M. and Wycoff, Nathan},
    journal = {ACM Transactions on Evolutionary Learning and Optimization},
    year = {2021}
}

@article{HMC,
    title = {Handbook of {Markov} {Chain} {Monte} {Carlo}},
    author = {Brooks, Steve and Gelman, Andrew and Jones, Galin L. and Meng, Xiao-Li},
    journal = {Chance},
    volume = {25},
    pages = {53--55},
    year = {2012}
}

@article{NUTS,
    title = {The {No}-{U}-turn sampler: adaptively setting path lengths in {Hamiltonian} {Monte} {Carlo}},
    author = {Hoffman, M. and Gelman, A.},
    journal = {Journal of machine learning research},
    year = {2011}
}

@article{MCMC,
    title = {A {Short} {History} of {MCMC}: {Subjective} {Recollections} from {Incomplete} {Data}},
    author = {Christian, Robert R. and Casella, George},
    journal = {Journal of machine learning research},
    year = {2011},
    pages = {75--92}
}

@article{Laplace,
    title = {Accurate {Approximations} for {Posterior} {Moments} and {Marginal} {Densities}},
    author = {Tierney, Luke and Kadane, Joseph B.},
    journal = {Journal of the American Statistical Association},
    volume = {81},
    pages = {82--86},
    year = {1986}
}

@article{attention,
    title = {Neural {Machine} {Translation} by {Jointly} {Learning} to {Align} and {Translate}},
    author = {Bahdanau, Dzmitry and Cho, Kyunghyun and Bengio, Yoshua},
    journal = {arXiv: Computation and Language},
    year = {2014}
}

@article{EM_GMM,
    title = {Maximum likelihood from incomplete data via the {EM} algorithm},
    author = {Dempster, Arthur P. and Laird, Nan M. and Rubin, Donald B.},
    journal = {Journal of the royal statistical society series b-methodological},
    volume = {39},
    pages = {1--22},
    year = {1977}
}

@article{bayes_quad,
    title = {Active {Learning} of {Model} {Evidence} {Using} {Bayesian} {Quadrature}},
    author = {Osborne, Michael A. and Garnett, Roman and Ghahramani, Zoubin and Duvenaud, David and Roberts, Stephen J. and Rasmussen, Carl Edward},
    journal = {Neural Information Processing Systems},
    volume = {25},
    year = {2012}
}

@article{amortized_vi_review,
    title = {Amortized {Variational} {Inference}: {A} {Systematic} {Review}},
    author = {Ganguly, Ankush and Jain, Sanjana and Watchareeruetai, Ukrit},
    journal = {Journal of Artificial Intelligence Research},
    volume = {78},
    pages = {167--215},
    year = {2023}
}

@article{approx_bayes,
    title = {Computing {Bayes}: {From} {Then} '{Til} {Now}},
    author = {Martin, Gael M. and Frazier, David T. and Robert, Christian P.},
    journal = {Statistical Science},
    year = {2023}
}

@article{svi,
    title = {Stochastic variational inference},
    author = {Hoffman, Matthew D. and Blei, David M. and Wang, Chong and Paisley, John},
    journal = {Journal of Machine Learning Research},
    volume = {14},
    pages = {1303--1347},
    year = {2013}
}

@article{transformers,
    title = {Attention is {All} you {Need}},
    author = {Vaswani, Ashish and Shazeer, Noam and Parmar, Niki and Uszkoreit, Jakob and Jones, Llion and Gomez, Aidan N. and Kaiser, Lukasz and Polosukhin, Illia},
    journal = {Neural Information Processing Systems},
    volume = {30},
    pages = {5998--6008},
    year = {2017}
}

@article{uncertainty,
    title = {Aleatoric and {Epistemic} {Uncertainty} in {Machine} {Learning}: {An} {Introduction} to {Concepts} and {Methods}},
    author = {Hüllermeier, Eyke and Waegeman, Willem},
    journal = {arXiv: Learning},
    year = {2019}
}

@article{vi,
    title = {Variational {Inference}: {A} {Review} for {Statisticians}},
    author = {Blei, David M. and Kucukelbir, Alp and McAuliffe, Jon},
    journal = {arXiv: Computation},
    year = {2016}
}

@article{pytorch,
    title = {{PyTorch}: {An} {Imperative} {Style}, {High}-{Performance} {Deep} {Learning} {Library}},
    author = {Paszke, Adam and Gross, Sam and Massa, Francisco and Lerer, Adam and Bradbury, James and Chanan, Gregory and Killeen, Trevor and Lin, Zeming and Gimelshein, Natalia and Antiga, Luca and Desmaison, Alban and Kopf, Andreas and Yang, Edward and DeVito, Zachary and Raison, Martin and Tejani, Alykhan and Chilamkurthy, Sasank and Steiner, Benoit and Fang, Lu and Bai, Junjie and Chintala, Soumith},
    journal = {Neural Information Processing Systems},
    volume = {32},
    pages = {8026--8037},
    year = {2019}
}

@article{uncertainty_2,
    title = {A survey of uncertainty in deep neural networks},
    author = {Gawlikowski, J. and Tassi, Cedrique Rovile Njieutcheu and Ali, Mohsin and Lee, Jongseo and Humt, Matthias and Feng, Jianxiang and Kruspe, Anna M. and Triebel, Rudolph and Jung, P. and Roscher, R. and Shahzad, M. and Yang, Wen and Bamler, R. and Zhu, Xiaoxiang},
    journal = {Artificial Intelligence Review},
    year = {2021}
}

@article{vae,
    title = {Auto-{Encoding} {Variational} {Bayes}},
    author = {Kingma, Diederik P. and Welling, Max},
    journal = {International Conference on Learning Representations},
    year = {2014}
}

@article{expectation_propagation,
    title = {Expectation propagation for approximate {Bayesian} inference},
    author = {Minka, Tom},
    journal = {Conference on Uncertainty in Artificial Intelligence},
    pages = {362--369},
    year = {2001}
}

@article{black_box_vi,
    title = {black box variational inference},
    author = {Ranganath, Rajesh and Gerrish, Sean and Blei, David M.},
    journal = {Journal of Machine Learning Research},
    year = {2014}
}

@article{deep_learning,
    title = {Deep learning},
    author = {LeCun, Yann and Bengio, Yoshua and Hinton, Geoffrey E.},
    journal = {Nature},
    volume = {521},
    pages = {436--444},
    year = {2015}
}

@article{transformers_language,
    title = {Language {Models} are {Few}-{Shot} {Learners}},
    author = {Brown, Tom B. and Mann, Benjamin and Ryder, Nick and Subbiah, Melanie and Kaplan, Jared and Dhariwal, Prafulla and Neelakantan, Arvind and Shyam, Pranav and Sastry, Girish and Askell, Amanda and Agarwal, Sandhini and Herbert-Voss, Ariel and Krueger, Gretchen and Henighan, Thomas and Child, Rewon and Ramesh, Aditya and Ziegler, Daniel M. and Wu, Jeffrey and Winter, Clemens and Hesse, Christopher and Chen, Mark and Sigler, Eric and Litwin, Mateusz and Gray, Scott and Chess, Benjamin and Clark, Jack and Berner, Christopher and McCandlish, Samuel and Radford, Alec and Sutskever, Ilya and Amodei, Dario},
    journal = {Neural Information Processing Systems},
    year = {2020}
}

@article{normalizing_flows,
    title = {Variational {Inference} with {Normalizing} {Flows}},
    author = {Rezende, Danilo Jimenez and Mohamed, Shakir},
    journal = {arXiv: Machine Learning},
    year = {2015}
}

@inproceedings{ukf,
  title={New extension of the Kalman filter to nonlinear systems},
  author={Simon J. Julier and Jeffrey K. Uhlmann},
  booktitle={Defense, Security, and Sensing},
  year={1997},
  url={https://api.semanticscholar.org/CorpusID:7937456}
}

@article{vision_transformer,
    title = {An Image is Worth 16x16 Words: Transformers for Image Recognition at Scale},
    author = {Dosovitskiy, Alexey and Beyer, Lucas and Kolesnikov, Alexander and Weissenborn, Dirk and Zhai, Xiaohua and Unterthiner, Thomas and Dehghani, Mostafa and Minderer, Matthias and Heigold, Georg and Gelly, Sylvain and Uszkoreit, Jakob and Houlsby, Neil},
    journal = {arXiv: Computer Vision and Pattern Recognition},
    year = {2020}
}