@inproceedings{DP_dwork2012,
  title={Fairness through awareness},
  author={Dwork, Cynthia and Hardt, Moritz and Pitassi, Toniann and Reingold, Omer and Zemel, Richard},
  booktitle={Proceedings of the Conference on Innovations in Theoretical Computer Science},
  pages={214--226},
  year={2012}
}

@article{FairRLSurvey,
  title={Survey on Fair Reinforcement Learning: Theory and Practice},
  author={Pratik Gajane and Akrati Saxena and Maryam Tavakol and George Fletcher and Mykola Pechenizkiy},
  journal={arXiv preprint arXiv:2205.10032},
  year={2022},
}

@inproceedings{SI_kumar2023,
  title={Using Simple Incentives to Improve Two-Sided Fairness in Ridesharing Systems},
  author={Kumar, Ashwin and Vorobeychik, Yevgeniy and Yeoh, William},
  booktitle={Proceedings of the International Conference on Automated Planning and Scheduling},
  year={2023},
  pages={227--235},
}

@article{elmachtoub2022smartPtO,
  title={Smart “predict, then optimize”},
  author={Elmachtoub, Adam N. and Grigas, Paul},
  journal={Management Science},
  volume={68},
  pages={9--26},
  year={2022},
  publisher={INFORMS}
}

@inproceedings{hardt2016equality,
  title={Equality of opportunity in supervised learning},
  author={Hardt, Moritz and Price, Eric and Srebro, Nati},
  booktitle={Proceedings of the Conference on Neural Information Processing Systems},
  year={2016},
  pages={3323--3331}
}

@inproceedings{jiang2019FEN,
  title={Learning fairness in multi-agent systems},
  author={Jiang, Jiechuan and Lu, Zongqing},
  booktitle={Proceedings of the Conference on Neural Information Processing Systems},
  year={2019},
}

@inproceedings{kube2019allocating,
  title={Allocating interventions based on predicted outcomes: A case study on homelessness services},
  author={Kube, Amanda R. and Das, Sanmay and Fowler, Patrick J.},
  booktitle={Proceedings of the AAAI Conference on Artificial Intelligence},
  pages={622--629},
  year={2019}
}

@article{kube2023community,
  title={Community-and data-driven homelessness prevention and service delivery: optimizing for equity},
  author={Kube, Amanda R. and Das, Sanmay and Fowler, Patrick J.},
  journal={Journal of the American Medical Informatics Association},
  volume={30},
  number={6},
  pages={1032--1041},
  year={2023},
}

@article{mehrabi2021MLBiassurvey,
  title={A survey on bias and fairness in machine learning},
  author={Mehrabi, Ninareh and Morstatter, Fred and Saxena, Nripsuta and Lerman, Kristina and Galstyan, Aram},
  journal={ACM Computing Surveys},
  volume={54},
  number={6},
  pages={1--35},
  year={2021},
  publisher={ACM New York, NY, USA}
}

@article{qin2022RLforRides,
  title={Reinforcement learning for ridesharing: An extended survey},
  author={Qin, Zhiwei Tony and Zhu, Hongtu and Ye, Jieping},
  journal={Transportation Research Part C: Emerging Technologies},
  volume={144},
  pages={103852},
  year={2022},
  publisher={Elsevier}
}

@inproceedings{raghavan2020hiringbias,
  title={Mitigating bias in algorithmic hiring: Evaluating claims and practices},
  author={Raghavan, Manish and Barocas, Solon and Kleinberg, Jon and Levy, Karen},
  booktitle={Proceedings of the Conference on Fairness, Accountability, and Transparency},
  pages={469--481},
  year={2020}
}

@inproceedings{shah2020neural,
  title={Neural approximate dynamic programming for on-demand ride-pooling},
  author={Shah, Sanket and Lowalekar, Meghna and Varakantham, Pradeep},
  booktitle={Proceedings of the AAAI Conference on Artificial Intelligence},
  pages={507--515},
  year={2020}
}

@inproceedings{siddique2020MOMDP,
  title={Learning fair policies in multi-objective (deep) reinforcement learning with average and discounted rewards},
  author={Siddique, Umer and Weng, Paul and Zimmer, Matthieu},
  booktitle={Proceedings of the International Conference on Machine Learning},
  pages={8905--8915},
  year={2020},
}

@inproceedings{wang2021PtO,
  title={Learning {MDP}s from features: Predict-then-optimize for sequential decision making by reinforcement learning},
  author={Wang, Kai and Shah, Sanket and Chen, Haipeng and Perrault, Andrew and Doshi-Velez, Finale and Tambe, Milind},
  booktitle={Proceedings of the Conference on Neural Information Processing Systems},
  year={2021},
  pages={8795--8806},
}

@inproceedings{zimmer2021MOMDP,
  title={Learning fair policies in decentralized cooperative multi-agent reinforcement learning},
  author={Zimmer, Matthieu and Glanois, Claire and Siddique, Umer and Weng, Paul},
  booktitle={Proceedings of the International Conference on Machine Learning},
  pages={12967--12978},
  year={2021},
}

