% RLC main.bib Version 2024.1

@book{sutton1998introduction,
    title={Reinforcement Learning: {A}n Introduction},
    author={Sutton, Richard S. and Barto, Andrew G.},
	publisher={The MIT Press},
	year={1998},
	address={Cambridge, MA},
}
@article{CMMDP_de2021,
  title={Constrained Multiagent {Markov} Decision Processes: A Taxonomy of Problems and Algorithms},
  author={De Nijs, Frits and Walraven, Erwin and De Weerdt, Mathijs and Spaan, Matthijs},
  journal={Journal of Artificial Intelligence Research},
  volume={70},
  pages={955--1001},
  year={2021}
}

@inproceedings{sunehag2017VDN,
author = {Sunehag, Peter and Lever, Guy and Gruslys, Audrunas and Czarnecki, Wojciech Marian and Zambaldi, Vinicius and Jaderberg, Max and Lanctot, Marc and Sonnerat, Nicolas and Leibo, Joel Z. and Tuyls, Karl and Graepel, Thore},
title = {Value-Decomposition Networks For Cooperative Multi-Agent Learning Based On Team Reward},
year = {2018},
booktitle = {Proceedings of the Conference on Autonomous Agents and Multiagent Systems},
pages = {2085--2087},
}

@article{rashid2020QMIX,
  title={Monotonic value function factorisation for deep multi-agent reinforcement learning},
  author={Rashid, Tabish and Samvelyan, Mikayel and De Witt, Christian Schroeder and Farquhar, Gregory and Foerster, Jakob and Whiteson, Shimon},
  journal={Journal of Machine Learning Research},
  volume={21},
  number={178},
  pages={1--51},
  year={2020}
}

% Predict-then-optimize
@inproceedings{wang2021PtO,
  title={Learning {MDP}s from features: Predict-then-optimize for sequential decision making by reinforcement learning},
  author={Wang, Kai and Shah, Sanket and Chen, Haipeng and Perrault, Andrew and Doshi-Velez, Finale and Tambe, Milind},
  booktitle={Proceedings of the Conference on Neural Information Processing Systems},
  year={2021},
  pages={8795--8806},
}

@article{elmachtoub2022smartPtO,
  title={Smart “predict, then optimize”},
  author={Elmachtoub, Adam N. and Grigas, Paul},
  journal={Management Science},
  volume={68},
  pages={9--26},
  year={2022},
  publisher={INFORMS}
}



%%% references for DECA
@inproceedings{shah2020neural,
  title={Neural approximate dynamic programming for on-demand ride-pooling},
  author={Shah, Sanket and Lowalekar, Meghna and Varakantham, Pradeep},
  booktitle={Proceedings of the AAAI Conference on Artificial Intelligence},
  pages={507--515},
  year={2020}
}

@article{qin2022RLforRides,
  title={Reinforcement learning for ridesharing: An extended survey},
  author={Qin, Zhiwei Tony and Zhu, Hongtu and Ye, Jieping},
  journal={Transportation Research Part C: Emerging Technologies},
  volume={144},
  pages={103852},
  year={2022},
  publisher={Elsevier}
}

@inproceedings{kube2019allocating,
  title={Allocating interventions based on predicted outcomes: A case study on homelessness services},
  author={Kube, Amanda R. and Das, Sanmay and Fowler, Patrick J.},
  booktitle={Proceedings of the AAAI Conference on Artificial Intelligence},
  pages={622--629},
  year={2019}
}

@article{kube2023community,
  title={Community-and data-driven homelessness prevention and service delivery: optimizing for equity},
  author={Kube, Amanda R. and Das, Sanmay and Fowler, Patrick J.},
  journal={Journal of the American Medical Informatics Association},
  volume={30},
  number={6},
  pages={1032--1041},
  year={2023},
}


@inproceedings{SI_kumar2023,
  title={Using Simple Incentives to Improve Two-Sided Fairness in Ridesharing Systems},
  author={Kumar, Ashwin and Vorobeychik, Yevgeniy and Yeoh, William},
  booktitle={Proceedings of the International Conference on Automated Planning and Scheduling},
  year={2023},
  pages={227--235},
}


@article{ride_alonso, 
    title={On-demand High-capacity Ride-sharing via Dynamic Trip-vehicle Assignment},
    author={Alonso-Mora, Javier and Samaranayake, Samitha and Wallar, Alex and Frazzoli, Emilio and Rus, Daniela}, 
    journal={Proceedings of the National Academy of Sciences}, 
    volume={114}, 
    year={2017}, 
    pages={462--467} 
}

%RL refs
@article{mnih2013playing,
  title={Playing atari with deep reinforcement learning},
  author={Mnih, Volodymyr and Kavukcuoglu, Koray and Silver, David and Graves, Alex and Antonoglou, Ioannis and Wierstra, Daan and Riedmiller, Martin},
  journal={arXiv preprint arXiv:1312.5602},
  year={2013}
}

@inproceedings{van2016DDQN,
author = {Hasselt, Hado van and Guez, Arthur and Silver, David},
title = {Deep reinforcement learning with double {Q}-Learning},
year = {2016},
booktitle = {Proceedings of the AAAI Conference on Artificial Intelligence},
pages = {2094--2100},
}

% RL Fairness
@article{FairRLSurvey,
  title={Survey on Fair Reinforcement Learning: Theory and Practice},
  author={Pratik Gajane and Akrati Saxena and Maryam Tavakol and George Fletcher and Mykola Pechenizkiy},
  journal={arXiv preprint arXiv:2205.10032},
  year={2022},
}

@inproceedings{jiang2019FEN,
  title={Learning fairness in multi-agent systems},
  author={Jiang, Jiechuan and Lu, Zongqing},
  booktitle={Proceedings of the Conference on Neural Information Processing Systems},
  year={2019},
}

@inproceedings{zimmer2021MOMDP,
  title={Learning fair policies in decentralized cooperative multi-agent reinforcement learning},
  author={Zimmer, Matthieu and Glanois, Claire and Siddique, Umer and Weng, Paul},
  booktitle={Proceedings of the International Conference on Machine Learning},
  pages={12967--12978},
  year={2021},
}

@inproceedings{siddique2020MOMDP,
  title={Learning fair policies in multi-objective (deep) reinforcement learning with average and discounted rewards},
  author={Siddique, Umer and Weng, Paul and Zimmer, Matthieu},
  booktitle={Proceedings of the International Conference on Machine Learning},
  pages={8905--8915},
  year={2020},
}



% ML Bias
@article{mehrabi2021MLBiassurvey,
  title={A survey on bias and fairness in machine learning},
  author={Mehrabi, Ninareh and Morstatter, Fred and Saxena, Nripsuta and Lerman, Kristina and Galstyan, Aram},
  journal={ACM Computing Surveys},
  volume={54},
  number={6},
  pages={1--35},
  year={2021},
  publisher={ACM New York, NY, USA}
}
@inproceedings{raghavan2020hiringbias,
  title={Mitigating bias in algorithmic hiring: Evaluating claims and practices},
  author={Raghavan, Manish and Barocas, Solon and Kleinberg, Jon and Levy, Karen},
  booktitle={Proceedings of the Conference on Fairness, Accountability, and Transparency},
  pages={469--481},
  year={2020}
}

@inproceedings{DP_dwork2012,
  title={Fairness through awareness},
  author={Dwork, Cynthia and Hardt, Moritz and Pitassi, Toniann and Reingold, Omer and Zemel, Richard},
  booktitle={Proceedings of the Conference on Innovations in Theoretical Computer Science},
  pages={214--226},
  year={2012}
}

@inproceedings{hardt2016equality,
  title={Equality of opportunity in supervised learning},
  author={Hardt, Moritz and Price, Eric and Srebro, Nati},
  booktitle={Proceedings of the Conference on Neural Information Processing Systems},
  year={2016},
  pages={3323--3331}
}

% matthew effect
@inproceedings{gao2023matthew,
author = {Gao, Chongming and Huang, Kexin and Chen, Jiawei and Zhang, Yuan and Li, Biao and Jiang, Peng and Wang, Shiqi and Zhang, Zhong and He, Xiangnan},
title = {Alleviating Matthew Effect of Offline Reinforcement Learning in Interactive Recommendation},
year = {2023},
booktitle = {Proceedings of the International Conference on Research and Development in Information Retrieval},
pages = {238--248},
}

@book{rigney2010matthew,
  title={The Matthew Effect: How Advantage Begets Further Advantage},
  author={Rigney, Daniel},
  year={2010},
  publisher={Columbia University Press}
}