@article{anderson2024my,
  title={Is My Data in Your Retrieval Database? Membership Inference Attacks Against Retrieval Augmented Generation},
  author={Anderson, Maya and Amit, Guy and Goldsteen, Abigail},
  journal={arXiv preprint arXiv:2405.20446},
  year={2024}
}

@article{chaudhari2024phantom,
  title={Phantom: General Trigger Attacks on Retrieval Augmented Language Generation},
  author={Chaudhari, Harsh and Severi, Giorgio and Abascal, John and Jagielski, Matthew and Choquette-Choo, Christopher A and Nasr, Milad and Nita-Rotaru, Cristina and Oprea, Alina},
  journal={arXiv preprint arXiv:2405.20485},
  year={2024}
}

@article{chen2024agentpoison,
  title={Agentpoison: Red-teaming llm agents via poisoning memory or knowledge bases},
  author={Chen, Zhaorun and Xiang, Zhen and Xiao, Chaowei and Song, Dawn and Li, Bo},
  journal={arXiv preprint arXiv:2407.12784},
  year={2024}
}

@article{cheng2024trojanrag,
  title={TrojanRAG: Retrieval-Augmented Generation Can Be Backdoor Driver in Large Language Models},
  author={Cheng, Pengzhou and Ding, Yidong and Ju, Tianjie and Wu, Zongru and Du, Wei and Yi, Ping and Zhang, Zhuosheng and Liu, Gongshen},
  journal={arXiv preprint arXiv:2405.13401},
  year={2024}
}

@inproceedings{christ2024undetectable,
  title={Undetectable watermarks for language models},
  author={Christ, Miranda and Gunn, Sam and Zamir, Or},
  booktitle={The Thirty Seventh Annual Conference on Learning Theory},
  pages={1125--1139},
  year={2024},
  organization={PMLR}
}

@article{fu2024gumbelsoft,
  title={GumbelSoft: Diversified Language Model Watermarking via the GumbelMax-trick},
  author={Fu, Jiayi and Zhao, Xuandong and Yang, Ruihan and Zhang, Yuansen and Chen, Jiangjie and Xiao, Yanghua},
  journal={arXiv preprint arXiv:2402.12948},
  year={2024}
}

@article{gao2023retrieval,
  title={Retrieval-augmented generation for large language models: A survey},
  author={Gao, Yunfan and Xiong, Yun and Gao, Xinyu and Jia, Kangxiang and Pan, Jinliu and Bi, Yuxi and Dai, Yi and Sun, Jiawei and Wang, Haofen},
  journal={arXiv preprint arXiv:2312.10997},
  year={2023}
}

@article{giboulot2024watermax,
  title={WaterMax: breaking the LLM watermark detectability-robustness-quality trade-off},
  author={Giboulot, Eva and Furon, Teddy},
  journal={arXiv preprint arXiv:2403.04808},
  year={2024}
}

@article{he2024universally,
  title={Universally Optimal Watermarking Schemes for LLMs: from Theory to Practice},
  author={He, Haiyun and Liu, Yepeng and Wang, Ziqiao and Mao, Yongyi and Bu, Yuheng},
  journal={arXiv preprint arXiv:2410.02890},
  year={2024}
}

@article{he2025dist,
      title={Distributional Information Embedding: A Framework for Multi-bit Watermarking}, 
      author={Haiyun He and Yepeng Liu and Ziqiao Wang and Yongyi Mao and Yuheng Bu},
    journal={arXiv preprint arXiv:2501.16558},
    year={2025}
}

@article{jovanovic2024ward,
  title={Ward: Provable RAG Dataset Inference via LLM Watermarks},
  author={Jovanovi{\'c}, Nikola and Staab, Robin and Baader, Maximilian and Vechev, Martin},
  journal={arXiv preprint arXiv:2410.03537},
  year={2024}
}

@article{karpukhin2020dense,
  title={Dense passage retrieval for open-domain question answering},
  author={Karpukhin, Vladimir and O{\u{g}}uz, Barlas and Min, Sewon and Lewis, Patrick and Wu, Ledell and Edunov, Sergey and Chen, Danqi and Yih, Wen-tau},
  journal={arXiv preprint arXiv:2004.04906},
  year={2020}
}

@inproceedings{kirchenbauer2023watermark,
  title={A watermark for large language models},
  author={Kirchenbauer, John and Geiping, Jonas and Wen, Yuxin and Katz, Jonathan and Miers, Ian and Goldstein, Tom},
  booktitle={International Conference on Machine Learning},
  pages={17061--17084},
  year={2023},
  organization={PMLR}
}

@article{kuditipudi2023robust,
  title={Robust distortion-free watermarks for language models},
  author={Kuditipudi, Rohith and Thickstun, John and Hashimoto, Tatsunori and Liang, Percy},
  journal={arXiv preprint arXiv:2307.15593},
  year={2023}
}

@article{lewis2020retrieval,
  title={Retrieval-augmented generation for knowledge-intensive nlp tasks},
  author={Lewis, Patrick and Perez, Ethan and Piktus, Aleksandra and Petroni, Fabio and Karpukhin, Vladimir and Goyal, Naman and K{\"u}ttler, Heinrich and Lewis, Mike and Yih, Wen-tau and Rockt{\"a}schel, Tim and others},
  journal={Advances in Neural Information Processing Systems},
  volume={33},
  pages={9459--9474},
  year={2020}
}

@article{li2024robust,
  title={Robust detection of watermarks for large language models under human edits},
  author={Li, Xiang and Ruan, Feng and Wang, Huiyuan and Long, Qi and Su, Weijie J},
  journal={arXiv preprint arXiv:2411.13868},
  year={2024}
}

@article{li2024seeing,
  title={Seeing is believing: Black-box membership inference attacks against retrieval augmented generation},
  author={Li, Yuying and Liu, Gaoyang and Yang, Yang and Wang, Chen},
  journal={arXiv e-prints},
  pages={arXiv--2406},
  year={2024}
}

@article{li2024statistical,
  title={A Statistical Framework of Watermarks for Large Language Models: Pivot, Detection Efficiency and Optimal Rules},
  author={Li, Xiang and Ruan, Feng and Wang, Huiyuan and Long, Qi and Su, Weijie J},
  journal={arXiv preprint arXiv:2404.01245},
  year={2024}
}

@article{liu2024adaptive,
  title={Adaptive text watermark for large language models},
  author={Liu, Yepeng and Bu, Yuheng},
  journal={arXiv preprint arXiv:2401.13927},
  year={2024}
}

@article{liu2024mask,
  title={Mask-based membership inference attacks for retrieval-augmented generation},
  author={Liu, Mingrui and Zhang, Sixiao and Long, Cheng},
  journal={arXiv preprint arXiv:2410.20142},
  year={2024}
}

@article{wei2024proving,
  title={Proving membership in LLM pretraining data via data watermarks},
  author={Wei, Johnny Tian-Zheng and Wang, Ryan Yixiang and Jia, Robin},
  journal={arXiv preprint arXiv:2402.10892},
  year={2024}
}

@article{wu2023dipmark,
  title={Dipmark: A stealthy, efficient and resilient watermark for large language models},
  author={Wu, Yihan and Hu, Zhengmian and Zhang, Hongyang and Huang, Heng},
  journal={arXiv preprint arXiv:2310.07710},
  year={2023}
}

@article{xiong2020approximate,
  title={Approximate nearest neighbor negative contrastive learning for dense text retrieval},
  author={Xiong, Lee and Xiong, Chenyan and Li, Ye and Tang, Kwok-Fung and Liu, Jialin and Bennett, Paul and Ahmed, Junaid and Overwijk, Arnold},
  journal={arXiv preprint arXiv:2007.00808},
  year={2020}
}

@article{zhao2023provable,
  title={Provable robust watermarking for ai-generated text},
  author={Zhao, Xuandong and Ananth, Prabhanjan and Li, Lei and Wang, Yu-Xiang},
  journal={arXiv preprint arXiv:2306.17439},
  year={2023}
}

@article{zhao2024permute,
  title={Permute-and-Flip: An optimally robust and watermarkable decoder for LLMs},
  author={Zhao, Xuandong and Li, Lei and Wang, Yu-Xiang},
  journal={arXiv preprint arXiv:2402.05864},
  year={2024}
}

@article{zhao2024sok,
  title={SoK: Watermarking for AI-Generated Content},
  author={Zhao, Xuandong and Gunn, Sam and Christ, Miranda and Fairoze, Jaiden and Fabrega, Andres and Carlini, Nicholas and Garg, Sanjam and Hong, Sanghyun and Nasr, Milad and Tramer, Florian and others},
  journal={arXiv preprint arXiv:2411.18479},
  year={2024}
}

@article{zou2024poisonedrag,
  title={Poisonedrag: Knowledge poisoning attacks to retrieval-augmented generation of large language models},
  author={Zou, Wei and Geng, Runpeng and Wang, Binghui and Jia, Jinyuan},
  journal={arXiv preprint arXiv:2402.07867},
  year={2024}
}

