@inproceedings{NIPS2017_d5e2c0ad,
 author = {Christiano, Paul F and Leike, Jan and Brown, Tom and Martic, Miljan and Legg, Shane and Amodei, Dario},
 booktitle = {Advances in Neural Information Processing Systems},
 editor = {I. Guyon and U. Von Luxburg and S. Bengio and H. Wallach and R. Fergus and S. Vishwanathan and R. Garnett},
 pages = {},
 publisher = {Curran Associates, Inc.},
 title = {Deep Reinforcement Learning from Human Preferences},
 url = {https://proceedings.neurips.cc/paper_files/paper/2017/file/d5e2c0adad503c91f91df240d0cd4e49-Paper.pdf},
 volume = {30},
 year = {2017}
}

@article{Yao_Peng_Weischedel_Knight_Zhao_Yan_2019, title={Plan-and-Write: Towards Better Automatic Storytelling}, 
volume={33}, 
url={https://ojs.aaai.org/index.php/AAAI/article/view/4726}, 
DOI={10.1609/aaai.v33i01.33017378}, 
 number={01}, 
journal={Proceedings of the AAAI Conference on Artificial Intelligence}, 
author={Yao, Lili and Peng, Nanyun and Weischedel, Ralph and Knight, Kevin and Zhao, Dongyan and Yan, Rui}, 
year={2019}, 
month={Jul.}, 
pages={7378-7385} }

@misc{keskar2019ctrlconditionaltransformerlanguage,
      title={CTRL: A Conditional Transformer Language Model for Controllable Generation}, 
      author={Nitish Shirish Keskar and Bryan McCann and Lav R. Varshney and Caiming Xiong and Richard Socher},
      year={2019},
      eprint={1909.05858},
      archivePrefix={arXiv},
      primaryClass={cs.CL},
      url={https://arxiv.org/abs/1909.05858}, 
}

@inproceedings{li-etal-2016-deep,
    title = "Deep Reinforcement Learning for Dialogue Generation",
    author = "Li, Jiwei  and
      Monroe, Will  and
      Ritter, Alan  and
      Jurafsky, Dan  and
      Galley, Michel  and
      Gao, Jianfeng",
    editor = "Su, Jian  and
      Duh, Kevin  and
      Carreras, Xavier",
    booktitle = "Proceedings of the 2016 Conference on Empirical Methods in Natural Language Processing",
    month = nov,
    year = "2016",
    address = "Austin, Texas",
    publisher = "Association for Computational Linguistics",
    url = "https://aclanthology.org/D16-1127/",
    doi = "10.18653/v1/D16-1127",
    pages = "1192--1202"
}

@misc{wei2023chainofthoughtpromptingelicitsreasoning,
      title={Chain-of-Thought Prompting Elicits Reasoning in Large Language Models}, 
      author={Jason Wei and Xuezhi Wang and Dale Schuurmans and Maarten Bosma and Brian Ichter and Fei Xia and Ed Chi and Quoc Le and Denny Zhou},
      year={2023},
      eprint={2201.11903},
      archivePrefix={arXiv},
      primaryClass={cs.CL},
      url={https://arxiv.org/abs/2201.11903}, 
}

@inproceedings{wu-etal-2018-study,
    title = "A Study of Reinforcement Learning for Neural Machine Translation",
    author = "Wu, Lijun  and
      Tian, Fei  and
      Qin, Tao  and
      Lai, Jianhuang  and
      Liu, Tie-Yan",
    editor = "Riloff, Ellen  and
      Chiang, David  and
      Hockenmaier, Julia  and
      Tsujii, Jun{'}ichi",
    booktitle = "Proceedings of the 2018 Conference on Empirical Methods in Natural Language Processing",
    month = oct # "-" # nov,
    year = "2018",
    address = "Brussels, Belgium",
    publisher = "Association for Computational Linguistics",
    url = "https://aclanthology.org/D18-1397/",
    doi = "10.18653/v1/D18-1397",
    pages = "3612--3621",

}

