@misc{aghaei2024,
      title={rKAN: Rational Kolmogorov-Arnold Networks}, 
      author={Alireza Afzal Aghaei},
      year={2024},
      eprint={2406.14495},
      archivePrefix={arXiv},
      primaryClass={cs.LG},
      url={https://arxiv.org/abs/2406.14495}
}

@misc{bodner2024,
      title={Convolutional Kolmogorov-Arnold Networks}, 
      author={Alexander Dylan Bodner and Antonio Santiago Tepsich and Jack Natan Spolski and Santiago Pourteau},
      year={2024},
      eprint={2406.13155},
      archivePrefix={arXiv},
      primaryClass={cs.CV},
      url={https://arxiv.org/abs/2406.13155}, 
}

@misc{bozorgasl2024,
      title={Wav-KAN: Wavelet Kolmogorov-Arnold Networks}, 
      author={Zavareh Bozorgasl and Hao Chen},
      year={2024},
      eprint={2405.12832},
      archivePrefix={arXiv},
      primaryClass={cs.LG},
      url={https://arxiv.org/abs/2405.12832}, 
}

@misc{chen2024larctan,
      title={LArctan-SKAN: Simple and Efficient Single-Parameterized Kolmogorov-Arnold Networks using Learnable Trigonometric Function}, 
      author={Zhijie Chen and Xinglin Zhang},
      year={2024},
      eprint={2410.19360},
      archivePrefix={arXiv},
      primaryClass={cs.AI},
      url={https://arxiv.org/abs/2410.19360}, 
}

@misc{chen2024lss,
      title={LSS-SKAN: Efficient Kolmogorov-Arnold Networks based on Single-Parameterized Function}, 
      author={Zhijie Chen and Xinglin Zhang},
      year={2024},
      eprint={2410.14951},
      archivePrefix={arXiv},
      primaryClass={cs.AI},
      url={https://arxiv.org/abs/2410.14951}, 
}

@misc{hu2024,
      title={Incorporating Arbitrary Matrix Group Equivariance into KANs}, 
      author={Lexiang Hu and Yisen Wang and Zhouchen Lin},
      year={2024},
      eprint={2410.00435},
      archivePrefix={arXiv},
      primaryClass={cs.LG},
      url={https://arxiv.org/abs/2410.00435}, 
}

@article{kolmogorov1957,
  added-at = {2008-03-11T14:52:34.000+0100},
  annote = {jbednar: Expanded journal title from `Dokl.Akad.Nauk.SSSR'},
  author = {Kolmogorov, A. K.},
  biburl = {https://www.bibsonomy.org/bibtex/2c76e344a204d90734460d0cdf71cb311/idsia},
  citeulike-article-id = {2377552},
  interhash = {b7d91335f8c55b61aab25ada4a0e5e3e},
  intrahash = {c76e344a204d90734460d0cdf71cb311},
  journal = {Doklady Akademii Nauk SSSR},
  keywords = {nn},
  pages = {369--373},
  priority = {2},
  timestamp = {2008-03-11T15:03:15.000+0100},
  title = {On the Representation of Continuous Functions of Several Variables by Superposition of Continuous Functions of One Variable and Addition},
  volume = 114,
  year = 1957
}

@misc{li2024,
      title={U-KAN Makes Strong Backbone for Medical Image Segmentation and Generation}, 
      author={Chenxin Li and Xinyu Liu and Wuyang Li and Cheng Wang and Hengyu Liu and Yifan Liu and Zhen Chen and Yixuan Yuan},
      year={2024},
      eprint={2406.02918},
      archivePrefix={arXiv},
      primaryClass={eess.IV},
      url={https://arxiv.org/abs/2406.02918}, 
}

@misc{li2024radial,
      title={Kolmogorov-Arnold Networks are Radial Basis Function Networks}, 
      author={Ziyao Li},
      year={2024},
      eprint={2405.06721},
      archivePrefix={arXiv},
      primaryClass={cs.LG},
      url={https://arxiv.org/abs/2405.06721}, 
}

@misc{liu2024,
      title={KAN: Kolmogorov-Arnold Networks}, 
      author={Ziming Liu and Yixuan Wang and Sachin Vaidya and Fabian Ruehle and James Halverson and Marin Soljačić and Thomas Y. Hou and Max Tegmark},
      year={2024},
      eprint={2404.19756},
      archivePrefix={arXiv},
      primaryClass={cs.LG},
      url={https://arxiv.org/abs/2404.19756}, 
}

@article{peng2024,
   title={Predictive modeling of flexible EHD pumps using Kolmogorov–Arnold Networks},
   volume={4},
   ISSN={2667-3797},
   url={http://dx.doi.org/10.1016/j.birob.2024.100184},
   DOI={10.1016/j.birob.2024.100184},
   number={4},
   journal={Biomimetic Intelligence and Robotics},
   publisher={Elsevier BV},
   author={Peng, Yanhong and Wang, Yuxin and Hu, Fangchao and He, Miao and Mao, Zebing and Huang, Xia and Ding, Jun},
   year={2024},
   month=dec, pages={100184} }

@book{prautzsch2002,
author = {Prautzsch, Hartmut and Boehm, Wolfgang and Paluszny, Marco},
publisher = {Springer Berlin, Heidelberg},
year = {2002},
month = {01},
pages = {59--60},
title = {Bézier and B-Spline Techniques},
isbn = {978-3-642-07842-2},
doi = {10.1007/978-3-662-04919-8}
}

@misc{zheng2025,
      title={Free-Knots Kolmogorov-Arnold Network: On the Analysis of Spline Knots and Advancing Stability}, 
      author={Liangwewi Nathan Zheng and Wei Emma Zhang and Lin Yue and Miao Xu and Olaf Maennel and Weitong Chen},
      year={2025},
      eprint={2501.09283},
      archivePrefix={arXiv},
      primaryClass={cs.LG},
      url={https://arxiv.org/abs/2501.09283}, 
}

