@misc{aghaei2024,
      title={rKAN: Rational Kolmogorov-Arnold Networks}, 
      author={Alireza Afzal Aghaei},
      year={2024},
      eprint={2406.14495},
      archivePrefix={arXiv},
      primaryClass={cs.LG},
      url={https://arxiv.org/abs/2406.14495}
}

@article{blelloch1996,
author = {Blelloch, Guy E.},
title = {Programming parallel algorithms},
year = {1996},
issue_date = {March 1996},
publisher = {Association for Computing Machinery},
address = {New York, NY, USA},
volume = {39},
number = {3},
issn = {0001-0782},
url = {https://doi.org/10.1145/227234.227246},
doi = {10.1145/227234.227246},
journal = {Commun. ACM},
month = mar,
pages = {85–97},
numpages = {13}
}

@misc{bodner2024,
      title={Convolutional Kolmogorov-Arnold Networks}, 
      author={Alexander Dylan Bodner and Antonio Santiago Tepsich and Jack Natan Spolski and Santiago Pourteau},
      year={2024},
      eprint={2406.13155},
      archivePrefix={arXiv},
      primaryClass={cs.CV},
      url={https://arxiv.org/abs/2406.13155}, 
}

@misc{bozorgasl2024,
      title={Wav-KAN: Wavelet Kolmogorov-Arnold Networks}, 
      author={Zavareh Bozorgasl and Hao Chen},
      year={2024},
      eprint={2405.12832},
      archivePrefix={arXiv},
      primaryClass={cs.LG},
      url={https://arxiv.org/abs/2405.12832}, 
}

@misc{chen2024lss,
      title={LSS-SKAN: Efficient Kolmogorov-Arnold Networks based on Single-Parameterized Function}, 
      author={Zhijie Chen and Xinglin Zhang},
      year={2024},
      eprint={2410.14951},
      archivePrefix={arXiv},
      primaryClass={cs.AI},
      url={https://arxiv.org/abs/2410.14951}, 
}

@misc{chen2024larctan,
      title={LArctan-SKAN: Simple and Efficient Single-Parameterized Kolmogorov-Arnold Networks using Learnable Trigonometric Function}, 
      author={Zhijie Chen and Xinglin Zhang},
      year={2024},
      eprint={2410.19360},
      archivePrefix={arXiv},
      primaryClass={cs.AI},
      url={https://arxiv.org/abs/2410.19360}, 
}

@article{cohen1982,
title = {General matrix representations for Bezier and B-spline curves},
journal = {Computers in Industry},
volume = {3},
number = {1},
pages = {9-15},
year = {1982},
note = {Double Issue- In Memory of Steven Anson Coons},
issn = {0166-3615},
doi = {https://doi.org/10.1016/0166-3615(82)90027-6},
url = {https://www.sciencedirect.com/science/article/pii/0166361582900276},
author = {Elaine Cohen and Richard F. Riesenfeld},
keywords = {Bezier curve, open B-spline curve, matrix representation, analogous representation},
abstract = {The matrix representation for a Bezier curve or arbitrary degree is given as well as the analogous representation for the uniform B-spline of arbitrary degree. Special matrices for calculating the uniform open B-spline curve are derived. This form is convenient to implement in hardware or software, particularly if a matrix facility is present.}
}

@misc{decarlo2024,
      title={Kolmogorov-Arnold Graph Neural Networks}, 
      author={Gianluca De Carlo and Andrea Mastropietro and Aris Anagnostopoulos},
      year={2024},
      eprint={2406.18354},
      archivePrefix={arXiv},
      primaryClass={cs.LG},
      url={https://arxiv.org/abs/2406.18354}, 
}

@misc{guo2023,
author = {guo, huayuan and Liu, Minchao and Qin, Guiming and Qin, Kaihuai and He, Kunlun},
year = {2023},
month = {01},
pages = {},
title = {General Matrix Representation for Generalized B-Splines and Its Application},
doi = {10.2139/ssrn.4563829}
}

@Article{gustafson1988,
author = {Gustafson, John L.},
title = {Reevaluating Amdahl's law},
year = {1988},
issue_date = {May 1988},
publisher = {Association for Computing Machinery},
address = {New York, NY, USA},
volume = {31},
number = {5},
issn = {0001-0782},
url = {https://doi.org/10.1145/42411.42415},
doi = {10.1145/42411.42415},
journal = {Commun. ACM},
month = may,
pages = {532–533},
numpages = {2}
}

@misc{hu2024,
      title={Incorporating Arbitrary Matrix Group Equivariance into KANs}, 
      author={Lexiang Hu and Yisen Wang and Zhouchen Lin},
      year={2024},
      eprint={2410.00435},
      archivePrefix={arXiv},
      primaryClass={cs.LG},
      url={https://arxiv.org/abs/2410.00435}, 
}

@misc{jamali2024,
      title={How to Learn More? Exploring Kolmogorov-Arnold Networks for Hyperspectral Image Classification}, 
      author={Ali Jamali and Swalpa Kumar Roy and Danfeng Hong and Bing Lu and Pedram Ghamisi},
      year={2024},
      eprint={2406.15719},
      archivePrefix={arXiv},
      primaryClass={cs.CV},
      url={https://arxiv.org/abs/2406.15719}, 
}

@article{Koenig2024,
   title={KAN-ODEs: Kolmogorov–Arnold network ordinary differential equations for learning dynamical systems and hidden physics},
   volume={432},
   ISSN={0045-7825},
   url={http://dx.doi.org/10.1016/j.cma.2024.117397},
   DOI={10.1016/j.cma.2024.117397},
   journal={Computer Methods in Applied Mechanics and Engineering},
   publisher={Elsevier BV},
   author={Koenig, Benjamin C. and Kim, Suyong and Deng, Sili},
   year={2024},
   month=dec, pages={117397} }

@article{kolmogorov1957,
  added-at = {2008-03-11T14:52:34.000+0100},
  annote = {jbednar: Expanded journal title from `Dokl.Akad.Nauk.SSSR'},
  author = {Kolmogorov, A. K.},
  biburl = {https://www.bibsonomy.org/bibtex/2c76e344a204d90734460d0cdf71cb311/idsia},
  citeulike-article-id = {2377552},
  interhash = {b7d91335f8c55b61aab25ada4a0e5e3e},
  intrahash = {c76e344a204d90734460d0cdf71cb311},
  journal = {Doklady Akademii Nauk SSSR},
  keywords = {nn},
  pages = {369--373},
  priority = {2},
  timestamp = {2008-03-11T15:03:15.000+0100},
  title = {On the Representation of Continuous Functions of Several Variables by Superposition of Continuous Functions of One Variable and Addition},
  volume = 114,
  year = 1957
}

@misc{li2024radial,
      title={Kolmogorov-Arnold Networks are Radial Basis Function Networks}, 
      author={Ziyao Li},
      year={2024},
      eprint={2405.06721},
      archivePrefix={arXiv},
      primaryClass={cs.LG},
      url={https://arxiv.org/abs/2405.06721}, 
}

@misc{li2024,
      title={U-KAN Makes Strong Backbone for Medical Image Segmentation and Generation}, 
      author={Chenxin Li and Xinyu Liu and Wuyang Li and Cheng Wang and Hengyu Liu and Yifan Liu and Zhen Chen and Yixuan Yuan},
      year={2024},
      eprint={2406.02918},
      archivePrefix={arXiv},
      primaryClass={eess.IV},
      url={https://arxiv.org/abs/2406.02918}, 
}

@misc{liuchen2025,
      title={Kolmogorov Arnold Neural Interpolator for Downscaling and Correcting Meteorological Fields from In-Situ Observations}, 
      author={Zili Liu and Hao Chen and Lei Bai and Wenyuan Li and Zhengxia Zou and Zhenwei Shi},
      year={2025},
      eprint={2501.14404},
      archivePrefix={arXiv},
      primaryClass={cs.CV},
      url={https://arxiv.org/abs/2501.14404}, 
}

@misc{liu2024,
      title={KAN: Kolmogorov-Arnold Networks}, 
      author={Ziming Liu and Yixuan Wang and Sachin Vaidya and Fabian Ruehle and James Halverson and Marin Soljačić and Thomas Y. Hou and Max Tegmark},
      year={2024},
      eprint={2404.19756},
      archivePrefix={arXiv},
      primaryClass={cs.LG},
      url={https://arxiv.org/abs/2404.19756}, 
}

@misc{pykan,
author = {Ziming Liu and Yixuan Wang and Sachin Vaidya and Fabian Ruehle and James Halverson and Marin Soljačić and Thomas Y. Hou and Max Tegmark},
title = {pykan},
howpublished = {\url{https://github.com/kindxiaoming/pykan}},
note = {Accessed: January 28, 2025},
year = {2024}
}

@article{peng2024,
   title={Predictive modeling of flexible EHD pumps using Kolmogorov–Arnold Networks},
   volume={4},
   ISSN={2667-3797},
   url={http://dx.doi.org/10.1016/j.birob.2024.100184},
   DOI={10.1016/j.birob.2024.100184},
   number={4},
   journal={Biomimetic Intelligence and Robotics},
   publisher={Elsevier BV},
   author={Peng, Yanhong and Wang, Yuxin and Hu, Fangchao and He, Miao and Mao, Zebing and Huang, Xia and Ding, Jun},
   year={2024},
   month=dec, pages={100184} }

@book{prautzsch2002,
author = {Prautzsch, Hartmut and Boehm, Wolfgang and Paluszny, Marco},
publisher = {Springer Berlin, Heidelberg},
year = {2002},
month = {01},
pages = {59--60},
title = {Bézier and B-Spline Techniques},
isbn = {978-3-642-07842-2},
doi = {10.1007/978-3-662-04919-8}
}

@article{qin1998,
  title={General matrix representations for B-splines},
  author={Kaihuai Qin},
  journal={The Visual Computer},
  year={1998},
  volume={16},
  pages={177-186},
  url={https://api.semanticscholar.org/CorpusID:26401557}
}

@misc{samadi2024,
      title={Smooth Kolmogorov Arnold networks enabling structural knowledge representation}, 
      author={Moein E. Samadi and Younes Müller and Andreas Schuppert},
      year={2024},
      eprint={2405.11318},
      archivePrefix={arXiv},
      primaryClass={cs.LG},
      url={https://arxiv.org/abs/2405.11318}, 
}

@misc{yu2024,
      title={Residual Kolmogorov-Arnold Network for Enhanced Deep Learning}, 
      author={Ray Congrui Yu and Sherry Wu and Jiang Gui},
      year={2024},
      eprint={2410.05500},
      archivePrefix={arXiv},
      primaryClass={cs.CV},
      url={https://arxiv.org/abs/2410.05500}, 
}

@misc{zheng2025,
      title={Free-Knots Kolmogorov-Arnold Network: On the Analysis of Spline Knots and Advancing Stability}, 
      author={Liangwewi Nathan Zheng and Wei Emma Zhang and Lin Yue and Miao Xu and Olaf Maennel and Weitong Chen},
      year={2025},
      eprint={2501.09283},
      archivePrefix={arXiv},
      primaryClass={cs.LG},
      url={https://arxiv.org/abs/2501.09283}, 
}

@misc{zhou2024,
      title={KAN-AD: Time Series Anomaly Detection with Kolmogorov-Arnold Networks}, 
      author={Quan Zhou and Changhua Pei and Fei Sun and Jing Han and Zhengwei Gao and Dan Pei and Haiming Zhang and Gaogang Xie and Jianhui Li},
      year={2024},
      eprint={2411.00278},
      archivePrefix={arXiv},
      primaryClass={cs.LG},
      url={https://arxiv.org/abs/2411.00278}, 
}
