% Use this file for citations not found in the ACL Anthology (contained in "anthology.bib").

@article{achiam2023gpt,
  title={Gpt-4 technical report},
  author={Achiam, Josh and Adler, Steven and Agarwal, Sandhini and Ahmad, Lama and Akkaya, Ilge and Aleman, Florencia Leoni and Almeida, Diogo and Altenschmidt, Janko and Altman, Sam and Anadkat, Shyamal and others},
  journal={arXiv preprint arXiv:2303.08774},
  year={2023}
}

@article{team2024gemini,
  title={Gemini 1.5: Unlocking multimodal understanding across millions of tokens of context},
  author={Team, Gemini and Georgiev, Petko and Lei, Ving Ian and Burnell, Ryan and Bai, Libin and Gulati, Anmol and Tanzer, Garrett and Vincent, Damien and Pan, Zhufeng and Wang, Shibo and others},
  journal={arXiv preprint arXiv:2403.05530},
  year={2024}
}

@article{wang2022self,
  title={Self-consistency improves chain of thought reasoning in language models},
  author={Wang, Xuezhi and Wei, Jason and Schuurmans, Dale and Le, Quoc and Chi, Ed and Narang, Sharan and Chowdhery, Aakanksha and Zhou, Denny},
  journal={arXiv preprint arXiv:2203.11171},
  year={2022}
}

@article{liu2024deepseek,
  title={Deepseek-v3 technical report},
  author={Liu, Aixin and Feng, Bei and Xue, Bing and Wang, Bingxuan and Wu, Bochao and Lu, Chengda and Zhao, Chenggang and Deng, Chengqi and Zhang, Chenyu and Ruan, Chong and others},
  journal={arXiv preprint arXiv:2412.19437},
  year={2024}
}

@article{peng2023yarn,
  title={Yarn: Efficient context window extension of large language models},
  author={Peng, Bowen and Quesnelle, Jeffrey and Fan, Honglu and Shippole, Enrico},
  journal={arXiv preprint arXiv:2309.00071},
  year={2023}
}

@article{chen2023extending,
  title={Extending context window of large language models via positional interpolation},
  author={Chen, Shouyuan and Wong, Sherman and Chen, Liangjian and Tian, Yuandong},
  journal={arXiv preprint arXiv:2306.15595},
  year={2023}
}

@article{hsieh2024ruler,
  title={RULER: What's the Real Context Size of Your Long-Context Language Models?},
  author={Hsieh, Cheng-Ping and Sun, Simeng and Kriman, Samuel and Acharya, Shantanu and Rekesh, Dima and Jia, Fei and Zhang, Yang and Ginsburg, Boris},
  journal={arXiv preprint arXiv:2404.06654},
  year={2024}
}

@article{bai2024longbench,
  title={LongBench v2: Towards Deeper Understanding and Reasoning on Realistic Long-context Multitasks},
  author={Bai, Yushi and Tu, Shangqing and Zhang, Jiajie and Peng, Hao and Wang, Xiaozhi and Lv, Xin and Cao, Shulin and Xu, Jiazheng and Hou, Lei and Dong, Yuxiao and others},
  journal={arXiv preprint arXiv:2412.15204},
  year={2024}
}

@article{bai2023longbench,
  title={Longbench: A bilingual, multitask benchmark for long context understanding},
  author={Bai, Yushi and Lv, Xin and Zhang, Jiajie and Lyu, Hongchang and Tang, Jiankai and Huang, Zhidian and Du, Zhengxiao and Liu, Xiao and Zeng, Aohan and Hou, Lei and others},
  journal={arXiv preprint arXiv:2308.14508},
  year={2023}
}

@inproceedings{zhang2024bench,
  title={∞ Bench: Extending long context evaluation beyond 100k tokens},
  author={Zhang, Xinrong and Chen, Yingfa and Hu, Shengding and Xu, Zihang and Chen, Junhao and Hao, Moo and Han, Xu and Thai, Zhen and Wang, Shuo and Liu, Zhiyuan and others},
  booktitle={Proceedings of the 62nd Annual Meeting of the Association for Computational Linguistics (Volume 1: Long Papers)},
  pages={15262--15277},
  year={2024}
}

@article{zhang2024mm,
  title={Mm-llms: Recent advances in multimodal large language models},
  author={Zhang, Duzhen and Yu, Yahan and Dong, Jiahua and Li, Chenxing and Su, Dan and Chu, Chenhui and Yu, Dong},
  journal={arXiv preprint arXiv:2401.13601},
  year={2024}
}

@article{touvron2023llama,
  title={Llama: Open and efficient foundation language models},
  author={Touvron, Hugo and Lavril, Thibaut and Izacard, Gautier and Martinet, Xavier and Lachaux, Marie-Anne and Lacroix, Timoth{\'e}e and Rozi{\`e}re, Baptiste and Goyal, Naman and Hambro, Eric and Azhar, Faisal and others},
  journal={arXiv preprint arXiv:2302.13971},
  year={2023}
}

@article{jiang2023mistral,
  title={Mistral 7B},
  author={Jiang, Albert Q and Sablayrolles, Alexandre and Mensch, Arthur and Bamford, Chris and Chaplot, Devendra Singh and Casas, Diego de las and Bressand, Florian and Lengyel, Gianna and Lample, Guillaume and Saulnier, Lucile and others},
  journal={arXiv preprint arXiv:2310.06825},
  year={2023}
}

@article{glm2024chatglm,
  title={Chatglm: A family of large language models from glm-130b to glm-4 all tools},
  author={GLM, Team and Zeng, Aohan and Xu, Bin and Wang, Bowen and Zhang, Chenhui and Yin, Da and Zhang, Dan and Rojas, Diego and Feng, Guanyu and Zhao, Hanlin and others},
  journal={arXiv preprint arXiv:2406.12793},
  year={2024}
}

@article{bai2023qwen_vl,
  title={Qwen-vl: A frontier large vision-language model with versatile abilities},
  author={Bai, Jinze and Bai, Shuai and Yang, Shusheng and Wang, Shijie and Tan, Sinan and Wang, Peng and Lin, Junyang and Zhou, Chang and Zhou, Jingren},
  journal={arXiv preprint arXiv:2308.12966},
  year={2023}
}

@article{yang2024qwen2,
  title={Qwen2. 5 Technical Report},
  author={Yang, An and Yang, Baosong and Zhang, Beichen and Hui, Binyuan and Zheng, Bo and Yu, Bowen and Li, Chengyuan and Liu, Dayiheng and Huang, Fei and Wei, Haoran and others},
  journal={arXiv preprint arXiv:2412.15115},
  year={2024}
}

@article{chiang2023vicuna,
  title={Vicuna: An open-source chatbot impressing gpt-4 with 90\%* chatgpt quality},
  author={Chiang, Wei-Lin and Li, Zhuohan and Lin, Zi and Sheng, Ying and Wu, Zhanghao and Zhang, Hao and Zheng, Lianmin and Zhuang, Siyuan and Zhuang, Yonghao and Gonzalez, Joseph E and others},
  journal={See https://vicuna. lmsys. org (accessed 14 April 2023)},
  volume={2},
  number={3},
  pages={6},
  year={2023}
}

@article{roziere2023code,
  title={Code llama: Open foundation models for code},
  author={Roziere, Baptiste and Gehring, Jonas and Gloeckle, Fabian and Sootla, Sten and Gat, Itai and Tan, Xiaoqing Ellen and Adi, Yossi and Liu, Jingyu and Sauvestre, Romain and Remez, Tal and others},
  journal={arXiv preprint arXiv:2308.12950},
  year={2023}
}


@article{fabbri2019multi,
  title={Multi-news: A large-scale multi-document summarization dataset and abstractive hierarchical model},
  author={Fabbri, Alexander R and Li, Irene and She, Tianwei and Li, Suyi and Radev, Dragomir R},
  journal={arXiv preprint arXiv:1906.01749},
  year={2019}
}

@article{liu2024lost,
  title={Lost in the middle: How language models use long contexts},
  author={Liu, Nelson F and Lin, Kevin and Hewitt, John and Paranjape, Ashwin and Bevilacqua, Michele and Petroni, Fabio and Liang, Percy},
  journal={Transactions of the Association for Computational Linguistics},
  volume={12},
  pages={157--173},
  year={2024},
  publisher={MIT Press One Broadway, 12th Floor, Cambridge, Massachusetts 02142, USA~…}
}

@article{zhong2024evaluation,
  title={Evaluation of openai o1: Opportunities and challenges of agi},
  author={Zhong, Tianyang and Liu, Zhengliang and Pan, Yi and Zhang, Yutong and Zhou, Yifan and Liang, Shizhe and Wu, Zihao and Lyu, Yanjun and Shu, Peng and Yu, Xiaowei and others},
  journal={arXiv preprint arXiv:2409.18486},
  year={2024}
}

@article{wei2022chain,
  title={Chain-of-thought prompting elicits reasoning in large language models},
  author={Wei, Jason and Wang, Xuezhi and Schuurmans, Dale and Bosma, Maarten and Xia, Fei and Chi, Ed and Le, Quoc V and Zhou, Denny and others},
  journal={Advances in neural information processing systems},
  volume={35},
  pages={24824--24837},
  year={2022}
}

@article{openai-o1,
  title={Learning to reason with llms},
  author={OpenAI},
  year={2024},
  journal={https://openai.com/index/learning-to-reason-with-llms/.}
}


@article{dubey2024llama,
  title={The llama 3 herd of models},
  author={Dubey, Abhimanyu and Jauhri, Abhinav and Pandey, Abhinav and Kadian, Abhishek and Al-Dahle, Ahmad and Letman, Aiesha and Mathur, Akhil and Schelten, Alan and Yang, Amy and Fan, Angela and others},
  journal={arXiv preprint arXiv:2407.21783},
  year={2024}
}


@article{command,
  title={Command r: Retrieval-augmented generation at production scale},
  author={Cohere},
  year={2024},
  journal={https://txt.cohere.com/command-r.}
}


@article{qwen2.5-1m,
  title={Qwen2.5-1M: Deploy Your Own Qwen with Context Length up to 1M Tokens},
  author={Qwen Team},
  year={2025},
  journal={https://qwenlm.github.io/blog/qwen2.5-1m/}
}

@article{vaswani2017attention,
  title={Attention is all you need},
  author={Vaswani, A},
  journal={Advances in Neural Information Processing Systems},
  year={2017}
}


@article{wang2024beyond,
  title={Beyond the limits: A survey of techniques to extend the context length in large language models},
  author={Wang, Xindi and Salmani, Mahsa and Omidi, Parsa and Ren, Xiangyu and Rezagholizadeh, Mehdi and Eshaghi, Armaghan},
  journal={arXiv preprint arXiv:2402.02244},
  year={2024}
}

@article{gao2024train,
  title={How to train long-context language models (effectively)},
  author={Gao, Tianyu and Wettig, Alexander and Yen, Howard and Chen, Danqi},
  journal={arXiv preprint arXiv:2410.02660},
  year={2024}
}

@article{xiao2023efficient,
  title={Efficient streaming language models with attention sinks},
  author={Xiao, Guangxuan and Tian, Yuandong and Chen, Beidi and Han, Song and Lewis, Mike},
  journal={arXiv preprint arXiv:2309.17453},
  year={2023}
}


@article{zhang2023h2o,
  title={H2o: Heavy-hitter oracle for efficient generative inference of large language models},
  author={Zhang, Zhenyu and Sheng, Ying and Zhou, Tianyi and Chen, Tianlong and Zheng, Lianmin and Cai, Ruisi and Song, Zhao and Tian, Yuandong and R{\'e}, Christopher and Barrett, Clark and others},
  journal={Advances in Neural Information Processing Systems},
  volume={36},
  pages={34661--34710},
  year={2023}
}


@article{kim2024infinipot,
  title={Infinipot: Infinite context processing on memory-constrained llms},
  author={Kim, Minsoo and Shim, Kyuhong and Choi, Jungwook and Chang, Simyung},
  journal={arXiv preprint arXiv:2410.01518},
  year={2024}
}

@article{li2024snapkv,
  title={Snapkv: Llm knows what you are looking for before generation},
  author={Li, Yuhong and Huang, Yingbing and Yang, Bowen and Venkitesh, Bharat and Locatelli, Acyr and Ye, Hanchen and Cai, Tianle and Lewis, Patrick and Chen, Deming},
  journal={arXiv preprint arXiv:2404.14469},
  year={2024}
}

@article{cai2024pyramidkv,
  title={Pyramidkv: Dynamic kv cache compression based on pyramidal information funneling},
  author={Cai, Zefan and Zhang, Yichi and Gao, Bofei and Liu, Yuliang and Liu, Tianyu and Lu, Keming and Xiong, Wayne and Dong, Yue and Chang, Baobao and Hu, Junjie and others},
  journal={arXiv preprint arXiv:2406.02069},
  year={2024}
}

@article{zhou2024dynamickv,
  title={DynamicKV: Task-Aware Adaptive KV Cache Compression for Long Context LLMs},
  author={Zhou, Xiabin and Wang, Wenbin and Zeng, Minyan and Guo, Jiaxian and Liu, Xuebo and Shen, Li and Zhang, Min and Ding, Liang},
  journal={arXiv preprint arXiv:2412.14838},
  year={2024}
}

@inproceedings{
qin2025cake,
title={{CAKE}: Cascading and Adaptive {KV} Cache Eviction with Layer Preferences},
author={Ziran Qin and Yuchen Cao and Mingbao Lin and Wen Hu and Shixuan Fan and Ke Cheng and Weiyao Lin and Jianguo Li},
booktitle={The Thirteenth International Conference on Learning Representations},
year={2025},
url={https://openreview.net/forum?id=EQgEMAD4kv}
}

@inproceedings{xiao2024infllm,
  title={Infllm: Training-free long-context extrapolation for llms with an efficient context memory},
  author={Xiao, Chaojun and Zhang, Pengle and Han, Xu and Xiao, Guangxuan and Lin, Yankai and Zhang, Zhengyan and Liu, Zhiyuan and Sun, Maosong},
  booktitle={The Thirty-eighth Annual Conference on Neural Information Processing Systems},
  year={2024}
}

@article{he2024camelot,
  title={CAMELoT: Towards Large Language Models with Training-Free Consolidated Associative Memory},
  author={He, Zexue and Karlinsky, Leonid and Kim, Donghyun and McAuley, Julian and Krotov, Dmitry and Feris, Rogerio},
  journal={arXiv preprint arXiv:2402.13449},
  year={2024}
}

@article{munkhdalai2024leave,
  title={Leave no context behind: Efficient infinite context transformers with infini-attention},
  author={Munkhdalai, Tsendsuren and Faruqui, Manaal and Gopal, Siddharth},
  journal={arXiv preprint arXiv:2404.07143},
  year={2024}
}

@article{gao2023retrieval,
  title={Retrieval-augmented generation for large language models: A survey},
  author={Gao, Yunfan and Xiong, Yun and Gao, Xinyu and Jia, Kangxiang and Pan, Jinliu and Bi, Yuxi and Dai, Yi and Sun, Jiawei and Wang, Haofen},
  journal={arXiv preprint arXiv:2312.10997},
  year={2023}
}

@article{soh2024you,
  title={You Only Use Reactive Attention Slice For Long Context Retrieval},
  author={Soh, Yun Joon and Huang, Hanxian and Tian, Yuandong and Zhao, Jishen},
  journal={arXiv preprint arXiv:2409.13695},
  year={2024}
}

@article{zhao2024retrieval,
  title={Retrieval-augmented generation for ai-generated content: A survey},
  author={Zhao, Penghao and Zhang, Hailin and Yu, Qinhan and Wang, Zhengren and Geng, Yunteng and Fu, Fangcheng and Yang, Ling and Zhang, Wentao and Cui, Bin},
  journal={arXiv preprint arXiv:2402.19473},
  year={2024}
}

@article{fu2024data,
  title={Data engineering for scaling language models to 128k context},
  author={Fu, Yao and Panda, Rameswar and Niu, Xinyao and Yue, Xiang and Hajishirzi, Hannaneh and Kim, Yoon and Peng, Hao},
  journal={arXiv preprint arXiv:2402.10171},
  year={2024}
}


@article{cai2024internlm2,
  title={Internlm2 technical report},
  author={Cai, Zheng and Cao, Maosong and Chen, Haojiong and Chen, Kai and Chen, Keyu and Chen, Xin and Chen, Xun and Chen, Zehui and Chen, Zhi and Chu, Pei and others},
  journal={arXiv preprint arXiv:2403.17297},
  year={2024}
}

@article{hwang2024transformerfam,
  title={TransformerFAM: Feedback attention is working memory},
  author={Hwang, Dongseong and Wang, Weiran and Huo, Zhuoyuan and Sim, Khe Chai and Mengibar, Pedro Moreno},
  journal={arXiv preprint arXiv:2404.09173},
  year={2024}
}


@article{chen2023longlora,
  title={Longlora: Efficient fine-tuning of long-context large language models},
  author={Chen, Yukang and Qian, Shengju and Tang, Haotian and Lai, Xin and Liu, Zhijian and Han, Song and Jia, Jiaya},
  journal={arXiv preprint arXiv:2309.12307},
  year={2023}
}

@article{su2024roformer,
  title={Roformer: Enhanced transformer with rotary position embedding},
  author={Su, Jianlin and Ahmed, Murtadha and Lu, Yu and Pan, Shengfeng and Bo, Wen and Liu, Yunfeng},
  journal={Neurocomputing},
  volume={568},
  pages={127063},
  year={2024},
  publisher={Elsevier}
}

@article{xiong2023effective,
  title={Effective long-context scaling of foundation models},
  author={Xiong, Wenhan and Liu, Jingyu and Molybog, Igor and Zhang, Hejia and Bhargava, Prajjwal and Hou, Rui and Martin, Louis and Rungta, Rashi and Sankararaman, Karthik Abinav and Oguz, Barlas and others},
  journal={arXiv preprint arXiv:2309.16039},
  year={2023}
}

@article{hu2021lora,
  title={Lora: Low-rank adaptation of large language models},
  author={Hu, Edward J and Shen, Yelong and Wallis, Phillip and Allen-Zhu, Zeyuan and Li, Yuanzhi and Wang, Shean and Wang, Lu and Chen, Weizhu},
  journal={arXiv preprint arXiv:2106.09685},
  year={2021}
}

@article{jin2024llm,
  title={Llm maybe longlm: Self-extend llm context window without tuning},
  author={Jin, Hongye and Han, Xiaotian and Yang, Jingfeng and Jiang, Zhimeng and Liu, Zirui and Chang, Chia-Yuan and Chen, Huiyuan and Hu, Xia},
  journal={arXiv preprint arXiv:2401.01325},
  year={2024}
}


@article{xiao2024duoattention,
  title={Duoattention: Efficient long-context llm inference with retrieval and streaming heads},
  author={Xiao, Guangxuan and Tang, Jiaming and Zuo, Jingwei and Guo, Junxian and Yang, Shang and Tang, Haotian and Fu, Yao and Han, Song},
  journal={arXiv preprint arXiv:2410.10819},
  year={2024}
}


@article{yu2024defense,
  title={In defense of rag in the era of long-context language models},
  author={Yu, Tan and Xu, Anbang and Akkiraju, Rama},
  journal={arXiv preprint arXiv:2409.01666},
  year={2024}
}

@article{Kočiský_Schwarz_Blunsom_Dyer_Hermann_Melis_Grefenstette_2018,   title={The NarrativeQA Reading Comprehension Challenge},  url={http://dx.doi.org/10.1162/tacl_a_00023},  DOI={10.1162/tacl_a_00023},  journal={Transactions of the Association for Computational Linguistics},  author={Kočiský, Tomáš and Schwarz, Jonathan and Blunsom, Phil and Dyer, Chris and Hermann, Karl Moritz and Melis, Gábor and Grefenstette, Edward},  year={2018},  month={Dec},  pages={317–328},  language={en-US}  }

@inproceedings{Dasigi_Lo_Beltagy_Cohan_Smith_Gardner_2021,   title={A Dataset of Information-Seeking Questions and Answers Anchored in Research Papers},  url={http://dx.doi.org/10.18653/v1/2021.naacl-main.365},  DOI={10.18653/v1/2021.naacl-main.365},  booktitle={Proceedings of the 2021 Conference of the North American Chapter of the Association for Computational Linguistics: Human Language Technologies},  author={Dasigi, Pradeep and Lo, Kyle and Beltagy, Iz and Cohan, Arman and Smith, Noah A. and Gardner, Matt},  year={2021},  month={Jan},  language={en-US}  }

@inproceedings{Yang_Qi_Zhang_Bengio_Cohen_Salakhutdinov_Manning_2018,   title={HotpotQA: A Dataset for Diverse, Explainable Multi-hop Question Answering},  url={http://dx.doi.org/10.18653/v1/d18-1259},  DOI={10.18653/v1/d18-1259},  booktitle={Proceedings of the 2018 Conference on Empirical Methods in Natural Language Processing},  author={Yang, Zhilin and Qi, Peng and Zhang, Saizheng and Bengio, Yoshua and Cohen, William and Salakhutdinov, Ruslan and Manning, Christopher D.},  year={2018},  month={Jan},  language={en-US}  }

@article{ho2020mutltihopqa,
  title={Constructing a multi-hop QA dataset for comprehensive evaluation of reasoning steps},
  author={Ho, Xanh and Nguyen, Anh-Khoa Duong and Sugawara, Saku and Aizawa, Akiko},
  journal={arXiv preprint arXiv:2011.01060},
  year={2020}
}

@article{huang2021government_report,
  title={Efficient attentions for long document summarization},
  author={Huang, Luyang and Cao, Shuyang and Parulian, Nikolaus and Ji, Heng and Wang, Lu},
  journal={arXiv preprint arXiv:2104.02112},
  year={2021}
}

@article{zhong2021qmsum,
  title={QMSum: A new benchmark for query-based multi-domain meeting summarization},
  author={Zhong, Ming and Yin, Da and Yu, Tao and Zaidi, Ahmad and Mutuma, Mutethia and Jha, Rahul and Awadallah, Ahmed Hassan and Celikyilmaz, Asli and Liu, Yang and Qiu, Xipeng and others},
  journal={arXiv preprint arXiv:2104.05938},
  year={2021}
}

@article{fabbri2019multi_news,
  title={Multi-news: A large-scale multi-document summarization dataset and abstractive hierarchical model},
  author={Fabbri, Alexander R and Li, Irene and She, Tianwei and Li, Suyi and Radev, Dragomir R},
  journal={arXiv preprint arXiv:1906.01749},
  year={2019}
}
