@article{cai2024internlm2,
  title={Internlm2 technical report},
  author={Cai, Zheng and Cao, Maosong and Chen, Haojiong and Chen, Kai and Chen, Keyu and Chen, Xin and Chen, Xun and Chen, Zehui and Chen, Zhi and Chu, Pei and others},
  journal={arXiv preprint arXiv:2403.17297},
  year={2024}
}

@article{cai2024pyramidkv,
  title={Pyramidkv: Dynamic kv cache compression based on pyramidal information funneling},
  author={Cai, Zefan and Zhang, Yichi and Gao, Bofei and Liu, Yuliang and Liu, Tianyu and Lu, Keming and Xiong, Wayne and Dong, Yue and Chang, Baobao and Hu, Junjie and others},
  journal={arXiv preprint arXiv:2406.02069},
  year={2024}
}

@article{chen2023longlora,
  title={Longlora: Efficient fine-tuning of long-context large language models},
  author={Chen, Yukang and Qian, Shengju and Tang, Haotian and Lai, Xin and Liu, Zhijian and Han, Song and Jia, Jiaya},
  journal={arXiv preprint arXiv:2309.12307},
  year={2023}
}

@article{command,
  title={Command r: Retrieval-augmented generation at production scale},
  author={Cohere},
  year={2024},
  journal={https://txt.cohere.com/command-r.}
}

@article{hu2021lora,
  title={Lora: Low-rank adaptation of large language models},
  author={Hu, Edward J and Shen, Yelong and Wallis, Phillip and Allen-Zhu, Zeyuan and Li, Yuanzhi and Wang, Shean and Wang, Lu and Chen, Weizhu},
  journal={arXiv preprint arXiv:2106.09685},
  year={2021}
}

@article{hwang2024transformerfam,
  title={TransformerFAM: Feedback attention is working memory},
  author={Hwang, Dongseong and Wang, Weiran and Huo, Zhuoyuan and Sim, Khe Chai and Mengibar, Pedro Moreno},
  journal={arXiv preprint arXiv:2404.09173},
  year={2024}
}

@article{jin2024llm,
  title={Llm maybe longlm: Self-extend llm context window without tuning},
  author={Jin, Hongye and Han, Xiaotian and Yang, Jingfeng and Jiang, Zhimeng and Liu, Zirui and Chang, Chia-Yuan and Chen, Huiyuan and Hu, Xia},
  journal={arXiv preprint arXiv:2401.01325},
  year={2024}
}

@article{kim2024infinipot,
  title={Infinipot: Infinite context processing on memory-constrained llms},
  author={Kim, Minsoo and Shim, Kyuhong and Choi, Jungwook and Chang, Simyung},
  journal={arXiv preprint arXiv:2410.01518},
  year={2024}
}

@article{li2024snapkv,
  title={Snapkv: Llm knows what you are looking for before generation},
  author={Li, Yuhong and Huang, Yingbing and Yang, Bowen and Venkitesh, Bharat and Locatelli, Acyr and Ye, Hanchen and Cai, Tianle and Lewis, Patrick and Chen, Deming},
  journal={arXiv preprint arXiv:2404.14469},
  year={2024}
}

@article{su2024roformer,
  title={Roformer: Enhanced transformer with rotary position embedding},
  author={Su, Jianlin and Ahmed, Murtadha and Lu, Yu and Pan, Shengfeng and Bo, Wen and Liu, Yunfeng},
  journal={Neurocomputing},
  volume={568},
  pages={127063},
  year={2024},
  publisher={Elsevier}
}

@article{xiao2023efficient,
  title={Efficient streaming language models with attention sinks},
  author={Xiao, Guangxuan and Tian, Yuandong and Chen, Beidi and Han, Song and Lewis, Mike},
  journal={arXiv preprint arXiv:2309.17453},
  year={2023}
}

@article{xiao2024duoattention,
  title={Duoattention: Efficient long-context llm inference with retrieval and streaming heads},
  author={Xiao, Guangxuan and Tang, Jiaming and Zuo, Jingwei and Guo, Junxian and Yang, Shang and Tang, Haotian and Fu, Yao and Han, Song},
  journal={arXiv preprint arXiv:2410.10819},
  year={2024}
}

@article{xiong2023effective,
  title={Effective long-context scaling of foundation models},
  author={Xiong, Wenhan and Liu, Jingyu and Molybog, Igor and Zhang, Hejia and Bhargava, Prajjwal and Hou, Rui and Martin, Louis and Rungta, Rashi and Sankararaman, Karthik Abinav and Oguz, Barlas and others},
  journal={arXiv preprint arXiv:2309.16039},
  year={2023}
}

@article{zhang2023h2o,
  title={H2o: Heavy-hitter oracle for efficient generative inference of large language models},
  author={Zhang, Zhenyu and Sheng, Ying and Zhou, Tianyi and Chen, Tianlong and Zheng, Lianmin and Cai, Ruisi and Song, Zhao and Tian, Yuandong and R{\'e}, Christopher and Barrett, Clark and others},
  journal={Advances in Neural Information Processing Systems},
  volume={36},
  pages={34661--34710},
  year={2023}
}

@article{zhou2024dynamickv,
  title={DynamicKV: Task-Aware Adaptive KV Cache Compression for Long Context LLMs},
  author={Zhou, Xiabin and Wang, Wenbin and Zeng, Minyan and Guo, Jiaxian and Liu, Xuebo and Shen, Li and Zhang, Min and Ding, Liang},
  journal={arXiv preprint arXiv:2412.14838},
  year={2024}
}

