@article{bartlett1998almost,
  title={Almost linear VC dimension bounds for piecewise polynomial networks},
  author={Bartlett, Peter and Maiorov, Vitaly and Meir, Ron},
  journal={Advances in neural information processing systems},
  volume={11},
  year={1998}
}

@article{bartlett2017spectrally,
  title={Spectrally-normalized margin bounds for neural networks},
  author={Bartlett, Peter L and Foster, Dylan J and Telgarsky, Matus J},
  journal={Advances in neural information processing systems},
  volume={30},
  year={2017}
}

@article{baum1988size,
  title={What size net gives valid generalization?},
  author={Baum, Eric and Haussler, David},
  journal={Advances in neural information processing systems},
  volume={1},
  year={1988}
}

@article{brown2020gpt3,
  title={Language models are few-shot learners},
  author={Brown, Tom and Mann, Benjamin and Ryder, Nick and Subbiah, Melanie and Kaplan, Jared D and Dhariwal, Prafulla and Neelakantan, Arvind and Shyam, Pranav and Sastry, Girish and Askell, Amanda and others},
  journal={Advances in neural information processing systems},
  volume={33},
  pages={1877--1901},
  year={2020}
}

@inproceedings{dao2024transformers_are_ssms,
    title = {Transformers are SSMs: generalized models and efficient algorithms through structured state space duality},
    author = {Dao, Tri and Gu, Albert},
    booktitle = {Proceedings of the 41st International Conference on Machine Learning},
    pages={10041--10071},
    year = {2024},
    publisher = {JMLR.org},
}

@article{devlin2018bert,
  title={Bert: Pre-training of deep bidirectional transformers for language understanding},
  author={Devlin, Jacob},
  journal={arXiv preprint arXiv:1810.04805},
  year={2018}
}

@inproceedings{dosovitskiy2020vision_transformer,
title={An Image is Worth 16x16 Words: Transformers for Image Recognition at Scale},
author={Alexey Dosovitskiy and Lucas Beyer and Alexander Kolesnikov and Dirk Weissenborn and Xiaohua Zhai and Thomas Unterthiner and Mostafa Dehghani and Matthias Minderer and Georg Heigold and Sylvain Gelly and Jakob Uszkoreit and Neil Houlsby},
booktitle={International Conference on Learning Representations},
year={2021}
}
% url={https://openreview.net/forum?id=YicbFdNTTy}
}

@inproceedings{edelman2022inductive,
  title={Inductive biases and variable creation in self-attention mechanisms},
  author={Edelman, Benjamin L and Goel, Surbhi and Kakade, Sham and Zhang, Cyril},
  booktitle={International Conference on Machine Learning},
  pages={5793--5831},
  year={2022},
  organization={PMLR}
}

@article{gu2020hippo,
  title={Hippo: Recurrent memory with optimal polynomial projections},
  author={Gu, Albert and Dao, Tri and Ermon, Stefano and Rudra, Atri and R{\'e}, Christopher},
  journal={Advances in neural information processing systems},
  volume={33},
  pages={1474--1487},
  year={2020}
}

@article{gu2021ssm,
  title={Combining recurrent, convolutional, and continuous-time models with linear state space layers},
  author={Gu, Albert and Johnson, Isys and Goel, Karan and Saab, Khaled and Dao, Tri and Rudra, Atri and R{\'e}, Christopher},
  journal={Advances in neural information processing systems},
  volume={34},
  pages={572--585},
  year={2021}
}

@article{gu2022s4,
  title={Efficiently modeling long sequences with structured state spaces},
  author={Gu, Albert and Goel, Karan and R{\'e}, Christopher},
  journal={In International Conference on Learning Representations},
  year={2022}
}

@article{gu2022s4d,
  title={On the parameterization and initialization of diagonal state space models},
  author={Gu, Albert and Goel, Karan and Gupta, Ankit and R{\'e}, Christopher},
  journal={Advances in Neural Information Processing Systems},
  volume={35},
  pages={35971--35983},
  year={2022}
}

@inproceedings{gu2024mamba,
title={Mamba: Linear-Time Sequence Modeling with Selective State Spaces},
author={Albert Gu and Tri Dao},
booktitle={First Conference on Language Modeling},
year={2024}
}
% url={https://openreview.net/forum?id=tEYskw1VY2}
}

@article{kalman1960new,
  title={A new approach to linear filtering and prediction problems [J]},
  author={Kalman, Rudolph Emil and others},
  journal={Journal of basic Engineering},
  volume={82},
  number={1},
  pages={35--45},
  year={1960}
}

@article{karpinski1997polynomial,
  title={Polynomial bounds for VC dimension of sigmoidal and general Pfaffian neural networks},
  author={Karpinski, Marek and Macintyre, Angus},
  journal={Journal of Computer and System Sciences},
  volume={54},
  number={1},
  pages={169--176},
  year={1997},
  publisher={Elsevier}
}

@article{koiran1997neural,
  title={Neural networks with quadratic VC dimension},
  author={Koiran, Pascal and Sontag, Eduardo D},
  journal={journal of computer and system sciences},
  volume={54},
  number={1},
  pages={190--198},
  year={1997},
  publisher={Elsevier}
}

@inproceedings{liu2024diffusion_vision_transformer,
  title={Solving Masked Jigsaw Puzzles with Diffusion Vision Transformers},
  author={Liu, Jinyang and Teshome, Wondmgezahu and Ghimire, Sandesh and Sznaier, Mario and Camps, Octavia},
  booktitle={Proceedings of the IEEE/CVF Conference on Computer Vision and Pattern Recognition},
  pages={23009--23018},
  year={2024}
}

@inproceedings{liu2024generalization,
author = {Liu, Fusheng and Li, Qianxiao},
title = {From generalization analysis to optimization designs for state space models},
year = {2024},
publisher = {JMLR.org},
booktitle = {Proceedings of the 41st International Conference on Machine Learning},
articleno = {1267},
numpages = {23},
location = {Vienna, Austria},
series = {ICML'24}
}

@inproceedings{peebles2023scalable_diffusion_transformer,
  title={Scalable diffusion models with transformers},
  author={Peebles, William and Xie, Saining},
  booktitle={Proceedings of the IEEE/CVF International Conference on Computer Vision},
  pages={4195--4205},
  year={2023}
}

@inproceedings{poli2023hyena,
  title={Hyena hierarchy: Towards larger convolutional language models},
  author={Poli, Michael and Massaroli, Stefano and Nguyen, Eric and Fu, Daniel Y and Dao, Tri and Baccus, Stephen and Bengio, Yoshua and Ermon, Stefano and R{\'e}, Christopher},
  booktitle={International Conference on Machine Learning},
  pages={28043--28078},
  year={2023},
  organization={PMLR}
}

@inproceedings{racz2024length,
  title={Length independent generalization bounds for deep SSM architectures},
  author={R{\'a}cz, D{\'a}niel and Petreczky, Mih{\'a}ly and Dar{\'o}czy, B{\'a}lint},
  booktitle={Next Generation of Sequence Modeling Architectures Workshop at ICML 2024},
  year={2024}
}

@inproceedings{smith2023s5,
title={Simplified State Space Layers for Sequence Modeling},
author={Jimmy T.H. Smith and Andrew Warrington and Scott Linderman},
booktitle={The Eleventh International Conference on Learning Representations },
year={2023}
}
% url={https://openreview.net/forum?id=Ai8Hw3AXqks}
}

@article{sontag1998learning,
  title={A learning result for continuous-time recurrent neural networks},
  author={Sontag, Eduardo D},
  journal={Systems \& control letters},
  volume={34},
  number={3},
  pages={151--158},
  year={1998},
  publisher={Elsevier}
}

@inproceedings{tay2021long_range_arena,
title={Long Range Arena : A Benchmark for Efficient Transformers },
author={Yi Tay and Mostafa Dehghani and Samira Abnar and Yikang Shen and Dara Bahri and Philip Pham and Jinfeng Rao and Liu Yang and Sebastian Ruder and Donald Metzler},
booktitle={International Conference on Learning Representations},
year={2021}
}
% url={https://openreview.net/forum?id=qVyeW-grC2k}
}

@inproceedings{trauger2024length_independent_transformer,
  title={Sequence length independent norm-based generalization bounds for transformers},
  author={Trauger, Jacob and Tewari, Ambuj},
  booktitle={International Conference on Artificial Intelligence and Statistics},
  pages={1405--1413},
  year={2024},
  organization={PMLR}
}

@article{truong2024rank,
  title={On Rank-Dependent Generalisation Error Bounds for Transformers},
  author={Truong, Lan V},
  journal={arXiv preprint arXiv:2410.11500},
  year={2024}
}

@inproceedings{vaswani2017attention,
 title = {Attention is All you Need}, 
 author = {Vaswani, Ashish and Shazeer, Noam and Parmar, Niki and Uszkoreit, Jakob and Jones, Llion and Gomez, Aidan N and Kaiser, \L ukasz and Polosukhin, Illia},
 booktitle = {Advances in Neural Information Processing Systems},
 pages = {6000â€“6010},
 volume = {30},
 year = {2017}
}

@book{vershynin2018high,
  title={High-dimensional probability: An introduction with applications in data science},
  author={Vershynin, Roman},
  volume={47},
  year={2018},
  publisher={Cambridge university press}
}

@article{zhang2002covering,
  title={Covering number bounds of certain regularized linear function classes},
  author={Zhang, Tong},
  journal={Journal of Machine Learning Research},
  volume={2},
  number={Mar},
  pages={527--550},
  year={2002}
}

