@ARTICLE{Birgit2013LT,
	author={Schotsch, Birgit and Garrammone, Giuliano and Vary, Peter},
	journal={IEEE Commun. Lett.}, 
	title={Analysis of {LT} Codes over Finite Fields under Optimal Erasure Decoding}, 
	year={2013},
	month={Sept.},
	volume={17},
	number={9},
	pages={1826-1829},
	doi={10.1109/LCOMM.2013.072313.131212}}

@ARTICLE{FL_analysis_BATS,
	author={Yang, Shenghao and Ng, Tsz-Ching and Yeung, Raymond W.},
	journal={IEEE Trans. Inf. Theory}, 
	title={Finite-length analysis of {BATS} codes}, 
	year={2018},
	month={Jan.},
	volume={64},
	number={1},
	pages={322-348},
	doi={10.1109/TIT.2017.2769122}}

@ARTICLE{FL_analysis_LDPC,
	author={Changyan Di and Proietti, D. and Telatar, I.E. and Richardson, T.J. and Urbanke, R.L.},
	journal={IEEE Trans. Inf. Theory}, 
	title={Finite-length analysis of low-density parity-check codes on the binary erasure channel}, 
	year={2002},
	month={Jun.},
	volume={48},
	number={6},
	pages={1570-1579},
	doi={10.1109/TIT.2002.1003839}}

@INPROCEEDINGS{FL_analysis_LT,
	author={Karp, R. and Luby, M. and Shokrollahi, A.},
	booktitle={Proc. Int. Symp. Inf. Theory}, 
	title={Finite length analysis of {LT} codes}, 
	year={2004},
	month={Chicago, IL, USA, Jun.--Jul.}
	volume={},
	number={},
	pages={39-},
	doi={10.1109/ISIT.2004.1365074}}

@patent{InactivationPatent,
	author={A. Shokrollahi and S. Lassen and R. Karp},
	title={Systems and processes for decoding chain reaction codes through inactivation},
	year={2007},
	month={Sept. 4},
	number={US 7,265,688 B2}
}

@ARTICLE{Johnson2009finite,
	author={Johnson, Sarah J.},
	journal={IEEE Trans. Inf. Theory}, 
	title={A Finite-Length Algorithm for {LDPC} Codes Without Repeated Edges on the Binary Erasure Channel}, 
	year={2009},
	month={Jan.},
	volume={55},
	number={1},
	pages={27-32},
	doi={10.1109/TIT.2008.2008118}}

@ARTICLE{Lazaro2017inactivation,
	author={Lázaro, Francisco and Liva, Gianluigi and Bauch, Gerhard},
	journal={IEEE Trans. Commun.}, 
	title={Inactivation Decoding of {LT} and {Raptor} Codes: Analysis and Code Design}, 
	year={2017},
	month={Oct.},
	volume={65},
	number={10},
	pages={4114-4127},
	doi={10.1109/TCOMM.2017.2715805}}

@ARTICLE{Lazaro2021bounds,
	author={Lázaro, Francisco and Liva, Gianluigi and Bauch, Gerhard and Paolini, Enrico},
	journal={IEEE Trans. Inf. Theory}, 
	title={Bounds on the Error Probability of {Raptor} Codes Under Maximum Likelihood Decoding}, 
	year={2021},
	month={Mar.},
	volume={67},
	number={3},
	pages={1537-1558},
	doi={10.1109/TIT.2020.3049061}}

@book{Modern_Coding_Theory, place={Cambridge}, title={Modern Coding Theory}, DOI={10.1017/CBO9780511791338}, publisher={Cambridge University Press}, author={Richardson, Tom and Urbanke, Rüdiger}, year={2008}}

@ARTICLE{Rahnavard2007,
	author={Rahnavard, Nazanin and Vellambi, Badri N. and Fekri, Faramarz},
	journal={IEEE Trans. Inf. Theory}, 
	title={Rateless Codes With Unequal Error Protection Property}, 
	year={2007},
	month={Apr.},
	volume={53},
	number={4},
	pages={1521-1532},
	doi={10.1109/TIT.2007.892814}}

@ARTICLE{Raptor,
	author={Shokrollahi, A.},
	journal={IEEE Trans. Inf. Theory}, 
	title={Raptor codes}, 
	year={2006},
	month={Jun.},
	volume={52},
	number={6},
	pages={2551-2567},
	doi={10.1109/TIT.2006.874390}}

@article{Raptor_codes_foundations_and_trends,
	url = {http://dx.doi.org/10.1561/0100000060},
	year = {2011},
	volume = {6},
	journal = {Foundations and Trends® in Communications and Information Theory},
	title = {Raptor Codes},
	doi = {10.1561/0100000060},
	issn = {1567-2190},
	number = {3–4},
	pages = {213-322},
	author = {Amin Shokrollahi and Michael Luby}
}

@ARTICLE{Wang2016performanceRaptorML,
	author={Wang, Peng and Mao, Guoqiang and Lin, Zihuai and Ding, Ming and Liang, Weifa and Ge, Xiaohu and Lin, Zhiyun},
	journal={IEEE Trans. Commun.}, 
	title={Performance Analysis of {Raptor} Codes Under Maximum Likelihood Decoding}, 
	year={2016},
	month={Mar.},
	volume={64},
	number={3},
	pages={906-917},
	doi={10.1109/TCOMM.2016.2522403}}

@ARTICLE{Zhang2017boundsRaptorQ,
	author={Zhang, Ke and Zhang, Qinyu and Jiao, Jian},
	journal={IEEE Access}, 
	title={Bounds on the Reliability of {RaptorQ} Codes in the Finite-Length Regime}, 
	year={2017},
	month={Nov.},
	volume={5},
	number={},
	pages={24766-24774},
	doi={10.1109/ACCESS.2017.2768158}}

@article{shokrollahi2001finite,
	title={Finite length analysis of a certain class of {LDPC} codes},
	author={Shokrollahi, A and Urbanke, R},
	journal={Preprint},
	year={2001}}

