@misc{enwiki_tuple,
	author = "{Wikipedia contributors}",
	title = "Tuple --- {Wikipedia}{,} The Free Encyclopedia",
	year = "2023",
	url = "https://en.wikipedia.org/w/index.php?title=Tuple&oldid=1189013642",
	note = "[Online; accessed 4-January-2024]"
}

@ARTICLE{5695118,
	author={Li, Yao and Soljanin, Emina and Spasojevic, Predrag},
	journal={IEEE Trans. Inf. Theory}, 
	title={Effects of the Generation Size and Overlap on Throughput and Complexity in Randomized Linear Network Coding}, 
	year={2011},
	month={Feb.},
	volume={57},
	number={2},
	pages={1111-1123},
	keywords={Encoding;Decoding;Throughput;Peer to peer computing;Equations;Computational complexity;Coupon collector's problem;Network coding;rateless codes},
	doi={10.1109/TIT.2010.2095111}}

@INPROCEEDINGS{5191397,
	author={Silva, Danilo and Zeng, Weifei and Kschischang, Frank R.},
	booktitle={Proc. Workshop on Network Coding, Theory, and Applications (NetCod)}, 
	title={Sparse network coding with overlapping classes}, 
	year={2009},
	month={Lausanne, Switzerland, Jun.},
	volume={},
	number={},
	pages={74-79},
	keywords={Network coding;Decoding;Protocols;Peer to peer computing;Application software;Boosting;Streaming media;Galois fields;Linear systems;Equations},
	doi={10.1109/NETCOD.2009.5191397}}


@article{blake2006properties,
	title={Properties of random matrices and applications},
	author={Blake, Ian F and Studholme, Chris},
	journal={Unpublished report},
	url={https://www.cs.toronto.edu/~cvs/coding/},
	year={2006},
	publisher={Citeseer}
}

@book{van2001course,
	title={A course in combinatorics},
	author={Van Lint, Jacobus Hendricus and Wilson, Richard Michael},
	year={2001},
	publisher={Cambridge university press}
}

@book{newmanNetworks,
	author = {Newman, Mark},
	title = "{Networks}",
	publisher = {Oxford University Press},
	year = {2018},
	month = {Jul.},
	isbn = {9780198805090},
	doi = {10.1093/oso/9780198805090.001.0001},
	url = {https://doi.org/10.1093/oso/9780198805090.001.0001},
}

@ARTICLE{Ridchardson2001,
	author={Richardson, T.J. and Urbanke, R.L.},
	journal={IEEE Trans. Inf. Theory}, 
	title={The capacity of low-density parity-check codes under message-passing decoding}, 
	year={2001},
	month={Feb.},
	volume={47},
	number={2},
	pages={599-618},
	doi={10.1109/18.910577}}


@INPROCEEDINGS{LT,
	author={Luby, M.},
	booktitle={Proc. 43rd Annu. IEEE Symp. Found. Comput. Sci.}, 
	title={{LT} codes}, 
	year={2002},
	month={Vancouver, BC, Canada, Nov.},
	volume={},
	number={},
	pages={271-280},
	doi={10.1109/SFCS.2002.1181950}}


@ARTICLE{Raptor,
	author={Shokrollahi, A.},
	journal={IEEE Trans. Inf. Theory}, 
	title={Raptor codes}, 
	year={2006},
	month={Jun.},
	volume={52},
	number={6},
	pages={2551-2567},
	doi={10.1109/TIT.2006.874390}}

@ARTICLE{BATS,
	author={Yang, Shenghao and Yeung, Raymond W.},
	journal={IEEE Trans. Inf. Theory}, 
	title={Batched Sparse Codes}, 
	year={2014},
	month={Sept.},
	volume={60},
	number={9},
	pages={5322-5346},
	doi={10.1109/TIT.2014.2334315}}

@ARTICLE{FL_analysis_BATS,
	author={Yang, Shenghao and Ng, Tsz-Ching and Yeung, Raymond W.},
	journal={IEEE Trans. Inf. Theory}, 
	title={Finite-length analysis of {BATS} codes}, 
	year={2018},
	month={Jan.},
	volume={64},
	number={1},
	pages={322-348},
	doi={10.1109/TIT.2017.2769122}}

@ARTICLE{FL_analysis_LDPC,
	author={Changyan Di and Proietti, D. and Telatar, I.E. and Richardson, T.J. and Urbanke, R.L.},
	journal={IEEE Trans. Inf. Theory}, 
	title={Finite-length analysis of low-density parity-check codes on the binary erasure channel}, 
	year={2002},
	month={Jun.},
	volume={48},
	number={6},
	pages={1570-1579},
	doi={10.1109/TIT.2002.1003839}}

@book{Modern_Coding_Theory, place={Cambridge}, title={Modern Coding Theory}, DOI={10.1017/CBO9780511791338}, publisher={Cambridge University Press}, author={Richardson, Tom and Urbanke, Rüdiger}, year={2008}}

@ARTICLE{PEG,
	author={Xiao-Yu Hu and Eleftheriou, E. and Arnold, D.M.},
	journal={IEEE Trans. Inf. Theory}, 
	title={Regular and irregular progressive edge-growth {Tanner} graphs}, 
	year={2005},
	month={Jan.},
	volume={51},
	number={1},
	pages={386-398},
	doi={10.1109/TIT.2004.839541}}

@ARTICLE{Weight_distribution_LDPC,
	author={Di, C. and Richardson, T.J. and Urbanke, R.L.},
	journal={IEEE Trans. Inf. Theory}, 
	title={Weight Distribution of Low-Density Parity-Check Codes}, 
	year={2006},
	month={Nov.},
	volume={52},
	number={11},
	pages={4839-4855},
	doi={10.1109/TIT.2006.883541}}

@INPROCEEDINGS{Weight_distribution_NBLDPC,
	author={Kasai, Kenta and Poulliat, Charly and Declercq, David and Shibuya, Tomoharu and Sakaniwa, Kohichi},
	booktitle={Proc. Int. Symp. Inf. Theory and Its Appl.}, 
	title={Weight distribution of non-binary {LDPC} codes}, 
	year={2008},
	month={Auckland, New Zealand, Dec.},
	volume={},
	number={},
	pages={1-6},
	doi={10.1109/ISITA.2008.4895508}}

@article{Raptor_codes_foundations_and_trends,
	url = {http://dx.doi.org/10.1561/0100000060},
	year = {2011},
	volume = {6},
	journal = {Foundations and Trends® in Communications and Information Theory},
	title = {Raptor Codes},
	doi = {10.1561/0100000060},
	issn = {1567-2190},
	number = {3–4},
	pages = {213-322},
	author = {Amin Shokrollahi and Michael Luby}
}

@INPROCEEDINGS{FL_analysis_LT,
	author={Karp, R. and Luby, M. and Shokrollahi, A.},
	booktitle={Proc. Int. Symp. Inf. Theory}, 
	title={Finite length analysis of {LT} codes}, 
	year={2004},
	month={Chicago, IL, USA, Jun.--Jul.}
	volume={},
	number={},
	pages={39-},
	doi={10.1109/ISIT.2004.1365074}}

@article{shokrollahi2001finite,
	title={Finite length analysis of a certain class of {LDPC} codes},
	author={Shokrollahi, A and Urbanke, R},
	journal={Preprint},
	year={2001}}

@ARTICLE{Lazaro2021bounds,
	author={Lázaro, Francisco and Liva, Gianluigi and Bauch, Gerhard and Paolini, Enrico},
	journal={IEEE Trans. Inf. Theory}, 
	title={Bounds on the Error Probability of {Raptor} Codes Under Maximum Likelihood Decoding}, 
	year={2021},
	month={Mar.},
	volume={67},
	number={3},
	pages={1537-1558},
	doi={10.1109/TIT.2020.3049061}}

@ARTICLE{Johnson2009finite,
	author={Johnson, Sarah J.},
	journal={IEEE Trans. Inf. Theory}, 
	title={A Finite-Length Algorithm for {LDPC} Codes Without Repeated Edges on the Binary Erasure Channel}, 
	year={2009},
	month={Jan.},
	volume={55},
	number={1},
	pages={27-32},
	doi={10.1109/TIT.2008.2008118}}

@INPROCEEDINGS{1023273,
	author={Richrdson, T. and Shokrollahi, A. and Urbanke, R.},
	booktitle={Proc. IEEE Int. Symp. Inf. Theory}, 
	title={Finite-length analysis of various low-density parity-check ensembles for the binary erasure channel}, 
	year={Lausanne, Switzerland, 2002},
	volume={},
	number={},
	pages={1-},
	keywords={Parity check codes;Upper bound;Web pages;H infinity control;Belief propagation;Code standards;Iterative decoding;Microwave integrated circuits},
	doi={10.1109/ISIT.2002.1023273}}


@ARTICLE{Wang2016performanceRaptorML,
	author={Wang, Peng and Mao, Guoqiang and Lin, Zihuai and Ding, Ming and Liang, Weifa and Ge, Xiaohu and Lin, Zhiyun},
	journal={IEEE Trans. Commun.}, 
	title={Performance Analysis of {Raptor} Codes Under Maximum Likelihood Decoding}, 
	year={2016},
	month={Mar.},
	volume={64},
	number={3},
	pages={906-917},
	doi={10.1109/TCOMM.2016.2522403}}

@ARTICLE{Lazaro2017inactivation,
	author={Lázaro, Francisco and Liva, Gianluigi and Bauch, Gerhard},
	journal={IEEE Trans. Commun.}, 
	title={Inactivation Decoding of {LT} and {Raptor} Codes: Analysis and Code Design}, 
	year={2017},
	month={Oct.},
	volume={65},
	number={10},
	pages={4114-4127},
	doi={10.1109/TCOMM.2017.2715805}}

@INPROCEEDINGS{Lazaro2014inactivation,
	author={Blasco, Francisco Lázaro and Liva, Gianluigi and Bauch, Gerhard},
	booktitle={Proc. IEEE Inf. Theory Workshop (ITW)}, 
	title={{LT} code design for inactivation decoding}, 
	year={2014},
	month={Hobart, TAS, Australia, Nov.},
	volume={},
	number={},
	pages={441-445},
	doi={10.1109/ITW.2014.6970870}}


@ARTICLE{Rahnavard2007,
	author={Rahnavard, Nazanin and Vellambi, Badri N. and Fekri, Faramarz},
	journal={IEEE Trans. Inf. Theory}, 
	title={Rateless Codes With Unequal Error Protection Property}, 
	year={2007},
	month={Apr.},
	volume={53},
	number={4},
	pages={1521-1532},
	doi={10.1109/TIT.2007.892814}}

@ARTICLE{Zhang2017boundsRaptorQ,
	author={Zhang, Ke and Zhang, Qinyu and Jiao, Jian},
	journal={IEEE Access}, 
	title={Bounds on the Reliability of {RaptorQ} Codes in the Finite-Length Regime}, 
	year={2017},
	month={Nov.},
	volume={5},
	number={},
	pages={24766-24774},
	doi={10.1109/ACCESS.2017.2768158}}

@ARTICLE{Yang2016tree,
	author={Yang, Shenghao and Zhou, Qiaoqiao},
	journal={IEEE Commun. Lett.}, 
	title={Tree Analysis of {BATS} Codes}, 
	year={2016},
	volume={20},
	number={1},
	pages={37-40},
	doi={10.1109/LCOMM.2015.2499192}}

@INPROCEEDINGS{Yang2014Lchunked,
	author={Yang, Shenghao and Tang, Bin},
	booktitle={Proc. IEEE Inf. Theory Workshop (ITW)}, 
	title={From {LDPC} to chunked network codes}, 
	year={2014},
	month={Hobart, TAS, Australia, Nov.},
	volume={},
	number={},
	pages={406-410},
	doi={10.1109/ITW.2014.6970863}}

@ARTICLE{Tang2018Lchunked,
	author={Tang, Bin and Yang, Shenghao},
	journal={IEEE/ACM Trans. Networking}, 
	title={An {LDPC} Approach for Chunked Network Codes}, 
	year={2018},
	month={Feb.},
	volume={26},
	number={1},
	pages={605-617},
	doi={10.1109/TNET.2017.2787726}}


@INPROCEEDINGS{Tang2012EOC,
	author={Tang, Bin and Yang, Shenghao and Yin, Yitong and Ye, Baoliu and Lu, Sanglu},
	booktitle={Proc. IEEE Int. Symp. Inf. Theory}, 
	title={Expander graph based overlapped chunked codes}, 
	year={2012},
	month={Cambridge, MA, USA, Jul.},
	volume={},
	number={},
	pages={2451-2455},
	doi={10.1109/ISIT.2012.6283956}}

@INPROCEEDINGS{overlapChunk,
	author={Heidarzadeh, Anoosheh and Banihashemi, Amir H.},
	booktitle={Proc. IEEE Inf. Theory Workshop (ITW)}, 
	title={Overlapped Chunked network coding}, 
	year={2010},
	month={Cairo, Egypt, Jan.},
	volume={},
	number={},
	pages={1-5},
	doi={10.1109/ITWKSPS.2010.5503153}}

@INPROCEEDINGS{GammaCodes2012,
	author={Mahdaviani, Kaveh and Ardakani, Masoud and Bagheri, Hossein and Tellambura, Chintha},
	booktitle={Proc. Int. Symp. Net. Coding (NetCod)}, 
	title={Gamma Codes: A low-overhead linear-complexity network coding solution}, 
	year={2012},
	month={Cambridge, MA, USA, Jun.},
	volume={},
	number={},
	pages={125-130},
	doi={10.1109/NETCOD.2012.6261896}}

@ARTICLE{Birgit2013LT,
	author={Schotsch, Birgit and Garrammone, Giuliano and Vary, Peter},
	journal={IEEE Commun. Lett.}, 
	title={Analysis of {LT} Codes over Finite Fields under Optimal Erasure Decoding}, 
	year={2013},
	month={Sept.},
	volume={17},
	number={9},
	pages={1826-1829},
	doi={10.1109/LCOMM.2013.072313.131212}}

@ARTICLE{Xu2017QUBATS,
	author={Xu, Xiaoli and Guan, Yong Liang and Zeng, Yong and Chui, Chee-Cheon},
	journal={IEEE Trans. Veh. Technol.}, 
	title={Quasi-Universal {BATS} Code}, 
	year={2017},
	month={Apr.},
	volume={66},
	number={4},
	pages={3497-3501},
	doi={10.1109/TVT.2016.2594051}}

@ARTICLE{Zhu2023LDPCBATS,
	author={Zhang, Wenrui and Zhu, Mingyang and Jiang, Ming and Hu, Nan},
	journal={IEEE Commun. Lett.}, 
	title={Design and Optimization of {LDPC} Precoded Finite-Length {BATS} Codes Under {BP} Decoding}, 
	year={2023},
	month={Dec.},
	volume={27},
	number={12},
	pages={3151-3155},
	keywords={Decoding;Parity check codes;Symbols;Precoding;Standards;Simulation;Optimization;BATS code;LDPC code;finite-length analysis;BP decoding},
	doi={10.1109/LCOMM.2023.3327078}}


@patent{InactivationPatent,
	author={A. Shokrollahi and S. Lassen and R. Karp},
	title={Systems and processes for decoding chain reaction codes through inactivation},
	year={2007},
	month={Sept. 4},
	number={US 7,265,688 B2}
}

@INPROCEEDINGS{LOC2010,
	author={Yang, Shenghao and Meng, Jin and Yang, En-hui},
	booktitle={Proc. IEEE Int. Symp. Inf. Theory}, 
	title={Coding for linear operator channels over finite fields}, 
	year={2010},
	month = {Austin, TX, USA, Jun.}
	volume={},
	number={},
	pages={2413-2417},
	keywords={Galois fields;Lab-on-a-chip;Network coding;Decoding;Cascading style sheets;Statistics;Communication networks;Transmitters;Network topology;Channel capacity},
	doi={10.1109/ISIT.2010.5513770}}

@inproceedings{luby1998analysis,
	title={Analysis of low density codes and improved designs using irregular graphs},
	author={Luby, Michael and Mitzenmacher, Michael and Shokrollah, A and Spielman, Daniel},
	booktitle={Proceedings of the thirtieth annual ACM symposium on Theory of computing},
	pages={249--258},
	year={1998}
}

@ARTICLE{6266770,
	author={Paolini, Enrico and Liva, Gianluigi and Matuz, Balazs and Chiani, Marco},
	journal={IEEE Trans. Commun.}, 
	title={Maximum Likelihood Erasure Decoding of LDPC Codes: Pivoting Algorithms and Code Design}, 
	year={2012},
	volume={60},
	number={11},
	pages={3209-3220},
	keywords={Maximum likelihood decoding;Bipartite graph;Complexity theory;Algorithm design and analysis;Iterative decoding;Ensemble design;erasure channel;Gaussian elimination;low-density parity-check codes;maximum likelihood decoding;pivoting algorithms},
	doi={10.1109/TCOMM.2012.081012.110363}}
