@article{3d_diffuser_actor,
  title={3d diffuser actor: Policy diffusion with 3d scene representations},
  author={Ke, Tsung-Wei and Gkanatsios, Nikolaos and Fragkiadaki, Katerina},
  journal={arXiv preprint arXiv:2402.10885},
  year={2024}
}

@misc{[pi0,
      title={$\pi_0$: A Vision-Language-Action Flow Model for General Robot Control}, 
      author={Kevin Black and Noah Brown and Danny Driess and Adnan Esmail and Michael Equi and Chelsea Finn and Niccolo Fusai and Lachy Groom and Karol Hausman and Brian Ichter and Szymon Jakubczak and Tim Jones and Liyiming Ke and Sergey Levine and Adrian Li-Bell and Mohith Mothukuri and Suraj Nair and Karl Pertsch and Lucy Xiaoyang Shi and James Tanner and Quan Vuong and Anna Walling and Haohuan Wang and Ury Zhilinsky},
      year={2024},
      eprint={2410.24164},
      archivePrefix={arXiv},
      primaryClass={cs.LG},
      url={https://arxiv.org/abs/2410.24164}, 
}

@article{ahn2022can,
  title={Do as i can, not as i say: Grounding language in robotic affordances},
  author={Ahn, Michael and Brohan, Anthony and Brown, Noah and Chebotar, Yevgen and Cortes, Omar and David, Byron and Finn, Chelsea and Fu, Chuyuan and Gopalakrishnan, Keerthana and Hausman, Karol and others},
  journal={arXiv preprint arXiv:2204.01691},
  year={2022}
}

@inproceedings{aloha_unleashed,
  title={ALOHA Unleashed: A Simple Recipe for Robot Dexterity},
  author={Zhao, Tony Z and Tompson, Jonathan and Driess, Danny and Florence, Pete and Ghasemipour, Seyed Kamyar Seyed and Finn, Chelsea and Wahid, Ayzaan},
  booktitle={8th Annual Conference on Robot Learning},
  year={2024}
}

@article{belkhale2024rt-h,
  title={Rt-h: Action hierarchies using language},
  author={Belkhale, Suneel and Ding, Tianli and Xiao, Ted and Sermanet, Pierre and Vuong, Quon and Tompson, Jonathan and Chebotar, Yevgen and Dwibedi, Debidatta and Sadigh, Dorsa},
  journal={arXiv preprint arXiv:2403.01823},
  year={2024}
}

@article{black2023training,
  title={Training diffusion models with reinforcement learning},
  author={Black, Kevin and Janner, Michael and Du, Yilun and Kostrikov, Ilya and Levine, Sergey},
  journal={arXiv preprint arXiv:2305.13301},
  year={2023}
}

@article{black2023zero,
  title={Zero-shot robotic manipulation with pretrained image-editing diffusion models},
  author={Black, Kevin and Nakamoto, Mitsuhiko and Atreya, Pranav and Walke, Homer and Finn, Chelsea and Kumar, Aviral and Levine, Sergey},
  journal={arXiv preprint arXiv:2310.10639},
  year={2023}
}

@article{chen2024yilun,
  title={Diffusion forcing: Next-token prediction meets full-sequence diffusion},
  author={Yilun Du and Max Simchowitz and Russ Tedrake and Vincent Sitzmann and Chen, Boyuan and Monso, Diego Marti},
  journal={NeurIPS},
  volume={3},
  year={2024}
}

@article{chi2024universal,
  title={Universal manipulation interface: In-the-wild robot teaching without in-the-wild robots},
  author={Chi, Cheng and Xu, Zhenjia and Pan, Chuer and Cousineau, Eric and Burchfiel, Benjamin and Feng, Siyuan and Tedrake, Russ and Song, Shuran},
  journal={arXiv preprint arXiv:2402.10329},
  year={2024}
}

@article{dasari2024ingredients,
  title={The Ingredients for Robotic Diffusion Transformers},
  author={Dasari, Sudeep and Mees, Oier and Zhao, Sebastian and Srirama, Mohan Kumar and Levine, Sergey},
  journal={arXiv preprint arXiv:2410.10088},
  year={2024}
}

@article{diffusion-policy,
  title={Diffusion policy: Visuomotor policy learning via action diffusion},
  author={Chi, Cheng and Feng, Siyuan and Du, Yilun and Xu, Zhenjia and Cousineau, Eric and Burchfiel, Benjamin and Song, Shuran},
  journal={arXiv preprint arXiv:2303.04137},
  year={2023}
}

@article{dppo,
  title={Diffusion policy policy optimization},
  author={Ren, Allen Z and Lidard, Justin and Ankile, Lars L and Simeonov, Anthony and Agrawal, Pulkit and Majumdar, Anirudha and Burchfiel, Benjamin and Dai, Hongkai and Simchowitz, Max},
  journal={arXiv preprint arXiv:2409.00588},
  year={2024}
}

@inproceedings{fang2020graspnet,
  title={Graspnet-1billion: A large-scale benchmark for general object grasping},
  author={Fang, Hao-Shu and Wang, Chenxi and Gou, Minghao and Lu, Cewu},
  booktitle={Proceedings of the IEEE/CVF conference on computer vision and pattern recognition},
  pages={11444--11453},
  year={2020}
}

@article{fu2024humanplus,
  title={HumanPlus: Humanoid Shadowing and Imitation from Humans},
  author={Fu, Zipeng and Zhao, Qingqing and Wu, Qi and Wetzstein, Gordon and Finn, Chelsea},
  journal={arXiv preprint arXiv:2406.10454},
  year={2024}
}

@article{geiger2013vision,
  title={Vision meets robotics: The kitti dataset},
  author={Geiger, Andreas and Lenz, Philip and Stiller, Christoph and Urtasun, Raquel},
  journal={The International Journal of Robotics Research},
  volume={32},
  number={11},
  pages={1231--1237},
  year={2013},
  publisher={Sage Publications Sage UK: London, England}
}

@inproceedings{grauman2022ego4d,
  title={Ego4d: Around the world in 3,000 hours of egocentric video},
  author={Grauman, Kristen and Westbury, Andrew and Byrne, Eugene and Chavis, Zachary and Furnari, Antonino and Girdhar, Rohit and Hamburger, Jackson and Jiang, Hao and Liu, Miao and Liu, Xingyu and others},
  booktitle={Proceedings of the IEEE/CVF Conference on Computer Vision and Pattern Recognition},
  pages={18995--19012},
  year={2022}
}

@article{guo2025improving,
  title={Improving Vision-Language-Action Model with Online Reinforcement Learning},
  author={Guo, Yanjiang and Zhang, Jianke and Chen, Xiaoyu and Ji, Xiang and Wang, Yen-Jen and Hu, Yucheng and Chen, Jianyu},
  journal={arXiv preprint arXiv:2501.16664},
  year={2025}
}

@inproceedings{ha2023scaling,
  title={Scaling up and distilling down: Language-guided robot skill acquisition},
  author={Ha, Huy and Florence, Pete and Song, Shuran},
  booktitle={Conference on Robot Learning},
  pages={3766--3777},
  year={2023},
  organization={PMLR}
}

@article{ha2024umi,
  title={Umi on legs: Making manipulation policies mobile with manipulation-centric whole-body controllers},
  author={Ha, Huy and Gao, Yihuai and Fu, Zipeng and Tan, Jie and Song, Shuran},
  journal={arXiv preprint arXiv:2407.10353},
  year={2024}
}

@article{ho2020denoising,
  title={Denoising diffusion probabilistic models},
  author={Ho, Jonathan and Jain, Ajay and Abbeel, Pieter},
  journal={Advances in neural information processing systems},
  volume={33},
  pages={6840--6851},
  year={2020}
}

@article{kim24openvla,
    title={OpenVLA: An Open-Source Vision-Language-Action Model},
    author={{Moo Jin} Kim and Karl Pertsch and Siddharth Karamcheti and Ted Xiao and Ashwin Balakrishna and Suraj Nair and Rafael Rafailov and Ethan Foster and Grace Lam and Pannag Sanketi and Quan Vuong and Thomas Kollar and Benjamin Burchfiel and Russ Tedrake and Dorsa Sadigh and Sergey Levine and Percy Liang and Chelsea Finn},
    journal = {arXiv preprint arXiv:2406.09246},
    year={2024},
}

@article{lin2024data,
  title={Data scaling laws in imitation learning for robotic manipulation},
  author={Lin, Fanqi and Hu, Yingdong and Sheng, Pingyue and Wen, Chuan and You, Jiacheng and Gao, Yang},
  journal={arXiv preprint arXiv:2410.18647},
  year={2024}
}

@misc{lin2024datascalinglawsimitation,
  title = {Data Scaling Laws in Imitation Learning for Robotic Manipulation},
  author = {Fanqi Lin and Yingdong Hu and Pingyue Sheng and Chuan Wen and Jiacheng You and Yang Gao},
  archivePrefix = {arXiv},
  eprint = {2410.18647},
  primaryClass = {cs.RO},
  url = {https://arxiv.org/abs/2410.18647},
  year = {2024}
}

@inproceedings{liu2022compositional,
  title={Compositional visual generation with composable diffusion models},
  author={Liu, Nan and Li, Shuang and Du, Yilun and Torralba, Antonio and Tenenbaum, Joshua B},
  booktitle={European Conference on Computer Vision},
  pages={423--439},
  year={2022},
  organization={Springer}
}

@inproceedings{mail-dp,
  title={MaIL: Improving Imitation Learning with Selective State Space Models},
  author={Jia, Xiaogang and Wang, Qian and Donat, Atalay and Xing, Bowen and Li, Ge and Zhou, Hongyi and Celik, Onur and Blessing, Denis and Lioutikov, Rudolf and Neumann, Gerhard},
  booktitle={8th Annual Conference on Robot Learning},
  year={2024}
}

@article{multimodal_diffusion_transformer,
    title={Multimodal Diffusion Transformer: Learning Versatile Behavior from Multimodal Goals},
    author={Moritz Reuss and {\"O}mer Erdin{\c{c}} Ya{\u{g}}murlu and Fabian Wenzel and Rudolf Lioutikov},
    journal={Robotics: Science and Systems},
    year={2024}
    }

@inproceedings{peebles2023scalable,
  title={Scalable diffusion models with transformers},
  author={Peebles, William and Xie, Saining},
  booktitle={Proceedings of the IEEE/CVF International Conference on Computer Vision},
  pages={4195--4205},
  year={2023}
}

@article{pertsch2025fast,
  title={FAST: Efficient Action Tokenization for Vision-Language-Action Models},
  author={Pertsch, Karl and Stachowicz, Kyle and Ichter, Brian and Driess, Danny and Nair, Suraj and Vuong, Quan and Mees, Oier and Finn, Chelsea and Levine, Sergey},
  journal={arXiv preprint arXiv:2501.09747},
  year={2025}
}

@article{prasad2024consistencypolicy,
  title={Consistency policy: Accelerated visuomotor policies via consistency distillation},
  author={Prasad, Aaditya and Lin, Kevin and Wu, Jimmy and Zhou, Linqi and Bohg, Jeannette},
  journal={arXiv preprint arXiv:2405.07503},
  year={2024}
}

@inproceedings{radosavovic2023real,
  title={Real-world robot learning with masked visual pre-training},
  author={Radosavovic, Ilija and Xiao, Tete and James, Stephen and Abbeel, Pieter and Malik, Jitendra and Darrell, Trevor},
  booktitle={Conference on Robot Learning},
  pages={416--426},
  year={2023},
  organization={PMLR}
}

@article{rt-2,
  title={Rt-2: Vision-language-action models transfer web knowledge to robotic control},
  author={Brohan, Anthony and Brown, Noah and Carbajal, Justice and Chebotar, Yevgen and Chen, Xi and Choromanski, Krzysztof and Ding, Tianli and Driess, Danny and Dubey, Avinava and Finn, Chelsea and others},
  journal={arXiv preprint arXiv:2307.15818},
  year={2023}
}

@article{scaledp,
  title={Scaling diffusion policy in transformer to 1 billion parameters for robotic manipulation},
  author={Zhu, Minjie and Zhu, Yichen and Li, Jinming and Wen, Junjie and Xu, Zhiyuan and Liu, Ning and Cheng, Ran and Shen, Chaomin and Peng, Yaxin and Feng, Feifei and others},
  journal={arXiv preprint arXiv:2409.14411},
  year={2024}
}

@article{uehara2024feedback,
  title={Feedback efficient online fine-tuning of diffusion models},
  author={Uehara, Masatoshi and Zhao, Yulai and Black, Kevin and Hajiramezanali, Ehsan and Scalia, Gabriele and Diamant, Nathaniel Lee and Tseng, Alex M and Levine, Sergey and Biancalani, Tommaso},
  journal={arXiv preprint arXiv:2402.16359},
  year={2024}
}

@article{uehara2024fine,
  title={Fine-tuning of continuous-time diffusion models as entropy-regularized control},
  author={Uehara, Masatoshi and Zhao, Yulai and Black, Kevin and Hajiramezanali, Ehsan and Scalia, Gabriele and Diamant, Nathaniel Lee and Tseng, Alex M and Biancalani, Tommaso and Levine, Sergey},
  journal={arXiv preprint arXiv:2402.15194},
  year={2024}
}

@article{wang2024inference,
  title={Inference-Time Policy Steering through Human Interactions},
  author={Wang, Yanwei and Wang, Lirui and Du, Yilun and Sundaralingam, Balakumar and Yang, Xuning and Chao, Yu-Wei and Perez-D'Arpino, Claudia and Fox, Dieter and Shah, Julie},
  journal={arXiv preprint arXiv:2411.16627},
  year={2024}
}

@article{wang2024sparse-dp,
  title={Sparse diffusion policy: A sparse, reusable, and flexible policy for robot learning},
  author={Wang, Yixiao and Zhang, Yifei and Huo, Mingxiao and Tian, Ran and Zhang, Xiang and Xie, Yichen and Xu, Chenfeng and Ji, Pengliang and Zhan, Wei and Ding, Mingyu and others},
  journal={arXiv preprint arXiv:2407.01531},
  year={2024}
}

@article{wen2024diffusionvla,
  title={Diffusion-VLA: Scaling Robot Foundation Models via Unified Diffusion and Autoregression},
  author={Wen, Junjie and Zhu, Minjie and Zhu, Yichen and Tang, Zhibin and Li, Jinming and Zhou, Zhongyi and Li, Chengmeng and Liu, Xiaoyu and Peng, Yaxin and Shen, Chaomin and others},
  journal={arXiv preprint arXiv:2412.03293},
  year={2024}
}

@article{wen2024tinyvla,
  title={Tinyvla: Towards fast, data-efficient vision-language-action models for robotic manipulation},
  author={Wen, Junjie and Zhu, Yichen and Li, Jinming and Zhu, Minjie and Wu, Kun and Xu, Zhiyuan and Cheng, Ran and Shen, Chaomin and Peng, Yaxin and Feng, Feifei and others},
  journal={arXiv preprint arXiv:2409.12514},
  year={2024}
}

@article{yan2024dnact,
  title={Dnact: Diffusion guided multi-task 3d policy learning},
  author={Yan, Ge and Wu, Yueh-Hua and Wang, Xiaolong},
  journal={arXiv preprint arXiv:2403.04115},
  year={2024}
}

@inproceedings{yen2020learning,
  title={Learning to see before learning to act: Visual pre-training for manipulation},
  author={Yen-Chen, Lin and Zeng, Andy and Song, Shuran and Isola, Phillip and Lin, Tsung-Yi},
  booktitle={2020 IEEE International Conference on Robotics and Automation (ICRA)},
  pages={7286--7293},
  year={2020},
  organization={IEEE}
}

@inproceedings{ze20243d,
  title={3d diffusion policy: Generalizable visuomotor policy learning via simple 3d representations},
  author={Ze, Yanjie and Zhang, Gu and Zhang, Kangning and Hu, Chenyuan and Wang, Muhan and Xu, Huazhe},
  booktitle={ICRA 2024 Workshop on 3D Visual Representations for Robot Manipulation},
  year={2024}
}

@article{ze2024generalizable,
  title={Generalizable humanoid manipulation with improved 3d diffusion policies},
  author={Ze, Yanjie and Chen, Zixuan and Wang, Wenhao and Chen, Tianyi and He, Xialin and Yuan, Ying and Peng, Xue Bin and Wu, Jiajun},
  journal={arXiv preprint arXiv:2410.10803},
  year={2024}
}

@article{zhang2024grape,
  title={Grape: Generalizing robot policy via preference alignment},
  author={Zhang, Zijian and Zheng, Kaiyuan and Chen, Zhaorun and Jang, Joel and Li, Yi and Wang, Chaoqi and Ding, Mingyu and Fox, Dieter and Yao, Huaxiu},
  journal={arXiv preprint arXiv:2411.19309},
  year={2024}
}

@article{zhen20243d,
  title={3d-vla: A 3d vision-language-action generative world model},
  author={Zhen, Haoyu and Qiu, Xiaowen and Chen, Peihao and Yang, Jincheng and Yan, Xin and Du, Yilun and Hong, Yining and Gan, Chuang},
  journal={arXiv preprint arXiv:2403.09631},
  year={2024}
}

