@inproceedings{cong2024decoupled,
  title={Decoupled optimisation for long-tailed visual recognition},
  author={Cong, Cong and Xuan, Shiyu and Liu, Sidong and Zhang, Shiliang and Pagnucco, Maurice and Song, Yang},
  booktitle={AAAI},
  year={2024}
}

@article{ebrahimi2023lanistr,
  title={Lanistr: Multimodal learning from structured and unstructured data},
  author={Ebrahimi, Sayna and Arik, Sercan O and Dong, Yihe and Pfister, Tomas},
  journal={arXiv preprint arXiv:2305.16556},
  year={2023}
}

@inproceedings{hu2025ophnet,
  title={Ophnet: A large-scale video benchmark for ophthalmic surgical workflow understanding},
  author={Hu, Ming and Xia, Peng and Wang, Lin and Yan, Siyuan and Tang, Feilong and Xu, Zhongxing and Luo, Yimin and Song, Kaimin and Leitner, Jurgen and Cheng, Xuelian and others},
  booktitle={ECCV},
  year={2025},
}

@inproceedings{jue2019integrating,
  title={Integrating cross-modality hallucinated MRI with CT to aid mediastinal lung tumor segmentation},
  author={Jue, Jiang and Jason, Hu and Neelam, Tyagi and Andreas, Rimner and Sean, Berry L and Joseph, Deasy O and Harini, Veeraraghavan},
  booktitle={MICCAI},
  year={2019},
}

@inproceedings{li2023decoupled,
  title={Decoupled multimodal distilling for emotion recognition},
  author={Li, Yong and Wang, Yuanzhi and Cui, Zhen},
  booktitle={CVPR},
  year={2023}
}

@inproceedings{li2023missing,
  title={Missing-Modal Face Anti-Spoofing: A Benchmark},
  author={Li, Xuan and Li, Chen and Hu, Jia},
  booktitle={2023 8th International Conference on Image, Vision and Computing},
  year={2023},
  organization={IEEE}
}

@article{liu2021face,
  title={Face anti-spoofing via adversarial cross-modality translation},
  author={Liu, Ajian and Tan, Zichang and Wan, Jun and Liang, Yanyan and Lei, Zhen and Guo, Guodong and Li, Stan Z},
  journal={IEEE Transactions on Information Forensics and Security},
  year={2021},
  publisher={IEEE}
}

@inproceedings{miao2023multimodal,
  title={Multimodal Sentiment Analysis based on Supervised Contrastive Learning and Cross-modal Translation under Modalities Missing},
  author={Miao, Yuqing and Zhu, Gaowei and Liu, Tonglai and Zhang, Wanzhen and Wen, Yimin and Zhou, Ming},
  booktitle={2023 IEEE 14th International Symposium on Parallel Architectures, Algorithms and Programming},
  year={2023},
  organization={IEEE}
}

@inproceedings{peng2024parameter,
  title={Parameter efficient fine-tuning via cross block orchestration for segment anything model},
  author={Peng, Zelin and Xu, Zhengqin and Zeng, Zhilin and Xie, Lingxi and Tian, Qi and Shen, Wei},
  booktitle={Proceedings of the IEEE/CVF Conference on Computer Vision and Pattern Recognition},
  pages={3743--3752},
  year={2024}
}

@article{poudel2024car,
  title={CAR-MFL: Cross-Modal Augmentation by Retrieval for Multimodal Federated Learning with Missing Modalities},
  author={Poudel, Pranav and Shrestha, Prashant and Amgain, Sanskar and Shrestha, Yash Raj and Gyawali, Prashnna and Bhattarai, Binod},
  journal={arXiv preprint arXiv:2407.08648},
  year={2024}
}

@inproceedings{sun2024redcore,
  title={RedCore: Relative Advantage Aware Cross-Modal Representation Learning for Missing Modalities with Imbalanced Missing Rates},
  author={Sun, Jun and Zhang, Xinxin and Han, Shoukang and Ruan, Yu-Ping and Li, Taihao},
  booktitle={AAAI},
  year={2024}
}

@inproceedings{tang2023duat,
  title={DuAT: Dual-aggregation transformer network for medical image segmentation},
  author={Tang, Feilong and Xu, Zhongxing and Huang, Qiming and Wang, Jinfeng and Hou, Xianxu and Su, Jionglong and Liu, Jingxin},
  booktitle={PRCV},
  year={2023},
}

@article{tripathi2024multimodal,
  title={Multimodal transformer model improves survival prediction in lung cancer compared to unimodal approaches},
  author={Tripathi, Aakash and Waqas, Asim and Yilmaz, Yasin and Rasool, Ghulam},
  journal={Cancer Research},
  year={2024},
}

@inproceedings{wang2023distribution,
  title={Distribution-consistent modal recovering for incomplete multimodal learning},
  author={Wang, Yuanzhi and Cui, Zhen and Li, Yong},
  booktitle={ICCV},
  year={2023}
}

@inproceedings{xiong2023client,
  title={Client-Adaptive Cross-Model Reconstruction Network for Modality-Incomplete Multimodal Federated Learning},
  author={Xiong, Baochen and Yang, Xiaoshan and Song, Yaguang and Wang, Yaowei and Xu, Changsheng},
  booktitle={ACMMM},
  year={2023}
}

@inproceedings{xu2024polyp,
  title={Polyp-Mamba: Polyp Segmentation with Visual Mamba},
  author={Xu, Zhongxing and Tang, Feilong and Chen, Zhe and Zhou, Zheng and Wu, Weishan and Yang, Yuyao and Liang, Yu and Jiang, Jiyu and Cai, Xuyue and Su, Jionglong},
  booktitle={MICCAI},
  year={2024},
  organization={Springer}
}

@article{yang2023action,
  title={Action recognition with multi-stream motion modeling and mutual information maximization},
  author={Yang, Yuheng and Chen, Haipeng and Liu, Zhenguang and Lyu, Yingda and Zhang, Beibei and Wu, Shuang and Wang, Zhibo and Ren, Kui},
  journal={arXiv preprint arXiv:2306.07576},
  year={2023}
}

@inproceedings{zhang2024dept,
  title={Dept: Decoupled prompt tuning},
  author={Zhang, Ji and Wu, Shihan and Gao, Lianli and Shen, Heng Tao and Song, Jingkuan},
  booktitle={CVPR},
  year={2024}
}

@inproceedings{zhao2024sfc,
  title={Sfc: Shared feature calibration in weakly supervised semantic segmentation},
  author={Zhao, Xinqiao and Tang, Feilong and Wang, Xiaoyang and Xiao, Jimin},
  booktitle={AAAI},
  year={2024}
}

@inproceedings{zou2023reliable,
  title={Reliable multimodality eye disease screening via mixture of studentâ€™st distributions},
  author={Zou, Ke and Lin, Tian and Yuan, Xuedong and Chen, Haoyu and Shen, Xiaojing and Wang, Meng and Fu, Huazhu},
  booktitle={MICCAI},
  year={2023},
}

