@article{chollet2019measure,
  title={On the measure of intelligence},
  author={Chollet, Fran{\c{c}}ois},
  journal={arXiv preprint arXiv:1911.01547},
  year={2019}
}

@article{fleuret2011comparing,
  title={Comparing machines and humans on a visual categorization test},
  author={Fleuret, Fran{\c{c}}ois and Li, Ting and Dubout, Charles and Wampler, Emma K and Yantis, Steven and Geman, Donald},
  journal={Proceedings of the National Academy of Sciences},
  volume={108},
  number={43},
  pages={17621--17625},
  year={2011},
  publisher={National Acad Sciences}
}

@article{hill2019learning,
  title={Learning to make analogies by contrasting abstract relational structure},
  author={Hill, Felix and Santoro, Adam and Barrett, David GT and Morcos, Ari S and Lillicrap, Timothy},
  journal={arXiv preprint arXiv:1902.00120},
  year={2019}
}

@article{jiang2024marvel,
  title={MARVEL: Multidimensional Abstraction and Reasoning through Visual Evaluation and Learning},
  author={Jiang, Yifan and Zhang, Jiarui and Sun, Kexuan and Sourati, Zhivar and Ahrabian, Kian and Ma, Kaixin and Ilievski, Filip and Pujara, Jay},
  journal={arXiv preprint arXiv:2404.13591},
  year={2024}
}

@article{lu2023mathvista,
  title={Mathvista: Evaluating mathematical reasoning of foundation models in visual contexts},
  author={Lu, Pan and Bansal, Hritik and Xia, Tony and Liu, Jiacheng and Li, Chunyuan and Hajishirzi, Hannaneh and Cheng, Hao and Chang, Kai-Wei and Galley, Michel and Gao, Jianfeng},
  journal={arXiv preprint arXiv:2310.02255},
  year={2023}
}

@article{malkinski2022deep,
  title={Deep learning methods for abstract visual reasoning: A survey on raven's progressive matrices},
  author={Ma{\l}ki{\'n}ski, Miko{\l}aj and Ma{\'n}dziuk, Jacek},
  journal={arXiv preprint arXiv:2201.12382},
  year={2022}
}

@article{malkinski2023review,
  title={A review of emerging research directions in abstract visual reasoning},
  author={Ma{\l}ki{\'n}ski, Miko{\l}aj and Ma{\'n}dziuk, Jacek},
  journal={Information Fusion},
  volume={91},
  pages={713--736},
  year={2023},
  publisher={Elsevier}
}

@inproceedings{mandziuk2019deepiq,
  title={DeepIQ: A human-inspired AI system for solving IQ test problems},
  author={Ma{\'n}dziuk, Jacek and {\.Z}ychowski, Adam},
  booktitle={2019 International Joint Conference on Neural Networks (IJCNN)},
  pages={1--8},
  year={2019},
  organization={IEEE}
}

@incollection{raven2003raven,
  title={Raven progressive matrices},
  author={Raven, Jean},
  booktitle={Handbook of nonverbal assessment},
  pages={223--237},
  year={2003},
  publisher={Springer}
}

@inproceedings{webb2020learning,
  title={Learning representations that support extrapolation},
  author={Webb, Taylor and Dulberg, Zachary and Frankland, Steven and Petrov, Alexander and Oâ€™Reilly, Randall and Cohen, Jonathan},
  booktitle={International conference on machine learning},
  pages={10136--10146},
  year={2020},
  organization={PMLR}
}

@inproceedings{zhang2019raven,
  title={Raven: A dataset for relational and analogical visual reasoning},
  author={Zhang, Chi and Gao, Feng and Jia, Baoxiong and Zhu, Yixin and Zhu, Song-Chun},
  booktitle={Proceedings of the IEEE/CVF conference on computer vision and pattern recognition},
  pages={5317--5327},
  year={2019}
}

@inproceedings{zhang2020machine,
  title={Machine number sense: A dataset of visual arithmetic problems for abstract and relational reasoning},
  author={Zhang, Wenhe and Zhang, Chi and Zhu, Yixin and Zhu, Song-Chun},
  booktitle={Proceedings of the AAAI Conference on Artificial Intelligence},
  volume={34},
  number={02},
  pages={1332--1340},
  year={2020}
}

