@article{BartoCollapse,
  author    = {Libor Barto},
  title     = {The collapse of the bounded width hierarchy},
  journal   = {J. Log. Comput.},
  volume    = {26},
  number    = {3},
  pages     = {923--943},
  year      = {2016},
  url       = {https://doi.org/10.1093/logcom/exu070},
  doi       = {10.1093/logcom/exu070},
  timestamp = {Sat, 16 Sep 2017 12:07:02 +0200},
  biburl    = {https://dblp.org/rec/journals/logcom/Barto16.bib},
  bibsource = {dblp computer science bibliography, https://dblp.org}
}

@article{BartoKozikBoundedWidth,
  author    = {Libor Barto and
               Marcin Kozik},
  title     = {Constraint Satisfaction Problems Solvable by Local Consistency Methods},
  journal   = {J. {ACM}},
  volume    = {61},
  number    = {1},
  pages     = {3:1--3:19},
  year      = {2014},
  url       = {https://doi.org/10.1145/2556646},
  doi       = {10.1145/2556646},
  timestamp = {Tue, 06 Nov 2018 12:51:45 +0100},
  biburl    = {https://dblp.org/rec/journals/jacm/BartoK14.bib},
  bibsource = {dblp computer science bibliography, https://dblp.org}
}

@article{BodirskyDalmau,
  author    = {Manuel Bodirsky and
               V{\'{\i}}ctor Dalmau},
  title     = {Datalog and constraint satisfaction with infinite templates},
  journal   = {J. Comput. Syst. Sci.},
  volume    = {79},
  number    = {1},
  pages     = {79--100},
  year      = {2013},
  url       = {https://doi.org/10.1016/j.jcss.2012.05.012},
  doi       = {10.1016/j.jcss.2012.05.012},
  timestamp = {Tue, 06 Jun 2017 22:27:37 +0200},
  biburl    = {https://dblp.org/rec/journals/jcss/BodirskyD13.bib},
  bibsource = {dblp computer science bibliography, https://dblp.org},
  note      = {A conference version appeared in the Proceedings of the 34th Symposium on Theoretical Aspects of Computer Science (STACS 2006), pages 646--659}
}

@InProceedings{DalmauPearson,
author = {V\'ictor Dalmau and Justin Pearson},
  title = 	 {Closure Functions and Width 1 Problems},
  booktitle = 	 {Proceedings of the International Conference on Principles and Practice of Constraint Programming (CP)},
  year = 	 1999,
  doi={10.1007/978-3-540-48085-3_12},
  pages = {159-173}
}

@article{FederVardi,
  author        = {Tom{\'{a}}s Feder and
                   Moshe Y. Vardi},
  title         = {The computational structure of monotone monadic {SNP} and constraint satisfaction: {A} study through {D}atalog and group theory},
  doi={10.1137/S0097539794266766},
  journal       = {SIAM Journal on Computing},
  volume        = {28},
  number        = {1},
  pages         = {57--104},
  year          = {1998}
}

@article{Jonssonterms,
author = {Barto, Libor and Kozik, Marcin},
title = {Congruence Distributivity Implies Bounded Width},
journal = {SIAM Journal on Computing},
volume = {39},
number = {4},
pages = {1531-1542},
year = {2010},
doi = {10.1137/080743238}
}

@article{NagyP24,
  author       = {Tom{\'{a}}s Nagy and
                  Michael Pinsker},
  title        = {Strict width for Constraint Satisfaction Problems over homogeneous
                  strucures of finite duality},
  journal      = {CoRR},
  volume       = {abs/2402.09951},
  year         = {2024},
  url          = {https://doi.org/10.48550/arXiv.2402.09951},
  doi          = {10.48550/ARXIV.2402.09951},
  eprinttype    = {arXiv},
  eprint       = {2402.09951},
  timestamp    = {Tue, 20 Feb 2024 11:28:09 +0100},
  biburl       = {https://dblp.org/rec/journals/corr/abs-2402-09951.bib},
  bibsource    = {dblp computer science bibliography, https://dblp.org}
}

@article{ReductsUnary,
  author        = {Manuel Bodirsky and
                   Antoine Mottet},
  title         = {A Dichotomy for First-Order Reducts of Unary Structures},
  journal       = {Logical Methods in Computer Science},
  volume        = {14},
  number        = {2},
  year          = {2018}
}

@inproceedings{SmoothApproximations,
author = {Mottet, Antoine and Pinsker, Michael},
title = {Smooth approximations and CSPs over finitely bounded homogeneous structures},
year = {2022},
isbn = {9781450393515},
publisher = {Association for Computing Machinery},
address = {New York, NY, USA},
url = {https://doi.org/10.1145/3531130.3533353},
doi = {10.1145/3531130.3533353},
booktitle = {Proceedings of the 37th Annual ACM/IEEE Symposium on Logic in Computer Science},
articleno = {36},
numpages = {13},
location = {Haifa, Israel},
series = {LICS '22}
}

@unpublished{SymmetriesEnough,
  doi = {10.48550/ARXIV.2102.07531},
  author = {Antoine Mottet and
                   Tom{\'{a}}\v s Nagy and
                   Michael Pinsker and
                   Micha{\l} Wrona},
  title = {When symmetries are enough: collapsing the bounded width hierarchy for infinite-domain {CSP}s},
  note = {arxiv:2102.07531},
  publisher = {arXiv},
  url={https://doi.org/10.48550/arXiv.2102.07531},
  year = {2022}
}

@inproceedings{Wrona:2020a,
  author    = {Micha\l\ Wrona},
  editor    = {Christophe Paul and
               Markus Bl{\"{a}}ser},
  title     = {Relational Width of First-Order Expansions of Homogeneous Graphs with
               Bounded Strict Width},
  booktitle = {37th International Symposium on Theoretical Aspects of Computer Science,
               {STACS} 2020, March 10-13, 2020, Montpellier, France},
  series    = {LIPIcs},
  volume    = {154},
  pages     = {39:1--39:16},
  publisher = {Schloss Dagstuhl - Leibniz-Zentrum f{\"{u}}r Informatik},
  year      = {2020},
  url       = {https://doi.org/10.4230/LIPIcs.STACS.2020.39},
  doi       = {10.4230/LIPIcs.STACS.2020.39},
  timestamp = {Thu, 19 Mar 2020 10:24:28 +0100},
  biburl    = {https://dblp.org/rec/conf/stacs/Wrona20.bib},
  bibsource = {dblp computer science bibliography, https://dblp.org}
}

@inproceedings{Wrona:2020b,
  author    = {Micha\l\ Wrona},
  editor    = {Holger Hermanns and
               Lijun Zhang and
               Naoki Kobayashi and
               Dale Miller},
  title     = {On The Relational Width of First-Order Expansions of Finitely Bounded Homogeneous Binary Cores with Bounded Strict Width},
  booktitle = {{LICS} '20: 35th Annual {ACM/IEEE} Symposium on Logic in Computer
               Science, Saarbr{\"{u}}cken, Germany, July 8-11, 2020},
  address   = {Saarbr{\"{u}}cken},
  pages     = {958--971},
  publisher = {{ACM}},
  year      = {2020},
  url       = {https://doi.org/10.1145/3373718.3394781},
  doi       = {10.1145/3373718.3394781},
  timestamp = {Tue, 02 Jun 2020 17:19:31 +0200},
  biburl    = {https://dblp.org/rec/conf/lics/Wrona20.bib},
  bibsource = {dblp computer science bibliography, https://dblp.org}
}

@article{WronaQuasiDirected,
  author       = {Michal Wrona},
  title        = {Quasi Directed Jonsson Operations Imply Bounded Width (For fo-expansions
                  of symmetric binary cores with free amalgamation)},
  journal      = {CoRR},
  volume       = {abs/2402.16540},
  year         = {2024},
  url          = {https://doi.org/10.48550/arXiv.2402.16540},
  doi          = {10.48550/ARXIV.2402.16540},
  eprinttype    = {arXiv},
  eprint       = {2402.16540},
  timestamp    = {Mon, 25 Mar 2024 15:38:17 +0100},
  biburl       = {https://dblp.org/rec/journals/corr/abs-2402-16540.bib},
  bibsource    = {dblp computer science bibliography, https://dblp.org}
}

@unpublished{hypergraphs,
      doi = {10.48550/arXiv.2301.12977},
      title={An order out of nowhere: a new algorithm for infinite-domain {CSP}s}, 
      author={Antoine Mottet and Michael Pinsker and Tom\'a\v{s} Nagy},
      url={https://doi.org/10.48550/arXiv.2301.12977},
      year={2023},
      eprint={2301.12977},
      archivePrefix={arXiv},
      primaryClass={cs.LO},
      note = {arXiv.2301.12977},
}

